3552 5654
692 684 739 730 DE
763 683 855 751 Juuu
883 683 1066 730 annuunt.
1092 685 1170 732 chu.
1196 685 1263 732 vm

1166 843 1306 926 optimus
1330 839 1388 905 ille

564 947 741 1033 Militiae,
765 952 820 1014 cui
834 961 1037 1035 postremum
1056 951 1269 1036 primamque
1293 952 1385 1015 tueri

563 1059 659 1126 Inter
679 1060 766 1126 bella
784 1057 896 1144 fidam.
1099 1130 1102 1138 ¹

430 1167 479 1234 Ita
509 1183 548 1234 ut
578 1189 638 1235 nec
664 1185 772 1238 metus
795 1169 983 1254 accipienda
1005 1168 1050 1234 sit
1073 1168 1261 1252 excusatio,
1285 1189 1359 1236 cum
1380 1169 1476 1238 etiam
1500 1171 1558 1254 qui

388 1278 463 1344 mali
487 1279 612 1346 vitandi
635 1299 731 1348 causa
754 1280 934 1364 quidquam
958 1278 1128 1364 promisit,
1151 1299 1268 1365 negare
1283 1299 1351 1347 non
1370 1280 1476 1364 possit
1495 1283 1559 1350 hoc

388 1409 424 1456 se
447 1410 544 1473 quarn
567 1392 703 1458 alterum
727 1390 888 1458 maluisse.
933 1391 1099 1457 Voluntas
1122 1388 1223 1474 igitur
1245 1391 1308 1458 hoc
1329 1391 1429 1458 modo
1450 1408 1559 1459 coacta

387 1502 543 1569 voluntas
566 1516 635 1584 est,
668 1517 700 1570 et
722 1501 905 1570 adversario
928 1500 1111 1587 significata
1134 1501 1270 1588 obligat.
1315 1503 1391 1590 Qua
1413 1502 1448 1570 in
1468 1517 1559 1586 parte

388 1612 618 1695 theologorum
636 1622 645 1656 ¹
662 1612 765 1698 magis
787 1611 990 1695 sententiae,
1010 1631 1107 1695 quam
1124 1612 1386 1698 jurisperitorum
1408 1613 1558 1680 standum

389 1736 451 1789 est.
480 1721 532 1788 Illi
554 1721 639 1790 enim
660 1723 817 1790 rationem
836 1738 1020 1806 sequuntur
1037 1726 1240 1807 naturalem,
1257 1724 1292 1790 hi
1311 1743 1391 1792 vero
1409 1724 1560 1791 instituta

389 1831 521 1917 civilia,
546 1853 629 1916 quae
660 1833 812 1900 utilitatis
836 1834 975 1919 alicuius
998 1854 1095 1900 causa
1116 1833 1311 1918 permittunt
1341 1834 1413 1900 fieri
1442 1855 1558 1919 saepe,

251 1948 321 1996 Nota
335 1946 373 2014 it
390 1944 482 2026 quod
504 1943 628 2027 alioqui
651 1943 758 2011 facere
780 1963 847 2012 non
870 1944 957 2011 licet.
999 1944 1165 2012 Voluntas
1185 1961 1377 2012 autemnon
1395 1944 1561 2013 federibus

253 2004 362 2050 tlaratso·

391 2069 516 2121 tantum
534 2069 567 2122 et
583 2055 711 2139 pactis,
735 2055 792 2121 sed
810 2055 919 2122 tacitis
939 2055 1035 2122 ctiam
1045 2056 1178 2141 iudiciis
1190 2055 1411 2141 adstringitur.
1437 2055 1561 2139 siquis

390 2165 491 2250 igitur
506 2165 667 2250 praesidia
686 2166 824 2251 alicujus
842 2166 958 2248 intrat,
976 2166 1020 2233 ita
1040 2181 1077 2234 ut
1095 2168 1157 2234 sub
1174 2167 1278 2251 ipsius
1295 2167 1338 2232 sit
1356 2167 1561 2251 possessione

389 2290 489 2360 atque
511 2291 696 2361 potestate,
720 2277 749 2345 is
769 2277 803 2344 in
820 2276 856 2344 id
876 2292 1003 2361 tempus
1018 2292 1141 2360 partem
1160 2297 1196 2344 se
1218 2277 1459 2360 quodammodo
1481 2277 1562 2344 facit

390 2388 461 2473 eius
482 2389 647 2473 corporis,
668 2405 700 2455 et
717 2388 802 2456 nihil
820 2408 855 2455 se
874 2403 985 2454 contra
1004 2390 1075 2474 ejus
1094 2391 1230 2455 salutem
1252 2404 1415 2455 statumve
1435 2388 1561 2471 imperii

390 2499 650 2566 machinaturum
677 2499 808 2567 silentio
837 2499 915 2568 satis
942 2499 1125 2583 profitetur.
1170 2499 1219 2566 Ita
1239 2500 1424 2583 proditores
1447 2514 1480 2567 et
1501 2499 1562 2565 im·

390 2611 508 2678 missos
540 2609 694 2692 sicarios,
726 2612 899 2694 multoque
919 2611 1021 2696 magis
1041 2610 1207 2679 veneficos
1231 2611 1475 2692 detestamur²,
1496 2610 1560 2676 hoc

391 2721 487 2789 etiam
509 2741 609 2789 seusu
629 2736 669 2788 ut
688 2741 755 2789 non
771 2721 879 2790 minus
893 2722 1040 2809 jubendo
1061 2742 1158 2806 quam
1171 2721 1380 2804 exsequendo
1393 2720 1561 2804 delinqua-

389 2848 463 2915 tur,
477 2833 655 2916 eademque
672 2834 767 2918 culpa
782 2848 815 2901 et
827 2848 981 2901 emtorem
1000 2836 1155 2900 scelerum
1173 2847 1282 2900 teneat
1295 2847 1328 2900 et
1342 2831 1561 2909 venditorem,

391 2944 608 3029 videmusque
631 2945 710 3011 haec
740 2944 818 3012 talia
840 2959 966 3012 veteres
988 2945 1156 3012 Romanos
1178 2963 1356 3026 numquam
1377 2961 1561 3026 usurpasse.

391 3056 565 3122 Caeterum
586 3054 663 3120 belli
685 3054 822 3121 insidiae
841 3055 948 3140 justae
969 3070 1048 3121 sunt
1068 3074 1297 3138 omnes,quas
1318 3053 1463 3137 prudens
1484 3053 1562 3120 hos·

391 3166 434 3234 tis
462 3185 528 3232 non
557 3165 717 3231 immerito
749 3180 873 3233 metuat
910 3180 944 3231 et
973 3165 1006 3231 in
1038 3165 1161 3248 quibus
1195 3167 1285 3232 nulla
1319 3178 1368 3230 est
1400 3163 1562 3230 amicitiae

391 3276 569 3344 simulatio.
617 3275 698 3342 Cum
719 3281 792 3362 quis
803 3277 936 3363 justum
955 3274 1075 3342 bellum
1095 3279 1292 3363 susceperit,
1314 3288 1429 3341 utrum
1448 3288 1563 3361 aperte

385 3401 513 3475 pugnet
541 3407 586 3452 an
612 3408 653 3452 ex
678 3387 811 3454 insidiis
831 3387 922 3452 nihil
939 3387 1171 3472 adjustitiam
1192 3390 1332 3452 interest
1351 3388 1374 3453 ¹.
1419 3385 1465 3452 Et
1488 3386 1563 3451 hac·

391 3514 487 3567 tenus
509 3499 654 3582 Ulpiano
680 3514 712 3565 et
746 3498 923 3564 Socraticis
943 3500 954 3536 ⁴
978 3497 1172 3566 assentimur
1198 3499 1322 3564 bonum
1352 3515 1422 3564 esse
1449 3498 1561 3564 dolum

391 3610 449 3695 qui
471 3611 627 3678 adversus
646 3610 772 3676 hostem
795 3628 892 3677 usum
915 3610 1023 3675 habet.
1046 3608 1148 3697 Quod
1168 3607 1269 3694 igitur
1288 3607 1386 3674 modo
1398 3608 1560 3687 diximus,

388 3723 477 3807 juste
497 3722 565 3808 geri
585 3722 707 3788 bellum
720 3721 760 3786 ab
782 3721 834 3786 his
858 3720 915 3803 qui
933 3734 1050 3804 sponte
1063 3734 1198 3805 gerunt,
1223 3733 1385 3801 quatenus
1407 3718 1491 3786 intra
1507 3721 1562 3804 jus

390 3849 499 3902 manet
522 3847 554 3900 et
581 3833 666 3900 intra
684 3851 838 3915 personas
863 3832 929 3917 juri
952 3831 1131 3917 obligatas,
1152 3829 1449 3914 interpretationem
1479 3830 1562 3895 hanc

425 4115 524 4166 ¹Fem.
547 4117 620 4166 Diae.
644 4118 676 4167 ad
699 4117 789 4166 ducem
814 4115 916 4178 Regini.
939 4130 991 4178 reg.
1016 4128 1039 4173 5.
1063 4115 1094 4164 V.
1118 4115 1179 4165 silv.
1203 4115 1229 4164 in
1252 4131 1278 4164 v.
1302 4116 1408 4165 Bellum.
1438 4129 1460 4167 1.
1487 4130 1512 4164 n.
1538 4131 1563 4179 9.

390 4208 522 4257 Pantheol.
536 4208 610 4256 Rain.
628 4207 720 4256 Pisani.
738 4208 764 4272 in
781 4223 807 4257 v.
825 4209 931 4257 Bellum.
949 4221 972 4257 c.
991 4219 1014 4263 5.
1032 4208 1110 4256 Mart.
1127 4209 1205 4255 Laud.
1222 4221 1247 4268 q.
1266 4203 1307 4268 24'.
1333 4202 1344 4239 ¹
1360 4206 1392 4256 V.
1410 4207 1469 4255 Alb.
1487 4208 1562 4256 Gent.

391 4300 423 4346 de
440 4296 496 4355 jure
513 4298 585 4346 belli.
602 4299 619 4345 1.
637 4311 661 4345 a.
676 4311 699 4345 c.
718 4310 741 4355 3.
758 4310 783 4358 4.
802 4308 825 4354 s.
843 4309 868 4346 et
886 4311 940 4358 seq.
974 4295 985 4328 ⁸
1002 4300 1108 4358 August.
1127 4300 1229 4362 Quaest.
1248 4300 1265 4346 l.
1281 4298 1306 4347 ό.
1324 4311 1349 4358 q.
1370 4311 1410 4347 to.
1428 4298 1521 4347 citatur
1536 4297 1563 4346 in

391 4401 414 4437 c.
431 4387 563 4436 Dominus.
582 4387 670 4451 [Dect.
689 4390 758 4436 Grat.
775 4403 801 4449 p.
820 4402 844 4436 a.
863 4401 903 4446 23.
923 4402 946 4436 a.
965 4387 1002 4451 c.]
1038 4387 1049 4420 ⁴
1066 4390 1083 4436 l.
1106 4401 1126 4436 1.
1146 4391 1169 4446 5.
1187 4401 1240 4436 non
1258 4389 1316 4437 fuit.
1336 4387 1362 4436 tf.
1380 4390 1412 4438 de
1433 4390 1503 4438 dolo.
1519 4389 1564 4450 [D.

390 4491 415 4538 4.
436 4489 458 4535 3.
483 4491 503 4526 r.
519 4479 541 4539 §.
563 4479 598 4540 3.]
616 4479 688 4526 Plato
706 4479 738 4526 de
755 4491 809 4539 rep.
828 4480 845 4526 1.
864 4492 885 4526 2.
907 4479 945 4540 [p.
965 4481 1022 4536 382.
1040 4479 1076 4540 c.]
1097 4491 1121 4526 et
1148 4480 1166 4526 l.
1193 4492 1215 4537 3.
1243 4477 1279 4542 [p.
1305 4482 1362 4540 389.
1386 4477 1422 4542 h]
1448 4481 1563 4540 Xenoph.

392 4569 489 4614 comm.
507 4569 524 4615 l.
543 4582 567 4629 4
587 4569 622 4629 [c.
640 4581 664 4616 a.
684 4571 705 4626 ς.
726 4581 763 4624 15·
783 4569 832 4630 sq.]
852 4571 928 4617 Mart.
946 4571 1023 4618 Laud.
1042 4583 1067 4629 q.
1084 4583 1125 4631 44.
