3536 5692
494 634 541 680 na
565 635 659 701 June
687 634 868 679 nnnrnnr.
894 633 973 679 cnr.
999 633 1078 679 xrrr.
1310 617 1373 695 289

197 787 387 871 potuerint,
409 788 504 871 iussu
525 808 565 853 an
587 788 715 872 injussu
736 787 866 870 spoliati
887 787 952 853 sint
969 788 1113 870 ipsorum
1126 785 1210 852 nihil
1222 786 1368 852 interest.

198 898 377 966 Distinctio
399 901 477 965 haec
499 920 517 963 a
537 914 652 964 senatu
671 899 936 983 Carthaginiensi
965 919 1032 964 non
1051 899 1257 964 incommode
1276 918 1371 964 usur-

198 1026 273 1093 pata
296 1026 346 1078 est
375 1012 531 1077 adversus
561 1011 729 1075 Romanos
758 1011 798 1076 dc
822 1010 998 1076 Annibalis
1025 1009 1112 1075 facto
1142 1009 1371 1090 inquirentes,

199 1121 321 1202 quibus
342 1142 444 1187 unum
466 1142 481 1185 e
503 1121 708 1203 principibus
730 1122 849 1188 Poenis
870 1121 915 1186 ita
927 1121 1133 1204 respondisse
1147 1120 1371 1202 accepimus¹:

199 1233 271 1317 Ego
304 1248 410 1298 autem
439 1252 504 1298 non
528 1232 657 1314 privato
681 1232 857 1314 publicone
879 1232 1017 1298 consilio
1042 1233 1222 1316 Saguntum
1245 1251 1374 1315 oppug-

200 1358 312 1408 natum
345 1343 410 1422 sit,
435 1343 654 1425 quaerendum
678 1363 818 1422 censeo,
843 1345 900 1408 sed
924 1359 1039 1408 utrum
1056 1345 1139 1428 jure
1162 1365 1207 1407 en
1230 1343 1373 1427 injuria.

205 1432 337 1518 Nosira
357 1457 442 1517 enim
465 1456 545 1519 haee
562 1458 710 1538 quaestio
732 1468 832 1539 etque
854 1455 1099 1522 animadversio
1122 1458 1159 1519 in
1179 1458 1280 1520 eirena
1303 1474 1374 1516 nos-

204 1579 295 1629 trum
320 1579 389 1645 est,
414 1579 525 1629 nostra
550 1587 594 1630 an
617 1567 810 1650 raafeeerit
832 1567 979 1630 arbitria
993 1589 1005 1630 .·
1029 1567 1193 1658 nobiseum
1215 1587 1283 1630 une
1308 1564 1374 1629 dis-

202 1680 346 1762 ceptatio
370 1690 438 1756 est,
462 1675 640 1740 licueritne
655 1691 720 1762 per
737 1676 857 1757 foedus
874 1675 963 1758 fieri.
987 1677 1157 1764 Quantum
1180 1678 1220 1741 ad
1241 1677 1375 1743 Lusita-

188 1804 262 1852 *nos
283 1787 406 1871 igitur,
430 1787 525 1852 licuit
548 1788 616 1852 sine
636 1787 739 1852 dubio
763 1787 854 1868 quod
875 1786 995 1852 factum
1020 1803 1069 1853 est
1088 1787 1206 1854 facere.
1232 1787 1374 1854 Ordines

201 1913 308 1963 autem
322 1914 386 1963 tam
399 1898 580 1978 foederati,
594 1919 691 1980 quam
706 1899 923 1979 Hollandiae,
940 1900 981 1966 ad
999 1919 1085 1980 quos
1105 1902 1204 1966 altera
1224 1899 1374 1981 quaestio

201 2010 364 2091 pertinet,
389 2011 535 2093 (tantum
558 2011 650 2077 abest
670 2026 710 2075 ut
730 2011 853 2076 factum
877 2011 941 2076 hoc
962 2011 1128 2078 societatis
1146 2011 1275 2076 Indicae
1288 2013 1374 2096 ejus·

202 2142 265 2202 que
296 2121 561 2187 administrorum
595 2121 903 2208 condemnaverint)
938 2141 1004 2187 non
1037 2137 1164 2189 tantum
1199 2122 1374 2204 partitione

201 2232 360 2314 praedae,
394 2253 507 2297 verum
538 2232 690 2314 praemiis
714 2232 810 2297 etiam
842 2248 875 2298 ct
896 2231 1079 2299 honoribus
1101 2233 1374 2315 comprobarunt:

202 2343 247 2407 ita
281 2358 319 2408 ut
353 2343 479 2408 etiamsi
513 2344 699 2408 mandatum
731 2363 797 2409 non
832 2343 1015 2425 adfuisset,
1050 2344 1077 2409 is
1098 2359 1206 2409 tamen
1229 2343 1375 2410 defectus

203 2469 295 2536 gesto
319 2453 443 2519 utiliter
464 2454 599 2538 negotio
622 2454 757 2538 publico
777 2469 809 2519 et
826 2455 919 2535 quasi
932 2469 1019 2520 retro
1032 2469 1133 2520 tracta
1145 2455 1375 2522 ratihabitione

203 2567 411 2647 suppleretur
432 2569 443 2603 ²
488 2565 609 2646 Neque
632 2581 739 2631 tamen
763 2587 875 2632 verum
900 2580 1033 2631 estnon
1056 2567 1264 2633 antecessisse
1286 2587 1375 2631 man-

204 2676 326 2743 datum.
371 2677 513 2743 Constat
536 2677 621 2742 enim
646 2692 677 2742 et
699 2677 829 2743 decreto
852 2677 1014 2743 Ordinum
1039 2678 1234 2744 Hollandiae
1257 2680 1374 2760 proba·
1389 2687 1520 2802 segur&

205 2804 281 2869 tur,
305 2792 409 2854 multo
429 2803 603 2870 antequam
627 2788 889 2871 proficisceretur
913 2789 1169 2854 Hemskerckius
1193 2789 1375 2855 admonitos

204 2901 244 2965 ab
268 2899 451 2966 Ordinibus
474 2900 603 2965 Indicae
635 2899 800 2966 societatis
831 2900 1057 2983 praepositos,
1086 2920 1171 2983 opus
1203 2919 1273 2968 esse
1297 2900 1376 2983 ipsis
1459 2941 1462 2951 f

205 3012 245 3077 ad
277 3011 509 3097 negotiationis
541 3031 619 3078 suae
650 3014 784 3077 tutelam
812 3011 855 3077 ita
876 3031 910 3076 sc
935 3031 1129 3094 componere
1152 3026 1184 3077 et
1208 3012 1303 3079 armis
1326 3012 1376 3076 in-

206 3139 352 3206 struere,
377 3139 501 3190 utnon
525 3137 649 3190 tantum
667 3106 802 3207 possent
822 3123 958 3188 hostiles
980 3123 1214 3190 Lusitanorum
1238 3139 1376 3189 conatus

205 3256 337 3317 arcere,
360 3256 473 3300 verum
496 3234 578 3318 ipsis
599 3236 686 3301 ultro
707 3235 829 3300 bellum
854 3234 984 3300 inferre.
1007 3236 1058 3299 En
1076 3234 1177 3320 igitur
1188 3237 1374 3301 mandatum

205 3346 345 3430 supremi
370 3347 595 3431 magistratus,
620 3347 711 3428 quod
731 3347 846 3429 procul
870 3346 972 3412 dubio
986 3347 1134 3412 sufficere
1147 3347 1253 3413 debet.
1280 3347 1375 3412 Nihil

205 3473 312 3524 autem
334 3457 463 3524 facilius
490 3457 555 3524 fuit
578 3479 698 3540 quam,
721 3457 750 3522 si
773 3477 856 3541 opus
885 3458 1073 3537 videretur,
1097 3475 1222 3541 praeter
1245 3459 1374 3525 manda-

204 3585 274 3634 tum
307 3571 394 3651 hoc,
429 3569 601 3635 codicillos
632 3589 706 3635 cum
747 3568 944 3651 amplissima
978 3569 1074 3635 etiam
1106 3584 1266 3652 potestate
1298 3570 1376 3636 belli

175 3720 178 3728 ,
206 3682 338 3763 publice
367 3681 521 3766 gerendi,
546 3680 604 3761 qui
634 3679 755 3745 nemini
779 3679 888 3763 negari
918 3683 1046 3759 solent,
1085 3682 1124 3746 ab
1154 3681 1375 3747 illustrissimo

206 3793 358 3874 Principe
382 3791 541 3858 Mauritio
571 3792 752 3873 impetrare.
806 3791 871 3856 Sed
901 3790 978 3856 alibi
1009 3811 1143 3872 quoque
1173 3793 1376 3859 ostendimus
1389 3815 1413 3860 n
1418 3815 1536 3874 fineen.

208 3923 276 3968 eam
297 3918 458 3987 perpetuo
481 3901 584 3967 fuisse
607 3901 803 3966 Batavorum
827 3902 1017 3981 lenitatem,
1035 3917 1072 3965 ut
1087 3902 1252 3984 seposita,
1266 3904 1377 3985 quoad

210 4016 280 4099 ejus
304 4015 375 4080 lieri
403 4028 553 4097 poterat,
578 4012 655 4077 belli
676 4011 801 4094 publici
824 4032 923 4077 causa
944 4028 1070 4078 tantum
1094 4014 1133 4078 ab
1157 4013 1286 4098 injuriis
1308 4016 1376 4080 Lu·

209 4126 389 4192 sitanorum
427 4125 491 4192 tuti
524 4145 593 4191 esse
623 4125 768 4205 vellent,
799 4141 866 4188 non
895 4122 960 4188 nisi
988 4123 1180 4190 necessitate
1203 4126 1318 4192 ultima
1338 4127 1379 4192 ad

272 4385 328 4432 Liv.
355 4386 399 4433 lib.
428 4400 467 4434 21.
495 4385 530 4449 [c.
560 4387 609 4447 18.]
647 4383 698 4434 ²c.
726 4383 940 4434 ratihabitionem.
959 4386 990 4434 de
1009 4387 1040 4434 R.
1059 4387 1078 4434 1.
1104 4386 1130 4434 in
1157 4387 1193 4436 6⁰.
1220 4387 1335 4451 [Decret.
1353 4390 1379 4437 in

207 4474 246 4526 6⁰.
265 4491 288 4533 5.
308 4491 347 4525 12.
368 4477 418 4540 10.]

1188 4587 1225 4651 19
