3546 5654
394 657 457 720 242
698 659 745 707 nu
769 661 862 727 Juns
889 649 1074 708 rnnaonll.
1099 653 1178 707 cnr.
1203 651 1271 706 xri.

391 811 464 877 dam
488 831 635 878 exercere
647 817 797 882 volentes
816 813 1042 898 prohibuisset
1055 830 1205 896 semper,
1229 833 1295 880 non
1313 827 1419 879 tamen
1432 833 1567 895 omnes,

391 925 469 1006 quia
499 925 554 990 alii
584 923 717 992 fuerunt
747 927 930 1011 prohibiti,
964 921 1018 992 alii
1041 942 1120 992 vero
1141 926 1242 991 libere
1267 939 1504 1006 exercuerunt,
1532 927 1569 991 id

393 1035 524 1117 quidem
549 1052 615 1102 non
638 1039 802 1104 sufficeret
826 1054 866 1105 ex
889 1041 1061 1104 doctorum
1086 1037 1258 1103 sententia.
1284 1039 1434 1120 Apparet
1457 1051 1568 1103 autem

392 1146 510 1214 debere
531 1149 611 1214 haec
632 1149 741 1214 omitia
761 1163 978 1232 concurrere,
1003 1165 1073 1215 tum
1094 1150 1173 1232 quia
1192 1141 1442 1232 praescriptioni
1461 1169 1569 1214 rerum

393 1259 598 1342 publicarum
631 1263 683 1326 lex
716 1261 848 1328 inimica
881 1275 951 1343 est,
985 1277 1055 1327 tum
1088 1276 1126 1326 ut
1157 1261 1308 1326 videatur
1343 1261 1569 1344 praescribens

392 1372 466 1455 jure
486 1387 569 1455 suo,
590 1387 656 1438 non
689 1389 796 1439 autem
831 1373 995 1440 communi
1029 1391 1133 1452 usus,
1166 1372 1266 1455 idque
1296 1391 1362 1438 non
1387 1373 1570 1456 interrupta

394 1483 613 1565 possessione.
668 1485 755 1550 Cum
791 1499 897 1550 autem
933 1499 1062 1567 tempus
1097 1486 1308 1566 postulatur,
1352 1462 1448 1568 cujus
1482 1477 1569 1550 initii

393 1613 460 1660 non
489 1610 593 1660 exstet
621 1596 796 1676 memoria,
828 1609 895 1662 non
924 1613 1049 1678 semper
1080 1595 1224 1676 sufficit,
1255 1607 1293 1660 ut
1323 1596 1439 1678 optimi
1469 1597 1569 1660 inter-

312 1793 316 1800 ·
394 1721 502 1788 pratas
537 1703 716 1774 ostendunt
743 1715 776 1787 ¹,
811 1709 950 1790 probare
984 1708 1106 1772 saeculi
1142 1701 1292 1789 lapsum,
1328 1707 1385 1773 sed
1419 1722 1569 1772 constare

397 1832 526 1900 oportet
560 1816 676 1883 famam
709 1818 755 1883 rei
786 1839 803 1882 a
827 1818 1004 1904 majoribus
1037 1818 1077 1883 ad
1110 1837 1170 1884 nos
1191 1818 1437 1901 transmissam,
1460 1820 1505 1884 lta
1533 1833 1571 1883 ut

396 1943 492 1995 nemo
514 1931 678 2012 supersit,
712 1930 770 2013 qul
795 1930 994 1996 contrarium
1019 1928 1140 1995 viderit
1163 1945 1221 1995 aut
1243 1930 1416 1996 audiverit.
1464 1929 1570 1995 Occa-

396 2041 489 2106 sione
511 2059 617 2107 rerum
642 2041 872 2107 Africanarum
898 2041 931 2106 in
945 2041 1099 2107 ulteriora
1110 2041 1251 2124 primum
1272 2041 1384 2107 oceani
1406 2041 1572 2122 inquirere

396 2166 597 2236 coeperunt,
622 2167 777 2238 regnante
787 2155 958 2238 Johanne‚
973 2152 1126 2219 Lusitani
1150 2171 1234 2218 anno
1258 2153 1374 2220 salutis
1397 2151 1571 2218 millesimo

397 2265 718 2350 quadringentesimo
741 2265 983 2351 septuagesimo
1006 2264 1147 2347 septimo
1167 2262 1199 2328 ²:
1235 2264 1354 2349 viginti
1379 2277 1454 2348 post
1477 2264 1571 2329 annis

398 2378 460 2443 sub
494 2394 568 2462 rege
582 2384 583 2388 ’
599 2379 798 2442 immanuele
832 2377 1093 2459 promontorium
1117 2377 1226 2442 Bonae
1251 2376 1327 2459 Spei
1351 2376 1570 2460 praeternaui-

398 2503 508 2573 gatum
533 2502 603 2570 est,
637 2490 807 2571 seriusque
834 2491 939 2554 multo
962 2488 1097 2554 ventum
1122 2489 1303 2553 Malaccam
1328 2503 1360 2553 et
1383 2489 1424 2553 ad
1446 2488 1571 2554 insulas

398 2600 610 2680 remotiores,
635 2601 676 2666 ad
698 2619 779 2682 quas
800 2601 913 2666 Batavi
935 2599 1087 2684 navigare
1107 2613 1284 2682 coeperunt
1296 2617 1381 2665 anno
1394 2599 1568 2666 millesimo

399 2711 663 2798 quingentesimo
693 2711 904 2795 nonagesimo
936 2710 1076 2793 quintu,
1109 2731 1174 2778 non
1208 2712 1308 2776 dubie
1340 2712 1425 2777 intra
1449 2729 1569 2776 annum

399 2823 621 2890 centesimum.
665 2825 736 2908 Jam
768 2843 848 2890 vcro
882 2823 977 2889 etiam
1010 2843 1049 2888 eo
1082 2823 1173 2906 quod
1206 2823 1392 2889 intercessit
1425 2838 1571 2906 tempore

399 2936 539 3001 aliorum
561 2935 731 3019 usurpatio
752 2936 910 3002 adversus
929 2935 1013 3001 alios
1034 2935 1130 3001 etiam
1152 2953 1266 3002 omnes
1287 2934 1460 3018 impedivit
1480 2949 1574 3018 prae·

401 3047 621 3130 scriptionem.
676 3047 856 3113 Castellani
891 3048 931 3112 ab
966 3065 1052 3112 anno
1091 3047 1265 3112 millesimo
1305 3045 1570 3131 quingentesimo

400 3158 527 3224 decimo
558 3175 646 3238 nono
679 3158 919 3242 possessionem
953 3157 1121 3223 Lusitanis
1156 3160 1252 3224 marls
1288 3158 1373 3224 circa
1398 3159 1571 3224 Moluccas

400 3270 583 3354 ambiguam
606 3269 721 3336 fecere.
768 3267 857 3336 Galli
882 3270 977 3336 etiam
1002 3284 1035 3336 et
1057 3269 1160 3354 Angli
1183 3285 1250 3336 non
1274 3272 1482 3351 clanculum,
1514 3270 1572 3336 sed

399 3382 435 3448 vi
466 3393 576 3465 aperta
608 3398 647 3447 eo
679 3393 906 3466 perruperunt.
952 3381 1120 3447 Praeterea
1152 3384 1280 3448 accolae
1314 3381 1418 3448 totius
1448 3395 1573 3447 tractus

401 3492 550 3560 Africani
582 3508 638 3558 aut
669 3494 809 3560 Asiatici
841 3508 964 3577 partem
999 3493 1097 3558 maris
1129 3493 1280 3575 quisque.
1306 3493 1370 3558 sibi
1393 3491 1574 3575 proximam

400 3601 556 3689 piscando
578 3615 610 3672 et
629 3605 814 3691 navigando
838 3617 1000 3689 perpetuo
1023 3617 1245 3688 usurparunt,
1270 3617 1448 3687 numquam
1469 3619 1487 3668 a
1506 3605 1575 3669 Lu-

400 3717 514 3784 sitanis
537 3717 709 3800 prohibiti.
756 3717 960 3783 Conclusam
991 3716 1094 3800 igitur
1118 3717 1161 3781 slt
1182 3718 1237 3801 jus
1260 3719 1388 3782 nullum
1413 3731 1482 3782 esse
1505 3716 1574 3780 Lu-

399 3831 537 3911 sitanis,
572 3849 641 3912 quo
663 3829 757 3895 aliam
781 3829 934 3912 quamvis
959 3843 1086 3914 gentem
1111 3850 1129 3893 a
1151 3828 1359 3912 navigatione
1382 3827 1499 3893 oceani
1533 3829 1576 3894 ad

402 3943 501 4009 Indos
524 3942 730 4026 prohibeant.

445 4054 597 4141 Quodsi
621 4054 731 4120 dicant
763 4054 915 4121 Lusitani
949 4070 1023 4118 cum
1056 4053 1146 4118 Indis
1178 4050 1369 4117 commercia
1403 4051 1574 4116 exercendi

398 4167 454 4250 lus
477 4157 641 4248 quoddam
663 4164 832 4249 proprium
857 4167 897 4230 ad
921 4185 954 4230 se
979 4163 1163 4248 pertinere,
1188 4163 1304 4229 iisdem
1327 4162 1394 4228 fere
1416 4159 1573 4228 omnibus

402 4274 600 4363 argumentis
633 4276 834 4344 refellentur.
885 4277 1086 4360 Repetemus
1120 4275 1262 4343 breviter
1297 4290 1329 4341 et
1372 4272 1568 4358 aptabimus.

437 4513 445 4546 ¹
464 4516 609 4567 commin
625 4529 647 4564 c.
665 4528 806 4576 possessor.
823 4528 849 4576 p.
869 4529 893 4563 2.
911 4514 933 4576 §.
946 4526 975 4586 .³·
992 4527 1018 4561 n.
1035 4515 1059 4561 6.
1093 4511 1104 4545 ²
1123 4513 1230 4562 osorius
1250 4515 1267 4559 l.
1289 4523 1310 4559 r.
