3546 5654
563 687 609 732 un
634 686 727 752 June
754 687 941 734 rnanonn.
967 688 1046 734 cnr.
1072 689 1123 734 xr.
1366 672 1426 751 189

256 862 327 906 cem
350 860 423 905 cum
449 841 568 922 scapha
590 840 629 905 ad
650 855 767 907 terrant
788 841 967 922 accedens,
989 842 1030 906 ab
1048 840 1166 907 incolis
1179 839 1336 908 ostentari
1349 838 1441 906 con-'

258 939 356 1042 spicit
385 966 463 1017 nota
492 951 583 1034 pacis
616 951 767 1036 insignia.
816 953 887 1017 Hac
910 951 1030 1017 fiducia
1052 971 1226 1034 progresso
1250 952 1427 1018 Lusitano·

257 1085 329 1130 rum
361 1065 432 1147 ejus
463 1062 528 1128 loci
560 1061 746 1144 praefectus
777 1063 923 1128 occurrit
956 1063 1122 1146 (Domino
1157 1063 1260 1127 Paulo
1291 1061 1425 1150 nomen)

174 1239 178 1248 ,
257 1190 376 1242 annata
398 1195 472 1240 cum
495 1194 616 1255 manu,
639 1195 737 1256 quam
754 1174 795 1238 ad
815 1174 849 1238 id
870 1189 999 1256 tempus
1020 1174 1053 1239 in
1067 1173 1264 1238 monasterio
1277 1194 1336 1241 seu
1349 1173 1428 1241 fano

258 1286 399 1368 quodam
424 1283 457 1349 in
475 1284 584 1350 littore
607 1284 673 1350 sito
697 1286 933 1351 occultaverat.
981 1285 1174 1369 Interrogati
1198 1305 1300 1367 pauca
1324 1285 1357 1351 in
1381 1285 1427 1350 fa·
1457 1369 1459 1376 Α

256 1417 335 1464 num
359 1396 542 1479 rapiuntur.
588 1396 785 1462 Adveniunt
807 1414 844 1460 eo
866 1395 1069 1476 mandarini‚
1099 1398 1162 1462 boc
1191 1410 1240 1460 est
1258 1411 1426 1464 senatores

259 1508 436 1587 Sinenses‚
455 1507 654 1589 exploraturi
677 1510 736 1592 qui
752 1509 895 1571 homines
907 1527 984 1570 suas
1001 1520 1114 1572 terras
1126 1510 1318 1574 inviserent.
1343 1508 1428 1573 Res-

257 1620 380 1702 pondet
411 1619 520 1701 Apius
533 1597 535 1601 Α
550 1617 733 1684 Hollnndos
763 1639 827 1683 esse
846 1632 1067 1697 mercatores,
1092 1618 1288 1704 negotiandi
1304 1623 1426 1705 gratia

257 1734 401 1809 venisse,
434 1729 522 1815 quod
546 1751 586 1794 ert
613 1733 693 1814 ipsis
715 1729 856 1796 naribus
879 1731 1036 1793 mercium
1055 1728 1189 1814 plenis,
1214 1732 1243 1794 si
1266 1733 1427 1815 introspi-

257 1840 489 1922 concilient,
525 1855 597 1904 tuto
621 1840 819 1905 disceretur.
868 1839 985 1904 Etiam
1010 1839 1130 1905 literns
1154 1862 1175 1904 a
1199 1841 1358 1926 Principe
1381 1839 1428 1905 ari

258 1973 364 2038 regem
400 1953 561 2015 Sinarum
594 1951 760 2015 attulisse.
807 1950 901 2034 Quae
936 1970 1011 2014 curn
1050 1949 1196 2033 diceret,
1232 1951 1427 2017 circumfusa

257 2064 491 2129 Lusitanorum
518 2063 697 2128 multitudo
722 2062 870 2144 undique
896 2062 1092 2127 obturbabat
1121 2063 1276 2127 convitiis
1305 2065 1427 2129 calum-

258 2175 412 2257 niisque,
444 2175 487 2240 ita
519 2190 557 2240 ut
580 2174 760 2240 mandarini
784 2175 943 2239 incertum
974 2193 1008 2237 re
1035 2193 1148 2255 parum
1173 2173 1354 2252 intellecta,
1388 2195 1426 2240 an

259 2269 355 2353 etiam
376 2286 611 2352 Lusitanorum
636 2286 730 2352 donis
753 2285 899 2366 corrupti
922 2285 1144 2350 abscederent.
1187 2284 1338 2348 Lusitani
1359 2299 1427 2349 tor·

258 2398 374 2464 mentis
405 2397 596 2480 inquirunt:
621 2411 824 2478 compertum
855 2394 948 2459 nihil.
997 2392 1162 2460 Omnibus
1193 2395 1289 2460 simul
1311 2415 1327 2460 e
1349 2395 1426 2461 fano

258 2510 290 2574 in
322 2509 503 2575 custodiam
532 2507 654 2574 tractis
677 2505 862 2592 gravissimi
894 2506 1066 2587 compedes
1099 2505 1284 2588 affiguntur.
1328 2480 1427 2570 Unde

257 2621 291 2685 in
312 2635 440 2686 antrum
463 2619 581 2702 dejecti
605 2618 804 2683 horrendum
827 2616 965 2700 ealigine
987 2631 1020 2680 et
1043 2617 1205 2697 squalore.
1240 2617 1325 2682 Cum
1340 2617 1429 2681 Nec-

256 2730 332 2797 kius
355 2729 508 2807 interim,
533 2728 615 2809 quid
638 2728 778 2793 reditum
809 2746 943 2792 suorum
969 2740 1149 2791 moraretur
1171 2727 1339 2811 ambigens
1361 2749 1427 2792 me-

257 2853 445 2918 tuensque,
484 2837 634 2919 scapham
667 2837 820 2919 majorem
857 2837 986 2900 alteram
1025 2839 1192 2918 explorare
1228 2836 1427 2919 profundum

255 2948 367 3031 jubet:
392 2967 460 3029 quo
486 2945 619 3030 cognito
638 2966 737 3013 naves
758 2947 894 3030 propius
917 2948 1030 3012 urbem
1055 2948 1316 3014 admoverentur.
1363 2948 1428 3013 Sed
1517 2997 1519 3000 -

259 3059 381 3140 scapha
401 3079 515 3140 parurn
539 3078 673 3141 compos
690 3073 887 3139 ventorum,
910 3059 1035 3140 quique
1056 3059 1183 3123 inerant
1203 3059 1351 3125 homines
1366 3079 1428 3126 nu-

258 3189 347 3234 mero
378 3189 496 3236 novem
530 3184 562 3234 et
585 3169 669 3242 inter
692 3189 748 3235 eos
773 3171 993 3254 gubernator,
1018 3191 1035 3234 a
1058 3171 1228 3236 Lusitanis
1259 3171 1427 3255 intercipi·

257 3296 371 3346 untur.
418 3280 524 3348 Adest
557 3281 748 3363 quaesitor,
773 3301 871 3363 quern
905 3281 954 3346 illi
975 3282 1162 3348 auditorem
1182 3298 1312 3348 vocant.
1357 3285 1463 3349 Itur*

257 3393 299 3458 ad
318 3393 478 3457 eculeum.
503 3392 631 3458 Rumor
652 3393 736 3458 inter
757 3394 836 3458 haec
860 3393 1058 3472 Centonem,
1076 3393 1217 3458 vicinam
1239 3394 1426 3460 Sinensium

257 3503 368 3568 urbem
383 3550 394 3583 ‚
411 3503 564 3594 affertur:
589 3517 742 3568 externos
755 3505 898 3569 homines
910 3509 1021 3570 missos
1034 3505 1201 3572 enantibus
1213 3509 1250 3569 in
1262 3518 1391 3570 terram
1405 3529 1426 3571 a

256 3611 435 3678 Lusitanis
458 3616 683 3700 apprehensos.
709 3615 805 3697 Ejus·
815 3614 861 3679 rei
875 3615 977 3698 gratia
989 3614 1175 3697 praefectus
1190 3616 1426 3697 Cantonensis‚

256 3722 310 3788 cui
343 3724 477 3806 Capado
509 3744 627 3790 nomen
662 3740 752 3805 erat,
785 3727 890 3790 multo
914 3725 1072 3790 comitatu
1096 3725 1142 3790 ire
1160 3727 1256 3810 jubet
1279 3742 1311 3798 ct
1330 3728 1371 3792 ad
1393 3747 1427 3793 se

256 3834 404 3918 captivos
427 3835 596 3900 adducere.
644 3835 709 3898 Hic
733 3855 808 3900 curn
832 3835 983 3900 Lusitani
1006 3850 1195 3901 tenerentur
1225 3857 1331 3918 neque
1350 3858 1427 3919 pos·

255 3945 369 4012 tulatis
392 3945 542 4010 resistere
565 3943 743 4024 auderent,
768 3944 810 4009 ad
838 3943 971 4026 fraudes
995 3959 1028 4009 et
1051 3964 1127 4010 suas
1151 3960 1236 4010 artes
1259 3966 1294 4012 se
1317 3951 1427 4013 confe-

254 4072 341 4124 runt.
366 4056 465 4123 Omni
489 4077 506 4120 e
530 4057 626 4122 turba
646 4076 702 4120 sex
723 4056 871 4121 homines
892 4070 1045 4138 separant
1064 4057 1195 4140 linguae
1215 4058 1343 4138 omnis,
1363 4059 1427 4123 nisi

254 4169 377 4250 patriae
409 4168 561 4252 ignaros,
604 4181 719 4249 utpote
753 4187 792 4232 ex
822 4167 953 4232 nautica
986 4168 1094 4249 plebe.
1144 4169 1301 4233 Caeteros
1334 4170 1426 4253 (nam
1462 4159 1464 4161 ¹

225 4297 228 4304 ·
255 4282 366 4361 plures
400 4280 504 4346 fuisse
538 4279 738 4346 dissimulari
773 4299 885 4361 sparso
917 4279 982 4363 jam
1016 4299 1147 4344 rumore
1180 4299 1246 4345 non
1281 4284 1426 4366 poterat)

256 4389 414 4470 proximis
446 4391 562 4457 diebus
595 4391 659 4456 alvi
691 4390 858 4474 profluvio
881 4379 1016 4473 periisse
1040 4390 1253 4458 mentiuntur.
1299 4393 1348 4458 At
1370 4413 1427 4458 sex

256 4497 304 4562 illi
328 4501 368 4564 ad
390 4501 487 4584 legati
510 4503 729 4570 Cantonensis
748 4502 902 4584 prostrati
922 4502 1039 4584 pedm,
1059 4521 1132 4567 cum
1152 4523 1210 4585 per
1221 4502 1425 4586 interpretem
