3530 5656
335 677 379 757 46
646 689 693 741 on
716 689 809 760 Jtntr
837 689 1023 743 rannone.
1044 691 1128 742 can.
1152 689 1205 746 tv.

332 849 431 936 gilas
462 851 596 934 scriptis
628 859 825 931 uterentur,
870 851 922 916 his
967 867 1044 917 sero
1083 853 1262 936 oppressis,
1301 869 1416 931 suam,
1444 850 1512 938 lege

336 973 492 1026 naturae.
548 959 598 1026 Ea
641 959 765 1026 scilicet
795 960 867 1046 lege
894 979 991 1044 quam
1014 979 1075 1027 nos
1098 961 1273 1028 secundam
1293 961 1466 1046 posuimus
1489 969 1510 1030 ¹.

336 1071 403 1137 Sed
424 1070 483 1153 qui
503 1069 685 1138 accuratius
703 1070 922 1138 considerabit
938 1073 1025 1157 leges
1037 1091 1150 1138 omnes
1161 1071 1358 1156 simulatque
1369 1088 1511 1156 possunt

335 1182 455 1266 pariter
486 1183 724 1265 observandas,
752 1183 873 1268 justam
901 1183 955 1250 hic
974 1181 1216 1251 distinctionem
1235 1179 1330 1250 facilc
1354 1182 1510 1251 inveniet.

334 1295 421 1360 Nam
447 1307 596 1360 manente
622 1293 755 1377 quidem
779 1295 866 1362 bello
893 1313 960 1362 non
983 1311 1080 1378 posse
1104 1311 1156 1361 res
1177 1310 1288 1378 captas
1308 1295 1347 1360 ab
1369 1315 1428 1377 e0‚
1452 1295 1512 1378 qui

335 1405 500 1487 amiserit,
531 1395 690 1472 vindicari
719 1426 760 1472 ex
789 1405 1005 1490 perpetuitate
1032 1403 1168 1490 periculi
1202 1405 1282 1472 satis
1304 1405 1465 1492 intelliget
1487 1413 1511 1476 ¹.

336 1517 401 1584 Sed
421 1519 521 1584 rebus
546 1517 669 1600 pacatis
690 1535 748 1599 ca,
772 1535 856 1600 quae
875 1517 1032 1584 duntaxat
1053 1518 1097 1584 ob
1120 1517 1327 1584 securitatem
1347 1533 1435 1584 tuam
1458 1537 1510 1584 ce·

334 1628 445 1712 peris,
468 1629 529 1695 alia
556 1645 653 1696 causa
673 1645 740 1694 non
764 1617 960 1710 accedente,
984 1627 1162 1712 quominus
1191 1629 1364 1696 restituere
1392 1629 1510 1696 debeas

334 1739 493 1806 tationem
513 1757 580 1806 non
600 1739 727 1806 videbit
744 1746 768 1807 ⁸.
797 1739 862 1806 Hic
882 1739 968 1806 enim
989 1741 1042 1806 lex
1060 1754 1199 1824 quarta,
1220 1761 1294 1808 cum
1316 1741 1407 1808 alteri
1425 1741 1510 1808 nulli

334 1865 519 1936 repugnet,
541 1851 639 1918 debet
668 1850 877 1918 reviviscere.
925 1849 1049 1938 Magna
1079 1851 1180 1938 igitur
1200 1851 1382 1920 differentia
1407 1869 1456 1920 est
1476 1853 1509 1919 in

333 1961 551 2046 acquisitione
573 1981 704 2044 rerum,
726 1979 812 2045 quae
833 1962 959 2030 nullius
983 1977 1015 2029 et
1042 1981 1169 2045 rerum,
1193 1963 1507 2046 quaealreriusfue-

333 2087 434 2157 runt;
461 2074 502 2140 ad
532 2091 585 2140 res
614 2090 667 2140 eas
690 2091 774 2156 quae
806 2073 975 2141 dominum
1001 2091 1068 2142 non
1090 2075 1276 2142 habuerunt
1296 2075 1510 2158 acquirendas

335 2187 404 2252 sola
425 2185 591 2269 possessio
612 2186 751 2254 sufficit:
776 2186 888 2252 adres
908 2181 1042 2253 alterius
1061 2185 1158 2254 nobis
1177 2187 1400 2273 adjungendas
1418 2207 1510 2271 prae·

332 2310 384 2364 ter
403 2297 644 2381 possessionem
666 2315 762 2364 causa
784 2297 981 2381 requiritur:
1006 2298 1049 2365 ob
1071 2315 1167 2380 quam
1178 2297 1233 2364 ille
1244 2297 1390 2380 scilicet,
1414 2301 1510 2384 cujus

334 2429 387 2474 res
407 2408 489 2490 istit,
512 2424 568 2475 aut
587 2411 704 2476 volens
724 2423 782 2476 aut
802 2411 918 2476 nolens
938 2429 976 2475 ea
996 2407 1116 2492 privari
1136 2409 1266 2476 debeat.
1290 2410 1370 2476 Non
1391 2410 1510 2477 sufficit

334 2519 436 2604 igitur
465 2521 585 2586 titulus
612 2520 806 2587 universalis
835 2517 914 2602 ille,
938 2540 1006 2603 quo
1035 2521 1183 2588 vacantia
1215 2539 1436 2606 occupamus,
1468 2521 1510 2588 ad

335 2631 556 2714 quaerendum
588 2631 621 2696 in
653 2650 687 2698 re
718 2631 832 2699 hostili
852 2632 908 2717 jus
930 2632 1179 2715 plenissimum,
1203 2633 1262 2699 sed
1282 2633 1402 2700 titulus
1425 2631 1508 2699 alius

334 2739 557 2824 desideratur,
589 2743 648 2826 qui
678 2757 786 2810 tamen
816 2743 850 2810 in
871 2745 959 2810 bello
979 2763 1157 2827 numquam
1180 2745 1272 2810 deest
1292 2746 1322 2808 ⁴:
1347 2743 1439 2826 quod
1460 2743 1506 2810 sic

331 2854 511 2940 colligitur.
557 2855 702 2923 Primum
731 2855 760 2920 sl
792 2856 833 2921 ad
864 2875 930 2922 rem
961 2871 1104 2922 nostram
1136 2857 1388 2940 recuperandam
1420 2874 1508 2922 arma

332 2981 549 3046 moveantur,
581 2965 663 3048 quin
691 2985 709 3032 a
738 2966 907 3034 detentore
938 2981 1060 3034 armato
1082 2967 1322 3051 possessionem
1355 2967 1507 3052 injustam

331 3091 418 3141 recte
442 3095 575 3142 evocem
597 3095 695 3143 manu
717 3076 871 3161 militari,
904 3078 1041 3145 dubium
1071 3097 1138 3146 non
1168 3095 1218 3146 est
1239 3081 1264 3148 ⁸.
1311 3079 1397 3168 Quis
1421 3080 1507 3147 enim

331 3205 399 3252 non
427 3186 604 3273 intelligit,
627 3207 701 3254 cum
729 3208 781 3255 res
804 3189 902 3256 utiles
923 3189 1091 3274 acquirere
1113 3189 1210 3258 nobis
1231 3190 1450 3274 permittimur
1470 3193 1508 3272 ⁶,

333 3297 429 3364 etiam
448 3314 613 3382 partorum
633 3300 807 3367 tuitionem
828 3315 880 3385 et,
904 3301 932 3367 si
953 3301 1150 3386 eripiantur,
1170 3303 1388 3387 receptionem
1412 3303 1509 3368 simul

333 3408 495 3476 indicari?
528 3411 659 3498 Quodsi
693 3429 760 3478 rem
782 3412 884 3496 ipsam
907 3413 1068 3497 consequi
1091 3431 1157 3480 non
1180 3413 1330 3498 possim,
1354 3413 1435 3480 tanti
1458 3428 1506 3479 ta-

331 3541 407 3588 men
425 3521 481 3588 ille
501 3521 604 3605 mihi,
629 3524 744 3606 quanti
766 3545 818 3591 res
837 3523 902 3591 fuit
924 3523 1090 3611 obligatus
1111 3541 1160 3592 est
1178 3525 1203 3592 ⁷.
1250 3523 1507 3592 Permittendum

333 3632 433 3718 igitur
453 3634 534 3699 mihi
556 3649 605 3700 est
621 3650 659 3702 ut
677 3650 838 3719 quantum
859 3636 914 3703 ille
935 3637 1015 3702 mihi
1035 3637 1151 3720 debet,
1165 3651 1299 3704 tantum
1322 3657 1383 3723 ego
1397 3655 1436 3702 ex
1448 3637 1507 3702 bo·

331 3744 384 3810 nis
405 3745 479 3829 ejus
497 3764 691 3829 consequar.
737 3749 893 3832 idemque
915 3749 976 3815 erit
995 3747 1023 3814 si
1047 3749 1085 3814 ab
1110 3748 1205 3816 initio
1228 3766 1295 3816 non
1318 3768 1385 3814 rem
1406 3767 1508 3813 meam

332 3858 590 3945 vindicaverim,
614 3865 672 3930 sed
694 3860 840 3928 debitum
865 3875 1057 3945 persecutus
1081 3860 1141 3926 sim
1162 3857 1185 3928 ⁸.
1231 3860 1317 3927 Nam
1341 3881 1414 3926 cum
1437 3874 1509 3925 tan·

220 3983 225 3991 “
332 3974 477 4040 tumdem
495 3973 543 4040 illi
562 3973 722 4059 supersit,
745 3988 904 4057 quantum
927 3971 1008 4040 mihi
1032 3972 1140 4055 deest,
1165 3971 1200 4038 id
1222 3971 1270 4038 illi
1292 3969 1507 4038 auferendum

332 4082 467 4152 etmihi
490 4086 715 4172 applicandum
737 4101 798 4152 cst.
845 4083 890 4151 Et
911 4081 958 4151 sic
981 4081 1014 4149 in
1038 4080 1391 4156 forensiexsecutione
1410 4077 1422 4114 ⁹
1441 4102 1508 4148 cre·

366 4329 420 4382 ιιιι
441 4333 537 4382 dictum
549 4343 587 4382 est
598 4335 631 4384 ad
647 4331 665 4381 1.
680 4342 718 4390 tq.
733 4345 808 4393 supra
820 4346 843 4380 e.
856 4345 879 4380 a.
912 4329 1009 4380 ’vica
1022 4333 1054 4382 de
1067 4330 1124 4390 iure
1138 4331 1210 4380 belli.
1224 4343 1251 4380 n.
1271 4334 1310 4380 ιθ.
1324 4343 1349 4380 et
1365 4341 1407 4392 44
1426 4341 1451 4379 et
1469 4337 1508 4386 ss.

330 4417 342 4454 ³
358 4401 420 4473 silv.
436 4423 464 4472 ln
481 4436 507 4474 v.
523 4423 631 4473 Bellum.
647 4426 669 4484 ξ.
690 4431 728 4472 tr.
745 4423 831 4473 conel.
849 4433 872 4480 a.
905 4420 917 4454 ⁴
939 4423 1000 4472 vide
1017 4422 1084 4472 infra
1101 4433 1124 4472 e.
1142 4431 1166 4482 7.
1199 4422 1210 4454 ⁵
1233 4425 1250 4473 l.
1263 4423 1308 4483 qui
1320 4421 1462 4472 restituere.
1480 4417 1509 4488 ff,

332 4514 418 4563 derel
433 4513 506 4564 vind.
526 4515 612 4577 [Μ.
632 4513 721 4577 non]
741 4517 758 4562 l.
777 4511 1178 4578 3.ff.nevlsfiat[D.43.4.]
1212 4513 1335 4564 'exin
1368 4509 1507 4572 iniqui

331 4604 472 4654 restituere.
489 4616 585 4666 etseq.
618 4603 679 4655 ⁸ex
697 4607 715 4656 l.
732 4605 756 4655 6.
789 4603 876 4667 ⁹Dig.
894 4607 926 4655 de
943 4605 997 4654 reb.
1011 4613 1080 4655 auct.
1097 4603 1151 4664 iud.
1162 4617 1232 4668 poss.
1241 4616 1290 4654 tot.
1300 4599 1341 4654 tit.
1355 4601 1401 4666 [D.
1412 4613 1454 4665 42.
1467 4595 1503 4664 5.]
