3546 5654
527 655 574 700 DE
600 655 694 722 JURE
719 653 906 701 Pannonis.
933 653 1013 699 CAP.
1038 652 1101 698 XII.
1337 649 1397 714 251

233 823 271 874 at
303 815 367 898 ipsi
398 817 513 878 carias
547 809 719 889 tradant,
755 821 912 872 traantur
946 807 984 873 dt
1016 805 1074 870 illo
1104 807 1202 893 plari
1234 781 1308 889 his.
1344 810 1403 894 qai

232 927 347 988 carias
368 937 540 1002 amarant,
564 935 595 986 at
615 921 654 986 da
673 919 791 986 darana
811 919 905 999 illis,
929 923 988 1005 qai
1007 932 1104 984 arant
1125 918 1297 1000 allaturi,
1319 922 1402 1002 qaia

232 1036 356 1120 injusta
386 1034 656 1121 impediverant,
689 1031 874 1098 utilitatem
893 1035 1070 1116 privatam
1094 1044 1125 1095 et
1143 1033 1320 1116 propriam
1339 1043 1404 1114 pa-

233 1145 340 1210 blicaa
364 1159 395 1210 at
418 1147 580 1208 communi
607 1157 858 1228 praeponentes.
907 1143 955 1206 Et
987 1141 1072 1208 idern
1105 1141 1144 1206 da
1174 1143 1225 1209 hia
1248 1145 1309 1225 qai
1330 1161 1403 1204 eoa-

235 1255 377 1322 cardaat
401 1260 436 1320 ia
461 1259 598 1320 eratione
622 1258 765 1318 omnium
779 1257 960 1334 marciam,
986 1251 1181 1320 attendant
1195 1251 1241 1318 ad
1252 1252 1402 1332 libitam,

152 1431 154 1435 .
235 1372 317 1452 qaia
350 1381 506 1432 teneatur
538 1367 585 1432 ael
615 1388 705 1434 omar
737 1365 892 1432 damnum
915 1369 937 1432 ¹.
986 1364 1050 1429 Sed
1080 1377 1205 1446 praeter
1228 1363 1403 1442 damnum,

235 1494 272 1544 ut
295 1479 372 1542 alibi
396 1479 631 1559 tractavimus,
657 1478 711 1541 illa
735 1479 830 1559 culpa
849 1497 907 1560 per
927 1495 961 1542 se
981 1476 1127 1560 obligat,
1152 1475 1229 1556 quia
1248 1474 1404 1542 naturalis
1418 1505 1560 1569 retegam.

235 1589 317 1654 ratio
352 1589 506 1655 malitiam
531 1589 722 1672 impunitam
756 1609 825 1654 esse
857 1608 923 1654 non
946 1587 1081 1671 patitur.
1128 1587 1236 1671 Leges
1258 1585 1374 1651 civiles
1393 1571 1473 1657 ’1111
1486 1571 1538 1657 'll
1540 1574 1560 1602 ''

236 1700 386 1784 injuriam
417 1700 483 1766 fere
514 1701 668 1781 mulctis,
702 1699 892 1766 violentiam
920 1699 1040 1764 illatam
1062 1699 1205 1764 libertati
1232 1697 1404 1764 amissione

233 1813 334 1894 partis
364 1814 550 1893 bonorum,
583 1811 809 1894 monopolium
840 1831 918 1877 vero
948 1810 1093 1876 omnium
1112 1811 1273 1876 bonorum
1295 1810 1404 1892 publi-

232 1923 361 1989 catione
381 1938 551 1990 coercent:
576 1944 660 2006 quae
681 1924 734 1989 bic
753 1925 874 2006 pariter
891 1937 1102 1988 concurrunt.
1125 1921 1250 1986 Verum
1271 1922 1403 2002 quidem

234 2049 283 2100 est
313 2054 434 2117 poenas
464 2033 647 2101 facinorum
678 2056 717 2099 ex
746 2035 888 2100 utilitate
916 2034 1048 2116 publica
1071 2033 1197 2098 intendi
1220 2048 1252 2098 et
1272 2032 1404 2102 remitti.

234 2146 299 2211 Sed
326 2161 431 2212 tamen
463 2147 496 2210 in
526 2147 578 2212 his
606 2167 690 2227 quae
720 2167 759 2212 ex
787 2161 924 2226 natura,
958 2164 1023 2209 non
1051 2145 1090 2208 ab
1124 2143 1276 2209 instituto
1288 2171 1312 2222 ‚0
1323 2145 1405 2207 mala

234 2272 311 2322 sunt
340 2273 372 2322 et
402 2257 518 2322 illicita
547 2257 588 2322 ad
621 2277 716 2323 verae
751 2256 974 2340 proportionis
1005 2274 1150 2320 normam
1186 2254 1281 2318 etiarn
1317 2268 1406 2318 extra

234 2370 323 2452 leges
356 2388 461 2450 poena
491 2367 577 2451 exigi
607 2382 726 2449 potest.
772 2367 859 2433 Cum
891 2366 991 2450 igitur
1019 2380 1136 2430 natura
1167 2364 1268 2430 dictet
1298 2385 1337 2428 ex
1367 2385 1404 2430 eo

236 2479 327 2559 quod
354 2479 494 2544 alienum
524 2492 573 2544 est
604 2492 750 2542 nostrum
780 2497 840 2542 nos
867 2475 972 2542 iacere
1002 2497 1069 2543 non
1093 2477 1232 2557 debere,
1255 2476 1407 2557 sequitur

235 2603 328 2655 tanto
355 2589 431 2655 illos
464 2589 597 2672 gravius
627 2609 782 2671 peccare,
815 2589 874 2671 qui
890 2591 944 2672 jus
964 2609 1135 2654 commune
1155 2588 1324 2656 hominum
1343 2587 1406 2652 sibi

235 2701 403 2784 proprium
433 2699 540 2766 facere
574 2715 755 2781 conantur,
789 2715 913 2782 quanto
942 2701 1002 2764 bac
1023 2700 1056 2765 in
1078 2720 1111 2764 re
1131 2699 1280 2782 pluribus
1301 2699 1338 2764 fit
1357 2700 1405 2764 in-

233 2812 329 2896 juria.
375 2812 553 2894 Praecipue
573 2827 679 2877 autem
696 2832 792 2896 grave
812 2827 861 2879 est
879 2827 1070 2896 peccatum,
1093 2831 1161 2894 quo
1180 2825 1249 2876 tota
1268 2811 1407 2876 laeditur

235 2925 377 2989 humana
408 2923 571 3003 societas,
606 2925 659 2989 cui
693 2925 828 2990 vinculo
858 2923 1088 3006 antiquissimo
1108 2922 1258 2988 obstricti
1292 2936 1324 2986 et
1345 2923 1405 2986 ob-

235 3034 326 3100 noxii
357 3054 481 3100 sumus.
537 3035 628 3100 Haec
657 3035 739 3100 ratio
770 3035 984 3101 Ambrosium
1006 3041 1017 3074 ³
1042 3035 1133 3119 cogit
1164 3035 1341 3098 exclamare
1370 3033 1403 3096 in

236 3165 293 3227 eos
323 3147 381 3227 qui
409 3147 508 3212 maria
534 3147 716 3228 ciaudum,
752 3147 977 3232 Augustinum
1007 3147 1019 3182 ⁴
1046 3147 1079 3210 in
1112 3165 1168 3210 eos
1200 3145 1258 3227 qui
1289 3144 1405 3210 itinera

234 3257 435 3336 obstruunt,
482 3257 732 3323 Nazianzenum
765 3262 775 3294 ⁵
807 3259 840 3322 in
882 3274 1061 3324 coemtores
1111 3276 1405 3340 suppressoresque

235 3367 418 3447 mercium,
461 3369 518 3449 qui
549 3390 587 3433 ex
618 3370 729 3453 inopia
769 3371 915 3436 omnium
954 3371 1016 3436 soli
1051 3372 1179 3435 lucrum
1212 3383 1342 3451 sperant
1374 3383 1407 3434 et

236 3493 274 3544 ut
312 3480 383 3562 ipse
425 3480 574 3562 loquitur
616 3487 956 3566 uataapayaarerlotaat
987 3492 1040 3558 raia
1074 3486 1191 3556 ἐνδείας.
1247 3481 1340 3566 Quin
1374 3495 1407 3545 et

236 3591 348 3657 divina
379 3592 539 3657 sententia
571 3598 583 3660 ὁ
608 3597 734 3677 συνέχων
767 3606 845 3662 σῖτον
878 3595 1115 3676 iauouaraiparoa
1127 3641 1137 3671 ‚
1172 3592 1315 3674 publicis
1343 3592 1405 3658 sci-

236 3703 313 3768 licet
344 3702 425 3770 diris
447 3704 655 3783 devovetur,
680 3723 834 3785 sacerque
862 3704 1013 3798 babeturr
1030 3703 1089 3783 qui
1121 3721 1280 3768 annonam
1311 3717 1407 3767 vexat

235 3918 426 3936 -v——-···

268 4049 277 4080 ¹
303 4051 345 4100 all.
368 4051 387 4096 1.
413 4061 435 4095 2.
459 4045 486 4094 ff.
510 4047 543 4094 ad
567 4047 583 4092 1.
601 4046 651 4107 Jul.
670 4046 702 4092 de
719 4057 827 4092 annona.
857 4043 899 4107 [D.
923 4047 965 4105 48.
986 4044 1037 4105 ra]
1057 4046 1074 4092 l.
1094 4057 1226 4095 annonam.
1247 4045 1275 4092 ff.
1291 4047 1325 4094 de
1340 4057 1407 4094 extr.

236 4140 306 4188 crim.
326 4141 369 4202 [D.
387 4152 428 4200 47.
446 4137 529 4201 11.6.]
550 4149 574 4184 et
593 4136 630 4184 ibi
650 4137 689 4184 Gl.
715 4132 801 4195 ²Dig.
820 4137 851 4183 de
870 4133 1044 4191 iniuriis.t0to
1063 4136 1103 4184 tit.
1123 4136 1166 4196 [D.
1184 4149 1225 4197 47.
1247 4135 1298 4200 10.]
1318 4149 1343 4184 et
1360 4137 1406 4185 ibi.

235 4234 283 4280 Dd.
308 4231 367 4292 Dig.
391 4233 422 4279 de
447 4230 474 4278 vi
492 4229 562 4290 publ.
588 4240 613 4276 et
638 4229 669 4276 de
696 4227 723 4276 vi
748 4227 815 4288 priv.
842 4226 885 4290 [D.
904 4231 944 4288 48.
962 4228 986 4275 6.
1005 4239 1029 4274 et
1047 4227 1083 4290 7.]
1104 4229 1168 4275 adde
1186 4230 1202 4274 1.
1221 4227 1274 4276 vim
1292 4229 1362 4276 facit.
1380 4229 1405 4278 ff.

234 4324 267 4371 de
285 4323 313 4371 vi
336 4334 430 4370 annata
447 4323 491 4382 [D.
516 4333 557 4381 43.
584 4320 622 4368 16.
643 4320 693 4384 11.]
715 4322 744 4368 C.
763 4320 793 4366 de
811 4332 916 4379 mouop.
934 4317 978 4381 [C.
996 4333 1020 4380 4.
1039 4318 1092 4380 sp]
1128 4317 1215 4366 ³loco
1231 4333 1308 4379 supra
1326 4321 1404 4369 oitato

234 4427 268 4462 ex
286 4415 392 4460 Hexam.
425 4411 547 4460 ⁴citatur
571 4412 598 4460 in
615 4414 692 4460 Decr.
710 4413 779 4460 Grat.
796 4425 822 4474 p.
841 4425 865 4460 α.
885 4423 925 4469 as.
944 4424 967 4458 2.
985 4423 1007 4468 3.
1040 4410 1097 4457 ⁵in
1115 4410 1190 4459 funus
1214 4409 1310 4460 ursini.
1331 4410 1406 4478 [edit.
1479 4417 1480 4420 ’

236 4506 330 4552 Bened.
348 4506 402 4552 vol.
424 4517 444 4550 1.
462 4517 488 4564 p.
507 4515 564 4565 797.
584 4501 621 4568 d.]
