3530 5656
356 687 396 732 12
667 686 714 733 DE
738 685 833 754 Juun
859 685 1044 734 PRAEDAE.
1069 684 1149 732 CAP.
1173 683 1213 731 11.

354 839 502 922 cipium,
538 839 597 923 qui
619 839 737 908 mentis
759 859 837 908 suae
861 838 1032 926 imaginem
1066 837 1190 906 homini
1225 835 1411 920 impressit,
1435 831 1525 917 quod

353 950 543 1035 Epicharmi
562 971 659 1018 versu
681 957 690 990 ¹
715 966 869 1018 notaturt

479 1065 540 1132 δδέ
562 1089 600 1143 γε
617 1066 778 1146 τάνθρώπου
799 1065 885 1143 λόγος
916 1063 1026 1148 πέφυκ’
1043 1064 1103 1130 oiri
1122 1067 1173 1130 τοῦ
1193 1063 1263 1130 θείου
1282 1061 1381 1140 λόγου.

483 1165 577 1237 Nom
600 1171 668 1237 Dei
690 1193 711 1236 o
735 1175 867 1237 rationo
889 1175 980 1238 ratio
1003 1173 1158 1236 noscitur
1180 1169 1386 1235 mortalium.

396 1280 458 1349 Est
489 1283 623 1366 quidem
657 1281 718 1348 ista
749 1282 831 1349 ratio
866 1297 978 1348 nostro
1000 1281 1083 1347 vitio
1108 1280 1297 1347 obnubilata
1320 1278 1524 1363 plurimum,

351 1412 417 1459 non
439 1393 484 1459 ita
507 1407 637 1475 tamen,
670 1393 752 1476 quin
775 1393 951 1477 conspicua
974 1406 1097 1459 restent
1118 1392 1240 1459 semina
1262 1391 1393 1458 divinae
1414 1390 1524 1472 lucis,

354 1525 439 1587 quae
461 1504 495 1569 in
519 1523 680 1571 consensu
700 1504 845 1590 gentium
865 1505 1002 1570 maxime
1025 1518 1191 1588 apparent.
1238 1503 1325 1569 Cum
1349 1502 1434 1568 enim
1457 1521 1525 1566 ma·

351 1616 419 1680 lum
439 1614 627 1696 falsumque
657 1615 702 1680 sit
724 1630 840 1681 natura
862 1615 914 1682 sui
936 1615 1177 1698 quodammodo
1201 1613 1367 1681 infinitum
1391 1615 1402 1650 ¹
1425 1627 1524 1695 atque

351 1725 485 1808 insuper
518 1725 580 1792 sibi
604 1745 811 1812 repugnans,
844 1726 1017 1793 concordia
1038 1726 1232 1792 universalis
1255 1724 1319 1790 nisi
1341 1724 1383 1791 ad
1400 1726 1523 1790 bonum

352 1850 384 1900 et
404 1855 519 1902 verum
541 1856 611 1904 esse
634 1855 699 1904 non
723 1851 841 1920 potest.
898 1837 1027 1904 Placuit
1045 1851 1152 1904 autem
1176 1837 1342 1920 plerisque
1365 1837 1455 1902 hunc
1474 1836 1523 1919 ip-

215 1935 423 2049 Jssfnigfisum
455 1967 648 2014 consensum
679 1948 735 2033 jus
767 1963 901 2014 naturae
928 1947 1179 2026 secundarium,
1212 1967 1271 2015 seu
1292 1948 1347 2032 jus
1379 1946 1521 2032 gentium

350 2059 539 2142 primarium
570 2060 749 2143 appellare:
782 2060 877 2144 cujus
908 2061 1010 2144 legem
1046 2059 1163 2124 Cicero
1197 2058 1315 2124 'nihil
1338 2057 1429 2123 aliud
1454 2077 1523 2122 esse

351 2169 419 2252 ait,
455 2170 517 2237 nisi
550 2183 676 2236 rectam
709 2183 741 2236 ot
773 2193 794 2236 a
828 2175 960 2236 numina
993 2169 1141 2236 Deorum
1163 2183 1311 2236 tractam
1333 2173 1520 2248 rationem,

353 2281 411 2364 qui
435 2295 467 2348 et
487 2281 585 2348 alibi:
611 2285 698 2347 omni
719 2284 755 2346 in
777 2303 813 2347 ro
833 2285 996 2347 consensio
1017 2285 1159 2347 omnium
1179 2285 1329 2368 gentium
1354 2280 1408 2346 lox
1425 2293 1525 2346 notu·

353 2413 413 2458 ror
430 2391 587 2480 putando
611 2407 668 2458 ost.
714 2393 810 2459 Vidit
832 2395 896 2459 hoc
919 2393 1154 2475 Heraclitusi,
1179 2393 1238 2474 qui
1259 2412 1333 2458 cum
1356 2392 1441 2460 duos
1465 2413 1524 2476 po-

351 2517 442 2569 neret
460 2507 585 2584 norror,
606 2509 655 2573 τὸν
677 2507 756 2586 ξυνὸν
774 2509 823 2573 aui
846 2509 895 2574 rio
915 2509 1001 2584 ἴδιον,
1025 2525 1222 2572 communem
1245 2503 1371 2570 scilicet
1387 2507 1524 2591 propri·

354 2632 472 2699 amque
492 2617 682 2696 rationem,
710 2616 780 2682 sive
800 2635 948 2695 sonsum,
983 2616 1076 2682 illum
1105 2635 1175 2682 esse
1199 2616 1273 2682 vult
1303 2613 1446 2680 veritatis
1466 2641 1523 2700 κρι-

353 2729 443 2808 τήριον
477 2739 509 2790 et
540 2724 633 2807 quasi
655 2725 828 2811 judicem,
860 2732 902 2797 τὰ
922 2732 981 2812 γὰρ
1012 2738 1087 2812 κοινῇ
1109 2728 1273 2813 φαινόμενα
1302 2727 1421 2805 πιστά,
1450 2723 1523 2808 fida

356 2838 441 2900 onim
473 2857 539 2902 osso
569 2858 655 2923 quar
675 2841 891 2903 communitor
911 2841 963 2904 ito
983 2837 1192 2906 riderentur.
1241 2835 1369 2902 Deinde
1389 2835 1522 2920 adjicit,

352 2951 503 3034 τρέφονται
534 2950 644 3024 πάντες
672 2954 696 3018 oi
725 2953 882 3033 ἀνθρώπινοι
912 2953 989 3032 νόμοι
1023 2953 1078 3017 ὑπὸ
1108 2953 1166 3024 ἑνὸς
1196 2955 1247 3017 τοῦ
1274 2951 1354 3016 θείου.
1420 2947 1523 3033 Leges

355 3057 549 3123 mortalium
582 3079 688 3124 omnes
721 3060 762 3123 ab
788 3079 856 3124 uno
878 3057 996 3126 divino
1011 3059 1176 3143 forantur
1195 3061 1219 3123 ⁵.
1275 3058 1321 3123 Et
1343 3058 1390 3126 sic
1412 3060 1524 3144 regula

200 3185 292 3246 uagata
306 3183 340 3230 11.
353 3168 496 3234 secunda
529 3188 547 3234 a
578 3169 679 3252 priori
713 3169 897 3237 derivatur:
933 3167 1029 3253 Qooo'
1057 3189 1227 3235 consensus
1254 3172 1419 3235 hominum
1442 3169 1524 3239 rollo

353 3291 486 3344 cunctos
506 3278 771 3367 significaverit,
796 3282 901 3368 idjus
935 3295 992 3348 est.
1042 3279 1186 3347 Maxime
1207 3295 1314 3346 autem
1335 3280 1368 3345 in
1390 3300 1428 3346 eo
1448 3300 1524 3347 con-

353 3389 515 3472 sentitur,
550 3391 654 3457 aiiena
686 3392 782 3460 nobis
815 3393 983 3459 commoda
1017 3393 1159 3460 curanda
1184 3413 1276 3474 esse,
1306 3392 1385 3475 quia
1403 3392 1438 3458 id
1457 3391 1524 3458 fere

354 3501 479 3566 homini
502 3502 672 3586 proprium
694 3518 759 3569 est:
784 3504 870 3570 unde
890 3505 1030 3571 Senecae
1050 3500 1062 3536 ⁸
1085 3504 1243 3587 sapientia
1266 3505 1382 3568 bonum
1403 3503 1524 3570 dicitur

358 3627 389 3677 ot
413 3633 508 3678 soom
530 3628 561 3678 ot
584 3614 739 3682 alionum.
795 3615 883 3682 Hinc
904 3617 959 3682 illa
979 3615 1107 3701 justitia
1127 3613 1257 3699 proprie
1276 3614 1362 3681 dicta
1385 3614 1523 3697 incipit,

355 3743 452 3805 quam
469 3724 693 3792 Aristoteles⁷
715 3725 837 3809 aliique
857 3731 950 3792 circa
971 3728 1088 3791 bonum
1108 3726 1254 3792 alionum
1274 3729 1408 3794 uersari
1426 3726 1526 3792 tradi·

389 4130 397 4163 ¹
418 4130 470 4194 [ap.
486 4133 567 4181 clem.
589 4132 663 4181 Alex.
685 4135 775 4182 strom.
794 4135 812 4182 1.
828 4133 852 4182 6.
867 4146 892 4192 p.
913 4131 983 4197 719.]
1020 4129 1125 4180 ”Arist
1155 4134 1186 4181 de
1210 4144 1274 4181 mor.
1297 4133 1328 4180 ad
1350 4131 1453 4180 Nicom.
1477 4133 1527 4180 12.

354 4235 378 4270 c.
396 4233 419 4278 5.
437 4220 474 4285 [p.
492 4223 563 4272 110⁶.
579 4238 602 4273 a.
620 4239 659 4274 vs.
675 4222 727 4288 ap]
746 4236 771 4273 et
786 4228 804 4274 1.
819 4239 843 4288 9,
855 4238 919 4286 cup
938 4225 975 4288 [p.
996 4225 1066 4273 1166.
1086 4238 1107 4273 1.
1131 4238 1168 4274 vs.
1190 4221 1239 4287 ra]
1266 4233 1291 4270 et
1314 4221 1526 4286 c.6.[p.1167.

355 4326 378 4361 a.
397 4325 434 4360 vs.
447 4310 484 4376 4]
505 4313 560 4364 Cic.
576 4316 608 4363 de
625 4327 676 4364 nat.
690 4317 768 4364 Deor.
786 4318 803 4364 l.
823 4329 843 4364 1.
861 4317 951 4365 Thom.
969 4329 990 4365 1.
1012 4329 1035 4364 a.
1050 4328 1075 4375 q.
1087 4327 1128 4377 93.
1141 4327 1186 4363 arr.
1203 4327 1226 4372 3.
1260 4312 1272 4346 ³
1290 4313 1354 4361 Phil.
1375 4326 1413 4362 11.
1433 4313 1468 4376 [c.
1489 4326 1527 4361 ra.

354 4401 436 4466 §28.]
466 4404 544 4458 Tusc.
561 4407 578 4453 1.
598 4419 618 4454 1.
637 4405 673 4469 [c.
694 4419 732 4464 rs.
746 4407 760 4468 ς
775 4405 826 4471 30.]
872 4406 931 4467 ⁴ap.
949 4409 1016 4455 sext.
1029 4406 1123 4454 Philos.
1142 4405 1234 4469 [Bekk.
1251 4401 1524 4467 p.219.§131-135.]

354 4493 415 4541 ‘de
431 4494 480 4554 leg.
500 4495 517 4541 Ι.
543 4507 565 4542 1.
587 4494 622 4559 [c.
641 4497 694 4558 7.§
719 4510 759 4545 aa.
775 4494 826 4560 aq.]
861 4496 970 4557 ⁶Epist.
989 4496 1029 4544 86.
1062 4492 1122 4545 ⁷de
1138 4508 1203 4544 mor.
1220 4498 1252 4545 ad
1266 4495 1369 4544 Nicom.
1388 4496 1405 4543 1.
1424 4506 1446 4550 s.
1464 4508 1487 4543 c.
1503 4506 1526 4552 3.

358 4583 396 4648 [p.
411 4596 482 4646 1129.
500 4597 524 4633 2.
538 4599 578 4636 vs.
596 4585 646 4651 ra]
