3552 5654
364 631 406 710 76
672 643 721 694 ne
743 643 837 710 June
864 639 1151 693 rhinotmeto.
1176 639 1241 688 vu.

359 799 477 884 partim
509 797 726 879 nonnitus,
761 815 830 879 quo
865 794 948 864 illud
981 793 1118 862 Homeri
1150 797 1176 881 †
1206 789 1343 862 mirifice
1374 792 1533 878 pertinet:

533 911 623 994 ἥμισυ
641 912 702 993 yria
722 935 757 978 re
779 911 839 980 riou
856 910 1052 990 ἀπαμείρεται
1072 908 1197 990 edidero
1219 909 1292 980 Ζεὺς

533 1024 657 1103 driade.
678 1015 725 1094 οὓς
744 1021 782 1090 io
801 1022 835 1096 iit
858 1021 939 1088 mir
960 1020 1067 1090 neno
1087 1013 1165 1098 litai
1186 1013 1292 1097 ἕλῃσιν.

538 1128 687 1200 Tollitur
709 1130 787 1196 kuic
810 1129 976 1194 hominum
996 1129 1115 1213 generi
1131 1138 1216 1210 part
1239 1122 1352 1190 altera
1374 1125 1490 1190 mentis

534 1235 589 1308 Ab
608 1240 718 1328 Jove,
742 1236 894 1307 seruilem
916 1236 1024 1306 coluit
1047 1255 1126 1322 quos
1149 1234 1268 1300 ducere
1292 1235 1413 1300 airam.
1472 1288 1477 1296 .

359 1353 508 1434 Itemque
529 1350 647 1434 partim
673 1348 809 1420 virtutis
832 1367 933 1432 capax
956 1361 1028 1430 est,
1051 1345 1170 1430 partim
1192 1363 1259 1412 non
1283 1358 1352 1412 est:

535 1463 625 1544 filim
645 1473 699 1539 oie
716 1467 820 1546 ἀρετῆς
838 1466 972 1544 damper*
992 1456 1209 1541 induruim-

539 1569 697 1642 Dimidia
718 1573 848 1638 uirtute
869 1581 964 1636 caret
987 1570 1114 1636 seruire
1134 1578 1280 1634 coactus.

403 1680 508 1768 Quod
528 1694 636 1751 autern
657 1679 691 1750 in
713 1699 810 1748 servo
834 1680 918 1748 idern
942 1677 975 1746 in
995 1677 1138 1748 subditis
1159 1675 1231 1746 aliis
1262 1675 1414 1758 obtinet,
1442 1675 1536 1744 utin

361 1789 442 1862 filio.
487 1789 600 1873 Nam,
633 1805 673 1860 ut
704 1790 814 1874 inquit
838 1790 918 1872 ille,
941 1789 1048 1858 virtus
1067 1787 1161 1874 pueri
1181 1795 1233 1862 oie
1253 1793 1344 1862 eieci
1363 1791 1430 1872 reple
1448 1789 1536 1856 cirin

360 1906 457 1978 tono.
479 1905 565 1974 ἑλλοὶ
587 1905 655 1986 πρὸς
676 1906 726 1972 τὸν
746 1905 854 1978 τέλειον
875 1905 924 1972 ml
945 1905 1122 1986 ἡγούμενον,
1146 1919 1210 1964 non
1231 1900 1336 1988 ipsius
1351 1897 1535 1988 adipsum,

361 2009 419 2076 sed
438 2009 487 2078 ad
504 2031 576 2080 eum
597 2014 656 2096 qui
676 2024 715 2080 ut
728 2010 913 2098 perfectior
928 2008 984 2076 illi
998 2021 1147 2098 praeest.
1184 2009 1231 2078 Et
1246 2007 1439 2077 universalis
1456 2007 1535 2074 haec

363 2119 548 2192 differentia
558 2134 608 2192 est
617 2129 668 2192 rori
679 2123 815 2207 damae
825 2124 875 2192 nai
886 2124 1061 2210 ἀρχομένου.
1079 2124 1148 2189 eius
1166 2123 1327 2194 nimirum
1338 2117 1534 2210 quodimpe

364 2245 423 2298 rat
434 2243 466 2300 et
478 2235 547 2300 eius
559 2230 649 2318 quod
652 2245 774 2318 paret:
798 2231 831 2316 in
844 2251 912 2318 quo
924 2231 1038 2302 ordine
1047 2245 1126 2302 sunt
1137 2245 1170 2296 et
1181 2230 1269 2298 cives
1279 2229 1446 2318 sigillatim
1455 2247 1536 2295 con·

366 2343 511 2417 ridenti.
557 2344 644 2414 Sunt
663 2343 749 2414 enim
769 2343 856 2411 servi
884 2345 1019 2428 legum,
1042 2358 1081 2410 ut
1101 2343 1189 2430 apud
1211 2341 1407 2410 Ciceronem
1429 2345 1438 2378 ¹
1463 2353 1531 2423 est;

362 2473 458 2526 omne
481 2468 589 2524 autem
611 2453 703 2536 quod
724 2454 860 2539 imperat
880 2469 930 2524 est
951 2453 981 2522 ei
1002 2453 1093 2536 quod
1113 2468 1205 2542 paret
1224 2473 1321 2524 causa
1344 2450 1534 2532 virtutis,²

362 2579 402 2636 ut
423 2563 620 2634 Aristotelea
638 2563 788 2646 explicat.
812 2565 891 2652 Quo
910 2563 1042 2648 respicit
1064 2563 1203 2636 Tacitus
1224 2563 1254 2632 't
1273 2565 1430 2655 Principi
1449 2583 1536 2634 suu·

361 2695 449 2744 uum
473 2695 586 2744 rerum
599 2673 770 2760 judicium
793 2674 858 2742 Dii
880 2673 1068 2763 dederunt,
1095 2673 1236 2744 subditis
1258 2675 1402 2759 obsequii
1419 2673 1535 2760 gloria

361 2785 483 2854 relicta
506 2799 566 2856 cst.
612 2785 650 2854 In
674 2785 725 2856 his
749 2785 850 2872 igitur
867 2806 984 2858 verum
996 2785 1174 2874 est,quod
1187 2785 1371 2854 Carneades
1394 2799 1428 2854 et
1446 2784 1534 2854 Aca·

363 2897 481 2972 domici
508 2916 675 2981 perperam
703 2897 744 2964 ad
766 2916 879 2968 omnes
899 2899 1162 2980 transtulerunt,
1191 2895 1353 2980 iustitiam
1374 2895 1408 2962 in
1429 2893 1536 2982 opini-

361 3027 424 3078 one
442 3007 640 3076 consistere:
662 3015 693 3078 οὐ
713 3011 802 3094 φύσει
823 3014 908 3082 inni
926 3011 1024 3096 νόμῳ,
1049 3030 1113 3074 non
1136 3021 1265 3076 notura
1286 3005 1343 3076 sed
1352 3005 1433 3098 lege.
1453 3006 1536 3076 Esse

363 3117 448 3188 enim
462 3117 782 3202 'obtemperationem
805 3117 966 3188 institutis
976 3121 1185 3208 populorum.
1209 3118 1365 3190 Eamdem
1375 3117 1535 3207 justitiam

362 3227 568 3312 Peripatetici
587 3229 685 3298 modo
708 3230 842 3314 legalem
867 3244 1013 3313 vocant,
1036 3231 1134 3304 modo
1158 3231 1360 3318 generalem,
1389 3229 1467 3314 quia
1484 3249 1534 3296 ra·
1590 3291 1593 3296 .

362 3338 453 3410 tione
485 3339 595 3408 eadem
628 3360 697 3412 esse
727 3355 838 3426 potest
866 3361 942 3412 eum
970 3340 1124 3412 omnibus
1146 3341 1349 3421 virtutibus,
1374 3354 1535 3428 quatenus

363 3448 397 3518 in
429 3450 690 3534 praeceptionem
724 3450 855 3520 cadunt.
911 3451 1052 3523 Addunt
1084 3451 1295 3538 scholastici,
1338 3451 1425 3522 sicut
1466 3469 1534 3520 eam

363 3609 560 3632 m

291 3697 299 3712 '
398 3705 828 3772 ¹proCluent.[c.53.}.14⁶.]
864 3705 1001 3762 ²V.Paol.
1019 3709 1076 3760 col.
1094 3721 1117 3766 3.
1136 3719 1217 3764 amet
1236 3721 1277 3760 ra.
1294 3707 1536 3768 adTia.³.1.Eph.
1567 3742 1570 3750 .

365 3799 578 3860 s.t.Rom.1s.
599 3812 620 3847 1.
654 3796 773 3850 ⁸hnnal.
791 3801 849 3860 l·4.

396 3889 410 3953 †
428 3889 525 3954 [Locus
542 3889 646 3938 Homeri
664 3900 702 3938 est
721 3889 747 3938 in
769 3891 816 3940 Od.
834 3892 851 3938 1.
877 3901 915 3948 17.
936 3903 974 3940 vs.
997 3903 1053 3948 poa.
1075 3903 1112 3950 sq.
1138 3891 1184 3938 sed
1207 3889 1285 3939 verba
1303 3889 1462 3954 discrepant3
1479 3901 1536 3938 nant

363 3979 440 4028 hodie
462 3979 560 4030 editur:

637 4071 705 4130 ἥμισυ
722 4067 770 4136 γάρ
795 4069 902 4137 τ’ἆριτῆς
918 4068 1059 4120 &nodutim
1076 4065 1177 4135 εὖρῧοπα
1193 4065 1247 4124 Ζεὺς

638 4157 717 4227 &ripae
726 4195 734 4219 ‚
752 4157 835 4208 rt'rr'oie
852 4179 892 4222 μιν
908 4161 973 4208 κατὰ
989 4158 1075 4208 δούλιον
1092 4158 1159 4226 ἦμαρ
1177 4159 1258 4227 ἕλῃσιν.

364 4251 399 4297 At
410 4249 529 4310 Grotius,
547 4248 591 4309 qui
603 4249 646 4297 hic
661 4263 714 4298 non
732 4253 763 4299 de
781 4252 893 4311 virtute,
910 4253 955 4300 sed
974 4254 1005 4300 de
1022 4251 1121 4300 ratione
1134 4254 1295 4312 loqueretur,
1311 4250 1422 4299 Platonis
1434 4249 1477 4311 [de
1487 4250 1535 4309 leg.

364 4352 389 4406 p.
413 4351 470 4398 777.
490 4340 525 4404 a]
547 4351 571 4388 et
589 4340 714 4392 Athenaei
730 4339 762 4404 [l.
777 4343 801 4391 6.
815 4356 838 4390 c.
858 4341 909 4404 ren]
924 4328 1062 4391 lectionem
1076 4342 1204 4402 praetulit.
1238 4342 1319 4404 Mox,
1335 4340 1380 4390 ubi
1395 4343 1426 4389 de
1441 4339 1535 4390 virtute

364 4442 448 4478 sermo
472 4441 524 4491 est,
542 4430 597 4491 ipre
615 4442 718 4491 quoque
741 4434 844 4481 alteram
861 4432 1012 4494 scripturam
1031 4433 1148 4495 adhibet,
1165 4435 1210 4482 sed
1233 4431 1379 4482 memoriter
1403 4442 1428 4479 et
1453 4431 1487 4478 ita
1509 4441 1536 4478 ut

363 4522 413 4568 duo
435 4519 539 4568 Homeri
557 4534 645 4570 versus
663 4525 795 4572 contrahat
809 4523 835 4572 in
852 4536 942 4582 unum,
961 4522 1005 4583 qui
1020 4525 1067 4574 hac
1082 4523 1164 4576 forma
1179 4535 1301 4586 nusquam
1315 4519 1418 4584 exstat]
