3552 5654
545 680 591 724 DE
614 681 707 745 JURE
735 680 1087 729 Pannonu.cnn.x.
1339 683 1398 746 133

233 835 266 898 in
290 834 377 900 bello
398 831 528 915 privato
547 830 705 898 ultionem
721 852 788 899 non
806 834 975 917 permitti,
995 835 1217 919 captivitatem
1229 854 1295 901 non
1307 855 1402 902 usur-

229 944 351 1027 pariet
372 943 512 1022 similia,
535 941 618 1008 ratio
640 943 710 1026 ipsa
731 959 763 1010 et
783 946 932 1010 locorum
952 945 1092 1029 diligens
1113 945 1245 1012 collatio
1267 961 1402 1028 ecquae

230 1074 328 1137 supra
348 1053 434 1120 dicta
453 1067 531 1118 sunt
550 1052 775 1119 demonstrant
793 1055 1004 1140 intelligenda
1024 1056 1063 1120 de
1091 1057 1179 1122 bello
1207 1056 1335 1138 privato
1361 1056 1404 1122 ob

230 1163 391 1231 defectum
420 1162 542 1248 judicis
568 1178 844 1231 momentaneum.
900 1166 976 1230 Huc
1005 1165 1099 1232 etiam
1133 1166 1281 1248 accedit,
1314 1166 1405 1249 quod

231 1275 329 1340 iidem
342 1277 353 1315 ¹
366 1273 516 1354 tradunt,
535 1271 634 1338 sicui
653 1292 704 1340 res
723 1272 812 1341 furto
832 1290 889 1342 aut
904 1275 1061 1342 violentia
1084 1277 1216 1360 abrepta
1228 1277 1291 1356 sit,
1310 1297 1407 1359 posse

233 1405 306 1450 eum
324 1384 523 1450 tantumdem
543 1383 708 1466 recipere,
728 1384 899 1453 addicente
908 1405 985 1451 mox
997 1387 1173 1469 superiore.
1196 1387 1283 1452 Nam
1294 1407 1407 1468 quam-

236 1515 334 1577 quam
350 1495 455 1578 primo
473 1486 642 1577 spoliatori
655 1495 711 1578 jus
727 1494 914 1561 vindicandi
931 1511 1093 1579 competat
1103 1495 1133 1577 ²,
1148 1497 1285 1562 dandam
1302 1511 1409 1564 tamen

233 1605 380 1672 secundo
401 1605 624 1687 exceptionem
643 1605 918 1688 compensationis
941 1605 1143 1687 intantum,
1176 1622 1335 1688 quantum
1360 1623 1408 1674 est

235 1715 377 1799 spolium
400 1717 453 1781 vel
476 1715 596 1801 injuria
616 1715 759 1783 alterius.
793 1717 935 1783 Videtur
958 1717 1069 1799 itaque
1087 1719 1143 1801 jus
1161 1718 1293 1799 quidem
1317 1733 1410 1783 antea

234 1826 380 1911 pignoris
412 1824 444 1893 in
476 1827 575 1892 rebus
607 1826 673 1894 illis
693 1826 871 1908 habuisse,
894 1843 1008 1910 postea
1029 1848 1108 1895 vero
1129 1828 1184 1911 jus
1208 1827 1345 1893 dominii
1370 1849 1408 1893 ex

235 1937 403 2003 sententia.
442 1937 489 2002 Et
505 1936 583 2002 hinc
604 1936 710 2020 ipsum
733 1957 852 2004 nomen
876 1937 1112 2022 pignerationis
1135 1937 1325 2020 descendit,
1350 1959 1410 2005 nec

235 2047 321 2113 alius
344 2047 425 2114 ordo
449 2062 579 2114 tenetur
602 2047 635 2113 in
659 2046 858 2129 repressaliis
879 2045 900 2112 ⁸.
930 2048 996 2113 Sed
1016 2057 1078 2114 lroc
1101 2048 1197 2115 etiam
1220 2069 1319 2129 casu,
1343 2069 1410 2131 quo

235 2158 387 2240 privatim
411 2173 541 2241 captum
568 2157 701 2241 publice
722 2156 927 2240 adjudicatur
947 2157 979 2221 in
999 2159 1144 2223 solutum
1165 2166 1195 2239 δ,
1219 2158 1409 2224 tentandum

234 2268 374 2333 arbitror
403 2284 441 2334 ut
467 2268 603 2350 praedae
625 2267 825 2334 vocabulum
853 2266 1090 2349 repudiandum
1111 2268 1258 2333 nonsit:
1282 2288 1355 2332 nam
1379 2283 1411 2332 et

235 2379 300 2444 hoc
321 2378 428 2461 ipsum
448 2379 541 2459 quod
559 2377 680 2463 togatis
695 2376 831 2461 judiciis
842 2376 1094 2458 consequimur,
1115 2391 1152 2443 ut
1163 2378 1267 2442 nostri
1279 2378 1412 2443 tradunt

236 2488 407 2569 doctores,
441 2507 508 2554 non
530 2508 548 2551 a
572 2487 684 2571 judice
707 2487 851 2570 accipere
878 2487 1029 2553 videmur
1059 2487 1116 2553 sed
1145 2488 1185 2553 ab
1215 2488 1410 2555 adversario

239 2597 412 2662 Caeterum
437 2597 464 2662 si
481 2596 682 2681 judiciorum
706 2597 862 2662 continua
885 2597 928 2663 sit
949 2597 1107 2679 penuria,
1130 2612 1168 2662 ut
1186 2613 1265 2681 puta
1280 2599 1307 2664 si
1318 2602 1412 2664 locus

237 2709 270 2771 in
287 2707 412 2774 nullius
432 2707 475 2772 sit
489 2707 738 2792 iurisdictione,
756 2707 809 2772 hic
830 2728 904 2772 cum
923 2709 1019 2790 plane
1037 2708 1187 2774 veniatur
1206 2709 1247 2774 ad
1263 2710 1318 2792 jus
1330 2709 1412 2775 illud

235 2832 394 2898 naturae,
417 2818 509 2899 quod
532 2818 677 2884 nondum
699 2816 859 2882 institutis
887 2816 1021 2900 judiciis
1046 2817 1171 2899 ubique
1192 2817 1279 2898 fuit,
1303 2819 1411 2887 statim

237 2928 343 2994 hostis
358 2929 397 2993 ab
413 2929 509 2995 hoste
526 2944 621 3011 capta
632 2929 673 2995 ad
684 2928 817 2993 modum
829 2926 963 3008 crediti,
984 2929 1077 2993 velut
1089 2947 1123 2994 se
1135 2928 1247 3012 judice
1261 2929 1410 3011 acquirit.

234 3039 358 3120 Neque
378 3054 492 3122 postea
510 3059 583 3104 cunt
609 3039 711 3123 judex
731 3038 812 3106 adiri
833 3052 944 3121 potest
967 3038 1007 3102 ad
1027 3037 1267 3104 restitutionem
1287 3039 1412 3106 tenebi-

236 3164 311 3232 tur,
335 3152 378 3215 ob
400 3169 468 3215 eam
488 3151 645 3226 rationem
676 3170 771 3232 quam
803 3149 926 3214 dictant
944 3149 1132 3214 scholastici
1152 3153 1163 3184 ⁵
1185 3149 1218 3214 in
1242 3149 1340 3216 simili
1364 3170 1412 3215 ar-

237 3276 404 3344 gumento.
428 3261 497 3328 Res
517 3260 620 3340 enim,
641 3261 817 3343 inquiunt,
834 3261 958 3326 habens
975 3279 1065 3324 suam
1084 3259 1338 3341 perfectionem,
1353 3279 1413 3327 nec

238 3372 410 3438 continens
427 3387 533 3436 actum
551 3371 774 3437 successivum
792 3391 859 3436 non
877 3385 1068 3450 revocatur,
1089 3370 1166 3435 licet
1182 3385 1296 3453 postea
1310 3386 1414 3439 cesset

238 3499 333 3548 causa
364 3482 422 3548 rei.
471 3482 517 3547 Et
544 3482 572 3548 si
600 3482 723 3548 accidat
751 3496 788 3548 ut
815 3482 879 3548 hoc
906 3482 1001 3548 etiam
1022 3501 1099 3548 casu
1117 3482 1190 3565 jure
1208 3482 1322 3562 civili,
1346 3502 1411 3548 non

237 3591 405 3676 gentium,
437 3593 597 3659 sententia
618 3592 713 3675 sequi
734 3592 870 3673 debeat,
906 3613 942 3658 ea
965 3607 1072 3658 tamen
1094 3612 1160 3656 non
1182 3606 1231 3656 est
1253 3594 1414 3658 censenda

234 3705 288 3786 jus
308 3703 444 3768 dominii
466 3703 624 3788 adficere,
649 3703 705 3768 sed
726 3704 909 3784 quaesitum
934 3704 1095 3768 declarare
1114 3697 1144 3766 ⁸:
1170 3703 1262 3784 quod
1281 3718 1350 3769 tum
1373 3704 1414 3768 ad

236 3813 447 3878 excutiendas
476 3813 606 3878 fraudes
636 3813 858 3895 improborum
893 3813 1116 3879 introductum
1151 3812 1256 3878 videri
1280 3827 1412 3895 potest,

237 3937 305 3990 tum
335 3939 373 3989 ut
401 3923 540 3989 tutiores
572 3922 660 4003 sint,
694 3922 753 4004 qui
786 3937 872 3987 recte
899 3937 1078 4005 ceperunt,
1111 3923 1234 3990 indicto
1260 3923 1413 3990 omnibus

272 4197 279 4228 ¹
298 4199 352 4245 lnn.
371 4197 398 4244 in
417 4199 440 4245 d.
455 4210 477 4244 e.
496 4196 566 4244 olim.
583 4209 609 4243 n.
626 4198 649 4243 8.
668 4207 692 4244 et
711 4195 737 4244 in
754 4198 777 4244 d.
795 4209 817 4243 c.
835 4195 909 4243 sicut.
922 4208 948 4243 n.
961 4195 984 4243 6.
1001 4205 1025 4242 et
1039 4193 1076 4241 ibi
1092 4195 1150 4242 Pan.
1167 4193 1262 4243 Siluio
1272 4209 1297 4242 v.
1307 4195 1412 4244 Bellum.

238 4291 259 4344 5.
279 4300 301 4345 3.
336 4287 347 4320 ¹
364 4289 425 4336 silv.
442 4288 478 4335 ibi
497 4292 519 4345 5.
539 4301 577 4335 ιο.
593 4287 683 4336 Prima.
717 4286 728 4320 ¹
746 4289 811 4335 Bart.
828 4287 854 4334 in
869 4297 942 4334 tract.
956 4287 987 4334 de
1005 4298 1113 4344 repress.
1130 4299 1153 4346 9.
1169 4299 1193 4344 q.
1216 4298 1237 4332 1.
1253 4286 1284 4333 ad
1302 4298 1325 4332 a.
1347 4296 1373 4333 et
1388 4297 1411 4343 ³·

236 4376 326 4426 ‘Silta
347 4379 373 4425 in
391 4393 416 4426 v.
445 4377 629 4439 Repressaliae.
646 4379 672 4426 in
690 4375 749 4426 fine.
784 4377 873 4425 'Silu
889 4377 916 4424 in
935 4392 960 4424 v.
986 4377 1097 4424 Furtum.
1120 4379 1141 4432 5.
1164 4387 1202 4423 ro.
1224 4376 1298 4423 Adde
1319 4389 1342 4422 c.
1362 4375 1411 4423 fao-

236 4479 290 4515 tum
305 4469 425 4528 legitime.
442 4471 472 4517 de
488 4483 539 4530 reg.
552 4467 601 4526 jur.
615 4469 641 4517 in
657 4467 696 4518 6⁰.
716 4467 855 4532 [Decretal.
878 4468 904 4515 in
921 4478 1004 4516 sexto.
1021 4479 1044 4524 5.
1060 4481 1099 4516 ια.
1113 4479 1165 4527 teg.
1181 4465 1233 4526 ys]
1269 4464 1280 4497 ⁸
1297 4468 1314 4512 l.
1330 4463 1403 4514 sicuti

239 4561 260 4614 5.
278 4559 323 4606 sed
340 4557 361 4605 si
376 4571 515 4618 quaeratur.
533 4559 558 4608 ll'.
574 4559 596 4609 si
612 4574 679 4609 serv.
693 4559 763 4608 vind.
784 4557 827 4622 [D.
846 4561 869 4606 8.
886 4572 908 4613 5·
927 4561 950 4605 8.
964 4561 985 4622 5.
1002 4556 1039 4622 3.]
