3530 5656
1222 1129 1230 1140 u

397 1236 854 1360 HUGONIS
911 1238 1286 1358 GROTII

747 1495 937 1570 ernon

471 1708 572 1807 DE
610 1707 799 1840 JURE
843 1705 1211 1880 PRAEDAE.
1259 1819 1262 1824 ,

600 1961 796 2029 CAPUT
839 1961 1094 2030 PRIMUM.

312 2169 526 2217 EXORDIUM·
561 2169 845 2217 ARGUMENTUM.
879 2168 1132 2218 DISTRIBUTIO.
1168 2169 1383 2220 METHODUso

677 2303 681 2308 ¹
709 2281 804 2329 ORDO
838 2280 979 2328 OPERIS.

304 2568 372 2633 Res
393 2587 469 2634 sane
489 2587 577 2636 nova
598 2583 630 2633 et
651 2567 792 2633 externis
811 2567 869 2634 vix
891 2566 1051 2632 credenda
1062 2565 1204 2649 accidit,
1225 2579 1264 2630 ut
1281 2584 1336 2630 eos
1349 2563 1534 2646 intermunt.

261 2678 432 2760 homines,
462 2678 584 2761 quibus
615 2692 679 2743 tam
713 2677 770 2744 diu
801 2678 834 2742 in
856 2677 1023 2760 Hispanos
1043 2677 1166 2742 bellum
1188 2689 1258 2759 est,
1279 2674 1432 2759 privatim

260 2803 425 2873 praeterea
438 2789 626 2874 gravissime
636 2788 795 2870 offensos,
808 2788 892 2854 illud
903 2787 1125 2871 disceptetur,
1147 2806 1187 2853 an
1196 2787 1287 2871 justo
1300 2785 1334 2851 in
1345 2787 1433 2852 bello

259 2900 386 2966 hostem
410 2901 694 2985 crudelissimum,
717 2899 842 2983 quique
866 2896 1010 2986 gentium
1033 2897 1228 2964 commercia
1249 2897 1340 2981 prior
1360 2897 1433 2962 vio·

259 3010 347 3093 larit,
368 3013 560 3078 auctoritate
579 3011 713 3096 publica
733 3026 822 3077 reete
861 3010 1014 3094 spolient.
1068 3011 1118 3075 Ita
1147 3009 1208 3092 lit,
1238 3023 1278 3076 ut
1296 3008 1433 3092 Batavi,

259 3142 324 3204 qua
355 3137 448 3208 gente
479 3143 545 3190 non
575 3123 636 3189 alia
666 3136 714 3190 est
734 3121 864 3188 honesti
905 3137 1062 3205 quaestus
1092 3121 1240 3204 avidior,
1275 3139 1435 3188 verecun-

260 3232 329 3299 dari
351 3233 527 3300 videantur
556 3234 709 3301 nonnulli
737 3234 887 3318 praedam
909 3252 1106 3320 agnoscere,
1128 3232 1350 3300 misericordia
1372 3233 1436 3298 sci·

261 3343 338 3410 licet
363 3343 396 3411 in
419 3345 514 3424 illos,
536 3345 594 3428 qui
625 3345 687 3429 ipsi
718 3364 759 3411 ne
783 3345 928 3412 hostium
954 3345 1086 3428 quidem
1107 3344 1180 3429 jura
1207 3358 1434 3412 servaverunt.

260 3454 362 3540 Quod
384 3475 459 3522 cum
489 3456 617 3522 accidat
634 3456 751 3541 partim
764 3457 980 3540 quorumdam
990 3476 1104 3541 parum
1117 3456 1316 3540 reipublicae
1327 3474 1436 3521 aman-

260 3565 342 3632 tium
383 3568 579 3650 calumniis,
620 3568 738 3653 partim
777 3569 916 3634 aliorum
949 3568 1107 3654 religione
1142 3582 1174 3634 et
1207 3567 1437 3651 superstitiosa

260 3678 397 3759 quadam
421 3679 640 3764 abstinentia,
662 3695 700 3746 ut
721 3680 851 3746 illorum
874 3679 1016 3745 malitiae
1037 3698 1230 3761 occurrere,
1252 3679 1297 3744 ita
1318 3679 1436 3746 horum

260 3787 501 3872 simplicitatem
524 3789 692 3858 instruere
707 3811 823 3875 operae
841 3788 981 3874 pretium
1003 3789 1079 3855 fuit.
1125 3789 1245 3872 Neque
1267 3788 1351 3854 enim
1363 3809 1437 3872 pera

260 3897 431 3982 spicaciori
465 3899 617 3982 cuiquam
650 3902 799 3984 ignotum
828 3919 897 3966 esse
925 3913 1053 3983 potest,
1077 3918 1143 3982 quo
1163 3899 1225 3963 ista
1248 3899 1384 3964 tendant
1406 3913 1438 3964 et

260 4009 380 4092 quibus
402 4009 547 4077 hostium
580 4009 706 4078 artibus
736 4011 944 4078 misceantur.
990 4011 1077 4076 Nam
1100 4010 1128 4078 si
1149 4009 1317 4093 Hispanos
1339 4009 1437 4076 maris

260 4122 448 4189 obsessores
480 4119 645 4188 offendere
675 4136 802 4188 cessant
829 4121 963 4200 Batavi,
997 4122 1088 4204 quod
1116 4140 1193 4187 sane
1223 4119 1300 4198 fiet,
1330 4122 1359 4186 si
1388 4140 1438 4188 res

261 4230 322 4299 ista
342 4233 412 4299 sine
432 4234 603 4300 commodo
624 4232 806 4317 periculum
819 4247 944 4300 tantum
956 4232 1088 4312 afferet,
1111 4247 1233 4298 crescet
1245 4233 1438 4298 immensum

261 4344 316 4409 illa
344 4344 507 4411 ferocium
537 4345 717 4413 animorum
748 4346 945 4430 insolentia,
974 4347 1085 4412 clausa
1115 4345 1208 4412 brevi
1241 4344 1440 4410 tenebuntur
1550 4425 1551 4428 Ἴ

262 4453 372 4520 littora
381 4457 484 4525 totius
496 4457 585 4524 orbis
596 4505 608 4534 ,
629 4473 760 4526 corruet
782 4457 928 4525 Asiatica
948 4457 1053 4523 omnis
1076 4455 1280 4542 negotiati0,
1303 4476 1368 4539 qua
1385 4455 1441 4521 vel

199 4605 202 4609 -
261 4567 332 4632 sola
367 4568 422 4633 vel
458 4567 629 4652 potissima
668 4570 817 4656 publicas
847 4589 927 4655 opes
961 4569 1115 4639 sustineri
1146 4569 1257 4636 sciunt
1287 4566 1351 4651 ipsi
1380 4586 1440 4635 nec

1292 4675 1307 4720 1
