3546 5654
377 669 440 730 244
674 667 721 712 nn
744 664 839 729 June
864 664 1049 712 rannone,
1074 666 1152 711 cnr.
1178 666 1244 712 x11.

375 835 602 888 contractuum
630 820 847 901 universalis,
880 825 1146 902 ἡμεταβηητικη,
1180 834 1331 884 anatura
1351 834 1419 884 est:
1456 820 1544 884 modi

375 947 483 998 autem
512 932 639 1013 aliquot
666 931 848 1016 singulares
875 931 1051 1014 ipsumque
1080 931 1243 1013 pretium,
1274 936 1548 1015 ηχρηματιστικη,

375 1045 415 1109 ab
444 1044 596 1110 instituto
626 1044 655 1106 ¹:
697 1064 781 1124 quae
809 1041 1009 1108 vetustiores
1036 1041 1120 1125 juris
1149 1042 1344 1125 interpretes
1373 1061 1439 1106 non
1470 1041 1547 1108 satis

375 1155 605 1221 distinxerunt.
642 1154 797 1220 Fatentur
816 1169 922 1218 tamen
943 1172 1055 1218 omnes
1076 1149 1087 1184 ²
1107 1154 1340 1236 proprietatem
1361 1173 1468 1218 rerum
1487 1156 1549 1219 sal-

376 1282 440 1332 tem
460 1266 631 1332 mobilium
652 1267 758 1350 aJ’ure
790 1264 934 1350 gentium
955 1265 1108 1348 primario
1128 1266 1281 1348 prodire,
1307 1266 1450 1346 itemque
1472 1286 1551 1331 con-

376 1393 499 1444 tractus
530 1398 663 1459 omnes,
699 1378 821 1460 quibus
852 1377 994 1460 pretium
1024 1396 1091 1442 non
1124 1378 1261 1444 accedit.
1316 1377 1509 1460 Philosophi
1540 1383 1551 1418 ³

377 1501 429 1568 τῆς
451 1495 694 1572 μεταβλητικῆς.
718 1510 813 1571 quam
846 1488 1104 1554 translationem
1133 1503 1260 1555 vertere
1280 1489 1413 1568 licebit,
1435 1509 1552 1574 genera

380 1616 528 1668 statuunt
547 1602 614 1666 duo
625 1650 633 1679 ,
645 1606 697 1678 τὴν
717 1606 869 1685 ἐμπορικὴν
888 1605 939 1669 καὶ
959 1605 1011 1677 τὴν
1029 1608 1211 1680 κκιιηλικηιτ
1234 1621 1371 1684 quarum
1394 1606 1551 1685 ἑμπιρική,

380 1733 464 1794 quae
500 1727 566 1790 est,
591 1727 628 1776 ut
657 1732 725 1777 vox
748 1712 818 1794 ipsa
841 1711 987 1791 indicat,
1012 1712 1096 1777 inter
1124 1728 1236 1796 gentes
1260 1712 1413 1792 dissitas,
1437 1712 1550 1778 ordine

379 1839 513 1889 naturae
541 1823 630 1905 prior
649 1839 699 1889 est
721 1837 753 1888 et
774 1823 858 1888 sica
880 1824 1018 1888 Platone
1042 1823 1177 1905 ponitur
1196 1823 1218 1889 ⁴.
1262 1830 1417 1903 Karatai
1442 1825 1550 1890 eadem

381 1935 514 2001 videtur
544 1955 637 2015 esse,
671 1955 754 2016 quae
784 1938 970 2018 παράστασις
1000 1935 1172 2000 Aristoteli
1196 1941 1232 2015 ⁵,
1262 1936 1464 2000 tabernaria
1494 1956 1552 2002 seu

382 2051 533 2112 stataria
557 2049 738 2133 negotiatio
763 2045 846 2110 inter
869 2046 970 2112 cives.
1008 2047 1096 2111 Idem
1116 2046 1314 2112 Aristoteles
1332 2051 1383 2124 την
1402 2052 1554 2131 ἐμπορικήν

382 2157 502 2225 dividit
524 2159 557 2224 in
578 2163 749 2242 ναυκληρίαν
769 2173 802 2224 et
817 2161 997 2246 φορτηγίαι,
1011 2178 1150 2241 quarum
1162 2160 1242 2224 haec
1255 2159 1400 2224 terrestri
1412 2158 1551 2239 itinere,

381 2269 436 2334 illa
459 2269 621 2334 maritimo
646 2289 767 2336 merces
787 2270 933 2336 devehit.
970 2270 1141 2336 Sordidior
1164 2285 1271 2336 autem
1294 2285 1343 2335 est
1361 2273 1553 2350 annotini‘,

383 2395 495 2447 contra
525 2381 696 2446 honestior
716 2384 872 2466 ἐμπορικη,
904 2396 936 2447 et
965 2381 1125 2446 maritima
1153 2381 1312 2461 maxime,
1345 2381 1423 2463 quia
1453 2383 1554 2447 multa

383 2492 497 2558 multis
519 2491 677 2576 impertit.
724 2493 804 2557 Inde
827 2493 961 2559 navium
985 2493 1215 2559 exercitionem
1236 2494 1277 2559 ad
1297 2513 1453 2558 summam
1474 2513 1556 2558 rem-

383 2603 548 2686 publicam
582 2603 743 2686 pertinere
773 2605 854 2670 dicit
875 2605 1083 2688 Ulpianus⁷,
1108 2606 1297 2673 institorum
1320 2625 1387 2672 non
1409 2605 1556 2671 eumdem

383 2735 453 2782 esse
475 2735 581 2782 usum.
628 2716 720 2803 Quin
752 2717 806 2782 illa
836 2717 970 2782 omnino
997 2717 1178 2783 secundum
1202 2732 1349 2783 naturam
1375 2717 1556 2782 necessaria

384 2843 449 2895 est.
496 2828 696 2896 Aristoteles
716 2836 747 2893 ⁸:
771 2833 833 2898 ἐστὶ
857 2835 916 2914 γὰρ
937 2836 952 2906 η
974 2835 1182 2913 μεταβλητικὴ
1202 2833 1337 2903 πάντων,
1359 2834 1505 2913 ἀρξαμένη
1525 2835 1558 2898 τὸ

384 2945 438 3022 μὲν
459 2945 616 3025 natitavit
636 2949 688 3009 τοῦ
708 2945 789 3010 naria
811 2944 900 3027 Φύσιν
919 2946 959 3025 τῷ
982 2949 1023 3010 τὰ
1045 2947 1098 3024 μὲν
1121 2946 1230 3016 πλείω,
1253 2945 1295 3010 καὶ
1317 2945 1347 3010 δὲ
1362 2943 1478 3009 ἐλάττω
1501 2950 1556 3009 τῶν

384 3057 486 3120 ἱκανῶν
508 3055 585 3136 ἔχειν
615 3056 681 3126 τοὺς
702 3056 870 3135 ἀνθρώπους.
923 3052 988 3117 Est
1018 3057 1104 3117 anim
1136 3053 1320 3118 translatio
1354 3072 1468 3116 rarum
1491 3072 1556 3115 orn·

385 3167 503 3241 nium,
535 3174 649 3247 coapta
681 3163 722 3226 ab
745 3165 845 3227 initio
869 3165 911 3227 ab
935 3185 968 3228 ao
992 3164 1080 3249 quod
1101 3179 1147 3229 ast
1169 3165 1345 3230 sacrandum
1369 3177 1557 3245 naturam,

384 3295 458 3338 curn
479 3275 621 3338 hominos
636 3276 769 3358 partim
791 3274 950 3340 haberant
964 3274 1072 3360 plara
1092 3296 1193 3360 quarn
1214 3277 1414 3363 sufficerant,
1423 3279 1555 3363 partina

386 3388 486 3450 etiam
517 3387 697 3468 pauciora.
758 3384 881 3451 Seneca
905 3389 937 3449 ⁹:
971 3407 1055 3471 quaa
1086 3391 1226 3465 ornaris,
1249 3387 1388 3455 rendere
1408 3391 1559 3473 gentium

377 3497 438 3579 jus
461 3508 517 3560 est.
561 3495 811 3561 Commercandi
825 3496 931 3581 igitur
950 3497 1084 3564 libertas
1106 3519 1147 3564 ex
1163 3499 1237 3582 jure
1255 3514 1304 3564 est
1316 3499 1468 3582 primario
1482 3518 1560 3583 gen-

387 3605 493 3688 tium,
518 3605 609 3687 quod
632 3609 810 3672 naturalem
840 3623 872 3672 et
892 3624 1081 3692 perpetuam
1112 3631 1240 3677 causam
1273 3611 1393 3694 habet,
1418 3611 1560 3694 ideoque

422 3879 430 3912 ¹
449 3881 529 3930 Arist.
551 3881 582 3928 de
603 3893 667 3928 mor.
684 3883 716 3929 ad
732 3880 835 3930 Nicom.
851 3884 869 3929 l.
888 3896 911 3938 5.
932 3896 957 3930 c.
971 3885 994 3931 8.
1012 3881 1050 3946 [p.
1072 3896 1143 3941 1133.
1164 3898 1185 3932 1.
1201 3899 1239 3933 vs.
1256 3898 1297 3932 20.
1317 3884 1386 3948 sqq.]
1406 3898 1431 3932 et
1450 3887 1481 3933 de
1500 3898 1557 3944 rep.

386 3975 404 4021 l.
424 3986 445 4022 ι.
459 3985 482 4020 c.
502 3985 526 4033 9.
546 3971 584 4033 [p.
603 3984 673 4029 1257·
692 3986 712 4020 1.
729 3973 839 4034 vs.'31.]
858 3987 881 4020 c.
899 3970 939 4030 jus
957 3976 1079 4023 naturale.
1106 3975 1194 4037 [Dect.
1213 3975 1283 4023 Grat.
1298 3990 1325 4036 p.
1341 3989 1363 4024 1.
1382 3973 1456 4038 1.7.]
1478 3974 1561 4023 Arist.

387 4065 411 4112 d.
435 4065 451 4111 l.
467 4077 490 4111 c.
511 4077 535 4125 9.
561 4062 599 4124 [p.
618 4076 691 4120 1257.
709 4077 730 4111 1.
748 4077 785 4112 vs.
805 4063 856 4125 ¹4]
892 4061 903 4095 ²
921 4065 1062 4114 Castrensis
1082 4079 1114 4114 ex
1131 4067 1204 4127 Cyno
1222 4077 1247 4113 et
1266 4066 1323 4114 aliis
1340 4065 1366 4114 in
1381 4067 1405 4114 d.
1420 4068 1437 4113 l.
1453 4079 1485 4114 ex
1504 4068 1554 4114 hoc

386 4153 450 4211 jure.
475 4154 519 4215 [D.
548 4167 569 4203 1.
594 4167 617 4201 1.
640 4153 676 4217 5.]
698 4169 724 4204 n.
745 4168 785 4204 20.
811 4165 835 4202 et
861 4157 903 4202 28.
937 4154 1036 4204 8Ριιιιο
1055 4157 1182 4217 sophista.
1202 4154 1242 4220 [p.
1262 4169 1319 4213 223.
1337 4156 1374 4217 d]
1412 4155 1513 4204 ⁴Plato
1531 4157 1561 4204 de

387 4258 442 4305 rep.
464 4248 481 4292 l.
507 4259 529 4292 a.
552 4242 589 4307 [p.
617 4257 674 4302 371.
696 4259 718 4293 c.
740 4245 777 4306 d.]
801 4245 844 4304 qui
863 4248 936 4296 locus
956 4247 1049 4296 citatur
1070 4249 1096 4301 in
1115 4250 1132 4296 1.
1151 4263 1176 4296 2.
1194 4248 1220 4296 ff.
1239 4250 1270 4296 de
1286 4251 1364 4298 nund.
1383 4247 1428 4312 [D.
1448 4260 1488 4304 50.
1511 4248 1563 4309 11.]

387 4332 492 4384 idmst.
518 4337 550 4383 de
565 4348 619 4395 rep.
635 4337 652 4382 l.
674 4349 695 4383 1.
713 4350 735 4384 c.
755 4350 793 4384 11.
813 4337 850 4398 [p.
868 4341 940 4394 1258.
960 4352 983 4386 2.
999 4352 1037 4388 vs.
1055 4338 1107 4402 23.]
1144 4338 1154 4370 ⁶
1173 4339 1229 4388 Cic.
1246 4341 1278 4388 de
1297 4339 1340 4388 off.
1357 4341 1377 4388 l.
1397 4353 1418 4389 ι.
1436 4339 1515 4388 Arist.
1534 4341 1566 4388 de

388 4441 442 4487 rep.
458 4429 476 4473 l.
496 4440 517 4474 1.
535 4441 558 4476 c.
573 4441 598 4489 9.
617 4427 656 4487 [p.
675 4439 748 4485 1257.
771 4441 794 4476 2.
811 4442 849 4478 vs.
870 4443 892 4478 1.
912 4430 980 4491 sqq.]
1016 4427 1028 4465 ⁷
1044 4433 1062 4478 1.
1083 4444 1105 4480 ι.
1125 4433 1147 4489 5.
1165 4430 1236 4479 licet.
1253 4430 1279 4478 ff.
1297 4433 1328 4479 de
1349 4444 1435 4480 exerc.
1454 4432 1565 4480 actione.

391 4516 435 4581 [D.
453 4531 492 4577 14.
511 4531 532 4566 1.
550 4531 571 4566 t.
589 4521 611 4576 ξ.
626 4517 680 4582 20.]
705 4517 717 4548 ⁰
734 4518 839 4567 ibidem.
856 4520 893 4580 [p.
913 4533 985 4579 1257.
1002 4535 1024 4570 1.
1039 4536 1077 4571 vs.
1094 4535 1132 4584 14.
1149 4521 1218 4586 sqq.]
1244 4520 1255 4553 ⁹
1273 4524 1305 4571 de
1323 4522 1409 4571 benef.
1425 4525 1443 4571 1.
1461 4536 1482 4572 t.
1497 4536 1521 4571 c.
1536 4537 1561 4585 9.
