3536 5692
510 676 558 722 DE
580 676 675 742 JURE
700 676 887 722 PRAEDAE.
913 675 991 721 cnP.
1016 673 1097 720 XIII.
1320 671 1379 735 291

210 848 299 898 sunt.
346 832 432 898 Nam
454 832 591 896 alterum
623 831 727 911 illud,
751 845 789 895 ut
808 830 935 896 easdem
958 847 1114 912 personas
1143 845 1383 908 consequamur

210 965 293 1026 quae
314 944 466 1009 damnum
488 942 585 1007 nobis
602 942 783 1022 dederunt,
808 962 881 1006 cum
906 941 1032 1023 ubique
1063 937 1197 1004 difficile
1221 953 1286 1016 est,
1312 953 1381 1002 tum

210 1057 242 1120 in
272 1057 326 1121 illa
348 1054 557 1139 navigatione
586 1053 643 1120 vix
667 1068 715 1118 est
738 1067 775 1119 ut
798 1053 1001 1137 contingat·
1025 1052 1098 1116 Nec
1127 1050 1215 1116 credi
1248 1070 1305 1133 par
1333 1063 1382 1114 est

208 1167 316 1232 minus
339 1166 372 1231 in
397 1166 474 1232 belli
496 1165 627 1250 gerendi
641 1165 799 1230 mandatis
812 1164 994 1246 contineri,
1015 1184 1112 1244 quam
1125 1163 1158 1228 in
1172 1162 1381 1245 repressaliis.

211 1279 285 1344 Hoc
318 1278 419 1362 igitur
440 1277 601 1343 codicillis
625 1275 789 1358 efficitur,
814 1291 852 1342 ut
872 1275 1034 1358 quidquid
1059 1277 1132 1359 iure
1149 1274 1294 1360 gentium
1316 1273 1383 1358 pri-

210 1389 278 1456 vati
306 1388 412 1454 facere
439 1388 648 1472 potuissent,
673 1388 707 1454 id
729 1409 816 1454 nunc
848 1403 934 1453 retro
963 1387 1157 1473 auctoritate
1187 1387 1320 1469 publica
1350 1400 1383 1452 et

211 1499 304 1582 quasi
318 1501 447 1566 decreto
461 1502 548 1566 bello
560 1499 679 1565 fecisse
693 1499 899 1565 existimandi
918 1499 996 1565 sint.
1017 1499 1097 1583 Jure
1115 1513 1222 1564 autem
1236 1497 1382 1582 gentium
1436 1509 1462 1554 V.
1486 1518 1541 1554 ante

1396 1563 1465 1608 concl.
1485 1563 1539 1609 VII.

211 1612 413 1677 ostendimus
438 1633 477 1677 ex
500 1611 588 1676 facto
611 1611 811 1694 reipublicae
833 1626 890 1676 aut
912 1610 1159 1695 magistratuum
1191 1609 1293 1676 teneri
1316 1609 1540 1731 ⁸5¹¹·Js'fffflj

212 1725 306 1808 gulos
337 1723 511 1802 subditos,
537 1743 577 1788 ex
606 1721 692 1788 facto
722 1722 954 1804 subditorum,
979 1723 1071 1805 quod
1099 1743 1165 1789 non
1196 1723 1268 1789 sine
1288 1718 1541 1804 culpam-,inex-

1395 1793 1438 1824 am.
1446 1793 1466 1835 ey
1471 1793 1495 1823 as
1502 1793 1541 1822 ar·

211 1834 410 1916 impunitum
432 1835 497 1914 sit,
522 1834 709 1901 universam
741 1834 972 1916 rempublicam
997 1849 1029 1900 et
1051 1835 1098 1900 sic
1121 1834 1210 1920 lieri,
1241 1849 1279 1900 ut
1301 1833 1541 1932 civisssssssm‘jmg'z

212 1944 309 2010 unius
342 1943 463 2011 factum
496 1947 633 2011 alterum
662 1945 798 2029 obliget.
846 1945 978 2012 Nomen
1000 1961 1108 2012 autem
1130 1945 1268 2031 injuriae
1291 1941 1543 2054 repa-ffisss'pf'g'fg

211 2056 327 2122 randae
359 2076 424 2121 non
449 2071 575 2122 tantum
599 2057 860 2140 persecutionem
885 2057 993 2122 damni
1026 2073 1058 2123 et
1085 2072 1253 2124 sumtuum
1279 2048 1544 2162 conti-ffgss'ssij‘ssj

212 2183 289 2248 net,
314 2169 372 2234 sed
390 2183 422 2234 et
443 2189 590 2251 poenae,
616 2169 707 2250 quod
730 2168 950 2235 indubitatum
975 2185 1024 2235 est
1047 2169 1080 2233 in
1101 2169 1253 2235 mandato
1274 2168 1384 2251 reipu-
1397 2156 1454 2204 ΜΔ·
1469 2157 1541 2202 ‘'³³“

213 2279 340 2361 blicac‚
373 2301 456 2360 quae
490 2279 636 2346 omnium
668 2279 882 2362 interpretum
915 2299 1077 2346 consensu
1101 2280 1111 2314 ¹
1131 2281 1186 2364 jus
1217 2280 1316 2344 habet
1348 2291 1384 2344 ut

194 2389 249 2456 in
268 2392 415 2456 internos
434 2391 479 2455 ita
499 2391 533 2454 in
555 2406 707 2456 externos
734 2410 795 2456 suo
821 2392 935 2458 ordine
957 2411 1017 2474 pro
1040 2391 1156 2456 merito
1179 2389 1382 2456 vindicandi.

213 2501 288 2566 Hoc
312 2501 414 2586 igitur
437 2502 615 2567 videndum
640 2517 711 2583 est,
742 2522 782 2569 an
811 2503 893 2585 quid
915 2505 978 2568 tale
1003 2502 1239 2569 Hcmskerrkio
1262 2500 1383 2566 factum

212 2613 256 2678 sit
280 2616 419 2698 ejusque
442 2615 605 2694 navibus,
636 2628 692 2680 aut
716 2613 774 2696 qui
799 2613 827 2680 ei
851 2634 986 2680 suorum
1010 2617 1083 2690 loco
1107 2615 1218 2681 haberi
1243 2615 1384 2696 debent,

213 2725 304 2807 quod
326 2724 467 2790 Ordines
488 2739 544 2790 aut
563 2725 717 2808 Princeps
737 2725 874 2809 injuriae
894 2727 1026 2792 nomine
1045 2726 1216 2809 complecti
1236 2726 1385 2793 voluisse

213 2837 366 2904 censendi
389 2851 476 2902 sunt.
524 2836 681 2902 Omittam
706 2837 759 2901 hic
782 2836 883 2921 igitur
906 2837 1076 2903 Lusitanis
1099 2837 1255 2904 invidiam
1277 2837 1385 2902 facere
1424 2846 1451 2892 V-
1473 2858 1545 2911 turta

213 2948 496 3014 commemorando
529 2949 746 3030 deprehensas
778 2949 812 3014 in
845 2948 914 3031 ipsa
951 2969 1083 3015 caracca
1116 2949 1225 3016 tristes
1250 2947 1384 3014 exuvias
1397 2900 1545 2999 3αῇἵῖἶῖ

213 3060 383 3126 hominum
416 3060 680 3140 Hollandorum‚
714 3079 799 3142 quos
831 3059 879 3126 illi
904 3061 944 3126 ad
967 3062 1179 3127 Macaiintem
1203 3075 1315 3126 contra
1337 3057 1385 3126 fas
1399 3009 1500 3108 'alif'
1523 3021 1543 3052 θ’

213 3191 309 3238 omne
333 3186 365 3238 et
388 3171 484 3236 fidem
508 3173 747 3255 strangularant
769 3187 801 3236 et
824 3187 1016 3238 merserant:
1047 3193 1244 3255 quamquam
1268 3171 1303 3236 hi
1323 3171 1386 3254 ipsi

213 3301 279 3349 non
312 3298 437 3350 tantum
470 3284 513 3349 ob
545 3283 667 3367 patriae
699 3284 985 3370 conjunctionem,
1019 3285 1076 3350 sed
1108 3285 1184 3366 quia
1212 3286 1251 3348 ab
1275 3283 1384 3348 eadem

213 3395 368 3461 societate
400 3395 491 3461 missi
524 3411 636 3478 erant,
670 3398 764 3481 cujus
798 3397 985 3464 administer
1015 3412 1084 3464 erat
1107 3395 1384 3477 Hemskerckius‚

214 3507 310 3573 alieni
342 3527 408 3573 non
441 3523 593 3591 poterant
626 3509 732 3574 videri
752 3508 783 3572 ²:
818 3529 926 3591 neque
960 3509 1163 3593 praefectum
1202 3523 1385 3590 nautasque

214 3639 326 3685 omnes
358 3621 466 3686 minus
499 3623 710 3687 vehementer
742 3642 781 3688 eo
813 3621 956 3689 facinore
988 3621 1189 3688 commoveri
1213 3620 1385 3703 oportuit,

216 3752 311 3813 quam
343 3746 467 3797 certum
497 3748 564 3798 erat
587 3733 729 3798 Ordines
753 3748 785 3798 et
807 3733 1013 3816 Principem,
1037 3734 1065 3800 si
1089 3734 1122 3797 in
1146 3753 1212 3798 rem
1236 3751 1386 3819 praesen·

145 3915 146 3920 ἵ
215 3858 279 3908 tem
313 3843 384 3910 sisti
416 3844 625 3926 potuissent,
658 3846 778 3909 bellum
812 3865 850 3910 eo
874 3844 1006 3910 nomine
1028 3845 1217 3908 decreturos
1240 3843 1387 3925 ipsisque

215 3955 425 4020 mandaturos
457 3954 570 4020 fuisse.
618 3956 777 4021 Omittam
811 3955 906 4020 etiam
939 3970 1083 4037 repetere
1114 3954 1304 4036 quomodo,
1329 3954 1388 4036 qui
1421 3973 1503 4037 ‚supra
1521 3971 1547 4016 a.

216 4067 352 4133 comites
381 4065 489 4150 priore
513 4067 629 4134 itinere
654 4067 881 4156 Hemskerclrii
904 4066 1057 4146 fuerant,
1082 4067 1190 4132 Banda
1213 4067 1385 4132 Anbonam
1400 4025 1546 4126 I'r'ti'cs'iff‘

216 4177 306 4242 missi
330 4200 347 4244 a
371 4179 540 4246 Lusitanis
573 4179 747 4264 intercepti
779 4179 846 4245 sint
877 4199 1030 4262 unusque
1063 4199 1174 4245 eorum
1202 4177 1388 4246 foedissime

216 4329 398 4354 -———...‘

251 4436 259 4468 ¹
277 4437 308 4484 V.
325 4438 394 4486 vict.
418 4441 450 4488 de
471 4439 528 4497 jure
553 4441 615 4489 belli
640 4455 664 4490 n.
693 4455 731 4504 19.
755 4453 780 4490 et
805 4439 885 4498 cajet.
910 4443 943 4490 ad
961 4443 1052 4491 summ.
1071 4455 1093 4488 2.
1112 4454 1136 4489 2.
1152 4441 1193 4503 69.
1210 4451 1256 4490 art.
1275 4453 1298 4498 3.
1331 4439 1342 4474 ²
1359 4443 1390 4490 V.

218 4528 320 4576 Cardin.
338 4531 370 4576 ad
388 4531 471 4578 Clem.
492 4545 600 4580 causam.
617 4537 638 4590 §-
655 4547 752 4582 verum.
769 4535 808 4581 De
824 4535 899 4581 elect.

1201 4622 1259 4704 19*
