3530 5656
599 641 644 692 ns
667 645 761 712 June
787 645 973 694 eumenus.
1000 648 1081 695 cnr.
1106 611 1150 695 v.'
1419 651 1459 714 59

287 819 338 866 res
370 814 511 865 caeterae
541 801 581 865 ad
611 821 663 866 eas
691 795 813 867 referri.
859 803 905 867 Et
931 805 1064 885 quidem
1098 818 1135 868 ut
1169 802 1288 870 vitiosa
1311 804 1355 869 sit
1373 802 1458 868 actio

287 911 429 992 aliquam
458 927 627 978 causarum
658 911 810 979 vitiosam
844 935 913 982 esse
939 915 1078 982 sufficiet
1096 922 1126 978 ¹:
1157 930 1244 980 recta
1261 936 1340 982 vero
1358 931 1395 981 ut
1417 915 1460 982 sit

287 1021 470 1105 (siquidem
493 1031 617 1088 rectum
635 1023 699 1089 nisi
714 1040 781 1090 uno
800 1025 898 1091 modo
918 1043 988 1092 esse
1008 1043 1074 1091 uon
1095 1029 1222 1111 potest)
1241 1026 1312 1092 illas
1323 1045 1458 1106 omnes,

288 1132 456 1213 quomodo
487 1147 637 1216 oportet,
667 1152 859 1201 concurrere
888 1155 1019 1203 necesse
1044 1151 1103 1203 est.
1148 1137 1187 1202 Id
1208 1136 1356 1203 Graecus
1374 1136 1459 1201 indi·

287 1257 340 1308 cat
361 1263 477 1310 versus
499 1244 531 1309 ²:

461 1361 552 1426 ἐσθλοὶ
573 1362 626 1441 μὲν
645 1361 705 1444 γὰρ
726 1361 851 1440 ἁπλῶς,
874 1362 1063 1435 παντοδαπῶς
1083 1354 1113 1427 ii
1135 1359 1229 1428 eamd

463 1467 670 1552 Simpliciter
691 1468 791 1532 bonus
814 1482 884 1533 est:
906 1483 944 1532 at
967 1467 1074 1533 malus
1099 1467 1298 1534 omnimodis.

334 1577 435 1642 Omne
461 1593 538 1663 ergo
568 1578 688 1643 bellum
709 1579 842 1664 justum
873 1590 939 1659 est,
970 1575 1058 1662 quod
1088 1593 1192 1641 omnes
1214 1595 1333 1640 causas
1344 1577 1459 1661 justas
1473 1605 1548 1650 omn,
1563 1603 1603 1648 w,

288 1687 397 1754 habet.
445 1689 572 1755 Causae
596 1689 707 1770 itaque
738 1687 966 1753 examinandae
996 1701 1084 1752 sunt.
1130 1687 1177 1752 Et
1195 1685 1228 1753 in
1246 1686 1350 1769 prima
1369 1702 1459 1770 parte

288 1798 464 1864 videndum
495 1799 552 1881 qui
580 1800 668 1883 juste
696 1800 817 1864 bellum
848 1813 978 1882 gerant,
1015 1798 1049 1863 in
1087 1797 1231 1863 secunda
1268 1797 1390 1879 quibus
1420 1798 1459 1863 de

288 1911 399 1977 causis
420 1926 453 1977 et
473 1910 506 1975 iu
525 1929 632 1993 quos,
657 1911 691 1976 in
711 1910 804 1976 tertia
824 1909 992 1992 quomodo
1007 1929 1066 1974 seu
1087 1923 1269 1992 quatenus,
1293 1909 1327 1975 in
1345 1923 1460 1989 quarta

288 2039 446 2103 quorsum
468 2042 603 2104 quoque
626 2021 743 2088 animo,
789 2021 929 2104 Operam
952 2035 1059 2086 autem
1079 2021 1162 2085 hanc
1185 2039 1250 2085 non
1272 2039 1311 2084 eo
1336 2019 1460 2085 insum·

287 2131 413 2215 simus,
440 2134 532 2215 quod
557 2131 695 2198 aliorum
717 2123 813 2198 nobis
834 2132 960 2197 labores
980 2133 1019 2198 de
1041 2129 1115 2216 jure
1145 2130 1222 2197 belli
1242 2130 1457 2214 displiceant,

287 2243 410 2327 quippe
440 2265 581 2325 quorum
606 2243 702 2309 etiam
726 2241 903 2308 auctoritas
934 2241 1029 2310 nobis
1060 2242 1134 2306 usui
1166 2240 1278 2306 futura
1306 2240 1368 2306 sit:
1401 2242 1459 2306 sed

287 2353 364 2436 quia
392 2374 431 2419 ex
454 2353 682 2434 adminiculis,
700 2333 784 2436 quae
805 2353 901 2419 nobis
918 2354 983 2437 jam
1005 2351 1286 2435 comparavimus,
1310 2351 1457 2433 aliquan·

286 2477 357 2528 tum
379 2483 439 2529 nos
457 2464 497 2528 ad
520 2463 701 2529 earumdem
722 2483 852 2546 rerum,
881 2483 962 2547 quas
988 2462 1036 2529 illi
1063 2462 1266 2528 tradiderunt
1286 2461 1457 2528 certitudi-

288 2595 379 2655 nem,
411 2589 467 2639 aut
493 2576 605 2641 saltem
636 2575 676 2641 ad
700 2575 824 2642 ordinis
866 2575 1128 2660 perspicuitatem
1166 2576 1342 2640 collaturos
1374 2572 1458 2640 exis-

286 2684 483 2752 timavimus.

727 2840 1020 2910 CAPVT.VI.

576 2999 622 3044 DE
645 2998 760 3047 CAUSA
786 3000 895 3046 BELLI
920 2998 1165 3046 EFFICIENTE·

742 3111 936 3162 QUAESTIO.
961 3111 995 3156 V.

287 3222 378 3270 ART·
402 3221 427 3268 1.
454 3222 551 3272 QUAE
578 3222 692 3288 JUSTA
715 3221 773 3268 SIT
795 3222 914 3269 CAUSA
937 3221 1133 3268 sustentus
1157 3221 1266 3266 BELLl
1291 3221 1456 3267 PRIVATI.

287 3333 377 3382 ART.
400 3335 438 3382 11.
468 3333 566 3385 QUAE
591 3333 702 3398 JUSTA
726 3334 783 3379 SIT
806 3333 920 3380 CAUSA
944 3328 1140 3379 EFFICIENS
1165 3333 1272 3378 BELLI
1295 3333 1455 3379 PUBLICI·

775 3489 970 3501 -ιι--ιιι--ιι

331 3585 534 3666 Causarum,
554 3605 638 3667 quae
658 3581 785 3667 aliquid
807 3583 973 3663 efficiunt,
993 3583 1071 3650 alias
1090 3603 1159 3649 esse
1179 3581 1376 3666 principales
1395 3599 1458 3649 tra-

287 3695 391 3760 ditum
409 3710 474 3774 est,
498 3694 577 3760 alias
599 3693 809 3781 adjuvantes,
833 3695 911 3761 alias
929 3694 1218 3760 instrumentorum
1239 3694 1369 3760 nomine
1382 3715 1457 3760 cen·

286 3806 367 3871 seri:
398 3825 482 3889 quau
510 3806 640 3887 quidem
670 3823 800 3886 omnes,
824 3821 862 3871 ut
884 3806 917 3869 in
941 3805 1013 3872 aliis
1030 3807 1224 3887 plerumque
1247 3806 1344 3870 rebus
1366 3825 1457 3889 spec-

286 3931 415 3998 tantur,
445 3917 491 3980 ita
517 3931 549 3981 et
570 3917 603 3981 in
621 3915 814 3982 voluntariis
839 3916 1007 3981 hominum
1029 3915 1232 3993 actionibus,
1257 3915 1290 3978 in
1313 3937 1380 4000 quo
1402 3937 1455 4002 ge-

285 4047 361 4092 nere
391 4028 511 4092 bellum
547 4041 605 4092 est.
650 4026 869 4105 Naturaliter,
900 4025 997 4091 sicuti
1026 4025 1188 4103 diximus,
1210 4027 1294 4111 Juris
1315 4027 1456 4110 quisque

285 4139 337 4205 sui
364 4153 536 4204 exsecutor
565 4154 632 4204 est:
656 4138 730 4204 ideo
755 4139 840 4204 enim
864 4137 1033 4204 exanimo
1062 4137 1168 4202 effecti
1189 4157 1303 4204 sumus
1325 4153 1357 4203 et
1384 4158 1455 4204 cor-

319 4444 327 4476 ¹
346 4445 423 4494 Dion.
441 4449 472 4496 dc
490 4447 552 4496 divi.
570 4447 665 4496 nomin.
683 4447 773 4496 Tuom.
793 4459 815 4497 a.
835 4461 857 4496 a.
879 4461 933 4496 110.
949 4460 993 4496 art.
1004 4459 1026 4506 5.
1061 4445 1071 4480 ²
1089 4447 1168 4497 Arist.
1179 4449 1210 4496 dc
1224 4460 1289 4496 mor.
1305 4450 1336 4498 ad
1352 4449 1454 4499 Nicom.

285 4537 301 4580 l.
321 4549 343 4582 2.
361 4549 383 4583 c.
404 4548 425 4590 s.
445 4537 482 4597 [p.
500 4539 570 4587 1106.
590 4553 612 4586 2.
631 4553 667 4588 vs-
687 4522 760 4598 35·]¹
