3530 5656
518 589 537 620 x

379 681 421 742 70
665 681 713 727 DE
737 681 830 746 June
853 681 1039 730 sananda.
1061 681 1141 729 CAP.
1164 681 1232 730 v11.

376 832 479 899 sionis
509 835 611 920 gratia
641 849 838 919 comparata.
885 835 939 901 Ex
957 835 1054 902 tertio
1078 852 1111 902 et
1132 850 1251 918 quarto
1271 836 1416 904 actiones
1439 857 1555 923 perso·

376 946 485 1024 males,
508 945 734 1013 condictiones
752 945 932 1013 scilicetex
954 959 1123 1012 contractu
1146 961 1238 1013 etex
1259 947 1433 1018 maleficio.
1478 951 1552 1020 Sic·

377 1070 414 1122 ut
436 1071 543 1122 autem
572 1057 607 1124 in
627 1056 685 1124 lite
705 1056 752 1124 sic
785 1071 818 1123 et
841 1058 874 1124 in
895 1057 983 1124 bello
1005 1075 1089 1139 quae
1111 1075 1248 1136 causae,
1269 1057 1298 1122 si
1311 1077 1404 1124 verae
1425 1075 1552 1140 essent,

373 1168 499 1252 iustum
523 1165 667 1234 facerent
686 1181 795 1234 actum
818 1168 992 1252 petitoris,
1014 1167 1145 1235 eaedem
1165 1168 1194 1234 si
1216 1167 1251 1235 id
1268 1168 1323 1252 jus
1334 1188 1401 1235 non
1412 1169 1552 1249 habent,

376 1279 467 1361 quod
487 1299 564 1363 prae
584 1299 619 1345 se
639 1277 767 1362 ferunt,
787 1279 949 1364 justitiam
970 1276 1168 1345 transferunt
1188 1280 1229 1344 ad
1250 1298 1341 1345 reum
1364 1300 1423 1346 seu
1438 1279 1554 1348 defen·

374 1407 492 1456 sorem.
536 1389 585 1455 Ut
608 1390 635 1456 si
655 1409 706 1456 res
726 1404 838 1456 nostra
856 1409 874 1455 a
892 1389 988 1456 nobis
1009 1403 1159 1474 petatur,
1180 1403 1238 1456 aut
1253 1390 1294 1456 ad
1314 1389 1349 1456 id
1361 1409 1553 1474 urgeamur,

375 1500 416 1567 ad
438 1499 531 1582 quod
552 1501 688 1587 obligati
721 1519 788 1566 non
807 1517 945 1581 sumus,
967 1513 1025 1566 aut
1048 1500 1194 1568 insontes
1217 1499 1258 1566 ad
1280 1517 1417 1584 poenam
1437 1519 1554 1584 posca·

375 1631 471 1693 mur,
493 1610 547 1676 hic
567 1630 642 1676 cum
662 1611 750 1695 justa
771 1629 837 1677 non
859 1611 904 1680 sit
915 1609 1075 1694 offensio,
1099 1609 1321 1678 defensionem
1335 1631 1374 1676 ex
1395 1612 1466 1698 lege
1485 1609 1553 1694 pri·

376 1740 429 1786 nra
448 1722 569 1805 justam
591 1741 661 1788 esse
682 1739 815 1788 necesse
835 1737 885 1789 est
906 1727 927 1788 ¹.
970 1721 1030 1807 Jus
1052 1736 1160 1788 autem
1182 1721 1312 1804 ethic,
1344 1721 1431 1788 sicut
1457 1721 1490 1787 in
1517 1741 1553 1786 re

375 1829 519 1909 forensi,
543 1850 609 1900 non
631 1835 826 1898 omne'ante
856 1831 1100 1898 exsecutionem
1131 1830 1286 1898 nascitur.
1328 1823 1391 1898 Est
1414 1831 1553 1898 enimet

375 1943 439 2008 hoc
463 1941 570 2025 ipsum
590 1942 665 2027 J'us,
687 1942 722 2009 id
741 1941 834 2026 quod
851 1943 905 2028 jus
926 1963 1022 2008 suum
1048 1957 1097 2009 est
1119 1942 1270 2025 exsequi:
1294 1943 1386 2024 quod
1406 1941 1440 2010 in
1460 1963 1554 2026 prae·

376 2052 435 2118 dae
457 2053 674 2136 explicatione
695 2053 866 2138 attigimus
887 2059 910 2120 ².
955 2053 1008 2120 Ex
1031 2053 1082 2119 his
1106 2069 1215 2120 autern
1239 2067 1390 2136 apparet,
1411 2069 1472 2119 nec
1493 2053 1553 2120 do-

375 2161 563 2231 minationis
582 2183 641 2230 nec
661 2165 820 2231 libertatis
842 2183 908 2231 nou
931 2164 1059 2232 debitae
1091 2183 1188 2232 causa
1216 2165 1306 2248 justa
1337 2183 1425 2229 arma
1446 2163 1552 2230 sumi:

375 2293 459 2357 quae
481 2290 588 2342 tamen
616 2275 725 2368 eadem
756 2288 848 2358 parta
869 2289 943 2341 ante
975 2289 1012 2340 ut
1032 2287 1120 2342 recte
1140 2273 1364 2353 retineantur,
1403 2293 1444 2340 ne
1464 2275 1551 2339 bella

376 2385 509 2470 quidem
540 2384 746 2452 formidanda
775 2399 862 2453 sunt
919 2385 1127 2472 Quamquam
1161 2385 1245 2452 illud
1276 2403 1342 2450 non
1375 2397 1439 2450 tarn
1469 2385 1553 2471 juris

376 2517 474 2578 quarn
506 2496 636 2562 consilii
668 2511 733 2562 est:
762 2493 939 2564 videndum
963 2515 1004 2562 ne
1027 2496 1070 2562 ob
1102 2495 1236 2580 injurias
1264 2495 1405 2562 leviores
1431 2509 1551 2562 temere

375 2625 436 2674 nos
456 2625 737 2688 commoveamus,
767 2625 841 2672 cum
872 2625 925 2672 eas
955 2608 1093 2672 tolerare
1120 2604 1227 2672 minus
1248 2625 1343 2689 saepe
1362 2606 1407 2673 sit
1427 2607 1553 2673 incom-

376 2716 531 2796 modum,
553 2737 650 2800 quarn
671 2718 733 2784 ista
753 2717 841 2802 pati,
867 2717 937 2785 sine
960 2717 1082 2801 quibus
1106 2717 1227 2783 bellum
1252 2735 1320 2782 esse
1343 2735 1410 2783 non
1433 2731 1553 2800 potest.

376 2827 520 2895 Vitanda
552 2828 755 2915 Charybdis,
788 2831 865 2896 dum
899 2849 940 2896 ne
963 2825 997 2896 in
1020 2829 1160 2913 Scyllam
1186 2826 1382 2896 incidamus.
1430 2827 1496 2895 Cui
1519 2843 1553 2894 et

376 2939 440 3005 hoc
471 2940 505 3006 in
527 2938 600 3006 foro
622 2941 730 3007 simile
750 2955 826 3024 est,
850 2940 942 3023 quod
961 2939 1087 3024 litigare
1110 2958 1176 3005 non
1201 2939 1333 3022 quoties
1354 2940 1480 3024 justum
1503 2954 1553 3006 est

376 3049 471 3114 etiam
495 3050 636 3131 expedit.
682 3050 774 3116 Haec
797 3066 905 3117 autern
929 3069 1014 3132 quae
1035 3049 1076 3116 de
1092 3050 1166 3134 jure
1187 3039 1331 3115 diximus
1354 3069 1421 3116 non
1445 3049 1552 3116 minus

376 3159 417 3224 ad
439 3158 546 3224 socios
570 3178 668 3241 quarn
691 3160 732 3227 ad
752 3161 947 3244 principales
968 3161 1047 3227 belli
1070 3175 1220 3232 auctores
1240 3160 1404 3243 pertinent
1425 3161 1456 3226 ³:
1477 3178 1551 3226 nam

378 3283 410 3334 et
428 3269 476 3334 illi
497 3269 699 3337 considerare
723 3271 865 3354 debent,
886 3291 927 3338 ne
949 3271 1002 3338 cui
1023 3289 1058 3337 se
1079 3271 1165 3338 bello
1188 3289 1255 3337 non
1273 3272 1368 3355 iusto
1391 3271 1552 3337 immisce-

377 3394 442 3444 ant.
487 3380 557 3444 Nec
578 3381 663 3446 enim
687 3397 871 3468 coguntur,
894 3401 967 3447 cum
998 3382 1094 3448 etiam
1115 3384 1188 3468 J'ure
1210 3381 1277 3450 sint
1299 3383 1383 3448 irriti
1406 3395 1553 3448 contrac-

377 3503 431 3556 tus
452 3491 492 3555 ad
514 3493 661 3577 cuiusvis
682 3493 760 3560 belli
782 3493 970 3560 societatem
992 3495 1015 3558 ⁴.
1059 3495 1162 3560 Unde.
1180 3494 1386 3560 Abrahamus
1410 3492 1552 3560 ‘socios

377 3601 416 3666 de
432 3603 560 3686 justitia
583 3623 698 3670 causae
721 3605 859 3672 instruit
880 3605 1070 3672 etAchilles
1083 3606 1219 3673 Graecis
1238 3605 1452 3671 auxiliaturus
1465 3602 1553 3686 apud

376 3728 504 3795 poetam
526 3715 682 3780 Latinum
704 3721 715 3756 ⁸
737 3733 849 3782 causas
872 3716 964 3800 prius
987 3716 1066 3782 belli
1085 3713 1253 3798 requirens
1276 3716 1463 3782 inducitur:

657 3847 742 3911 quae
763 3827 899 3891 Danais
922 3830 1014 3891 tanti
1030 3825 1223 3913 primordia
1247 3825 1349 3908 belli,

515 3935 611 4003 Ede:
649 3937 728 4002 libet
741 3937 857 4023 justas
880 3939 956 4004 hinc
979 3958 1105 4002 sumere
1122 3942 1279 4024 protinus
1303 3940 1389 4001 iras.

216 4069 294 4169 3321.
302 4068 349 4169 1¹⁷¹
420 4046 531 4133 Quare
563 4049 614 4113 his
639 4051 698 4134 qui
716 4062 842 4136 gerunt
869 4049 1080 4128 uoluntario,
1105 4047 1145 4114 id
1164 4045 1282 4114 bellum
1297 4047 1431 4133 justam
1454 4047 1552 4112 habat

380 4210 572 4224 Μ

411 4305 468 4351 ¹V.
493 4304 519 4352 in
545 4307 610 4354 dern.
628 4317 673 4354 art.
694 4319 714 4354 1.
733 4320 807 4356 conc.
824 4321 847 4354 a.
882 4304 977 4355 *vicu
995 4319 1020 4355 n.
1042 4317 1079 4355 rr.
1095 4317 1120 4354 et
1141 4320 1179 4354 12.
1197 4319 1222 4354 et
1240 4301 1319 4354 Arist.
1337 4307 1368 4354 de
1386 4318 1439 4365 rep.
1454 4307 1471 4352 l.
1487 4317 1511 4363 7.
1529 4319 1552 4355 c.

376 4408 400 4442 2.
425 4393 464 4456 [p.
491 4407 562 4456 1324.
590 4409 611 4444 r.
636 4409 674 4444 vs.
698 4409 738 4453 35.
763 4395 831 4460 sqq.]
867 4395 988 4445 ’summ
1007 4397 1112 4444 Rosia
1131 4411 1156 4445 v.
1175 4397 1271 4444 Bellum
1287 4409 1313 4443 n.
1335 4409 1373 4444 ιο.
1408 4395 1468 4444 8ἰ1ν.
1485 4395 1511 4444 in
1527 4409 1554 4445 v.

375 4487 473 4533 Bellum
487 4499 512 4534 n.
528 4499 551 4549 9.
562 4489 653 4535 coucl.
666 4500 691 4547 4.
733 4485 744 4519 ⁴
762 4487 815 4535 lnn.
834 4487 859 4535 in
877 4501 900 4536 c.
918 4487 993 4537 sicut.
1008 4489 1043 4535 de
1060 4485 1164 4543 jureiur.
1182 4486 1261 4534 Willr.
1275 4487 1356 4534 Math.
1366 4484 1559 4545 debelloiusto·

377 4585 402 4624 et
419 4575 501 4623 licito.
519 4576 544 4623 in
563 4590 583 4623 1.
602 4590 655 4636 req.
690 4577 700 4609 ⁵
720 4579 783 4626 Gen.
802 4591 840 4638 14.
852 4592 890 4649 us.
912 4590 950 4639 14.
984 4578 995 4610 ⁶
1014 4580 1072 4626 Stat.
1085 4578 1178 4625 Achill.
1197 4580 1213 4625 l.
1230 4591 1254 4626 a:
1275 4573 1327 4640 [vs.
1346 4587 1402 4634 ³33.
1417 4575 1468 4640 sap]
