3536 5692
734 631 941 674 nocumrurn.
1362 639 1420 697 349

248 819 355 860 merces
387 803 496 875 aliquas
527 806 574 860 vel
597 803 672 861 bona
701 805 823 862 navibus
844 808 891 864 vel
913 807 1001 864 carris
1023 807 1139 879 equisve
1158 810 1215 866 suis
1237 807 1272 866 ad
1294 810 1420 869 hostiurn

248 922 329 978 agros
345 907 392 962 vel
409 904 517 980 oppida
534 917 731 979 transportare
748 910 856 982 velint,
873 925 980 983 eosque
998 910 1282 983 comprehendendos
1300 926 1420 988 curent,

248 1025 419 1082 causamque
450 1025 550 1067 eorum
582 1025 619 1068 ex
644 1012 707 1082 lege
728 1010 813 1084 hujus
833 1011 923 1071 edicti
944 1011 1022 1087 apud
1043 1016 1166 1088 collegia
1186 1013 1370 1074 admiralatus
1390 1028 1420 1074 et

248 1111 358 1186 judices
379 1129 465 1185 supra
486 1111 580 1170 dictos
599 1114 708 1187 peragi.

288 1217 328 1274 Et
349 1217 485 1290 quoniam
507 1214 662 1289 providere
682 1220 836 1290 volumus,
858 1230 893 1276 ut
915 1235 1001 1276 naves
1026 1222 1174 1278 onerariae
1199 1233 1228 1279 et
1249 1223 1421 1295 piscatoriae

248 1320 284 1376 ab
312 1321 438 1377 hostiurn
467 1320 496 1377 vi
526 1332 555 1378 et
576 1321 684 1393 rapinis
704 1332 784 1378 tutae
806 1323 881 1391 sint,
902 1338 956 1380 nec
979 1324 1007 1380 in
1030 1322 1164 1381 damnum
1186 1326 1310 1398 ingentis
1332 1327 1420 1400 pretii

250 1421 435 1481 redemtionis
465 1425 635 1497 incurrant,
661 1424 717 1480 hoc
736 1422 833 1482 edicto
855 1436 1002 1498 vetamus,
1024 1439 1057 1485 ut
1078 1428 1231 1501 quisquam
1251 1430 1280 1486 in
1302 1431 1420 1502 provin·

250 1528 302 1584 ciis
321 1525 494 1600 foederatis,
515 1527 576 1584 sive
595 1527 666 1584 mari
687 1528 871 1600 negotietur,
891 1529 952 1587 sive
970 1547 1021 1604 per
1039 1548 1124 1603 aquas
1141 1532 1267 1590 internas
1287 1535 1421 1606 naviget,

251 1641 441 1688 commeatum
472 1631 519 1688 vel
541 1631 733 1704 syngraphum
754 1631 838 1688 liberi
858 1632 970 1689 itineris
991 1633 1026 1690 ab
1048 1634 1179 1694 hostibus
1200 1637 1253 1694 sibi
1276 1640 1421 1710 postulet,

250 1734 358 1806 quique
390 1731 420 1790 id
447 1734 548 1791 fecisse
580 1735 760 1807 reperietur,
792 1735 870 1793 hunc
892 1747 925 1794 ut
947 1737 1074 1795 hostium
1097 1738 1257 1813 fautorem,
1276 1740 1444 1800 bonorum

249 1837 451 1910 publicatione
472 1839 593 1910 aliisque
614 1839 716 1912 poenis
736 1841 870 1897 mulctari
888 1840 1032 1914 iubemus.
1065 1842 1144 1900 Etsi
1164 1844 1421 1916 quivehicularius

249 1943 296 1999 vel
325 1952 412 1998 nauta
441 1941 476 1997 ab
504 1941 636 1999 hostibus
665 1942 796 2015 capiatur
818 1955 847 2001 et
868 1942 1054 2002 redemtionis
1076 1948 1167 2018 gratia
1188 1947 1278 2020 major
1299 1949 1421 2021 pecunia

249 2046 285 2102 ab
304 2062 339 2103 eo
360 2045 512 2118 exigatur,
532 2062 616 2118 quam
635 2045 712 2118 apud
735 2063 787 2104 nos
805 2045 867 2104 fieri
889 2064 949 2104 mos
970 2060 1031 2118 est,
1052 2049 1126 2106 hanc
1148 2066 1284 2107 summam
1302 2050 1421 2124 rependi

249 2148 813 2223 jubemusamagistratibus,praefectis
829 2161 859 2207 et
876 2151 992 2208 civibus
1011 2151 1182 2208 Brabantlae
1203 2165 1232 2210 et
1252 2152 1421 2223 Flandriae‚

251 2253 302 2325 qui
330 2252 382 2308 sub
410 2250 523 2309 ditione
552 2253 679 2310 hostium
709 2264 795 2322 sunt,
816 2265 930 2326 praeter
952 2255 1103 2328 pecunias,
1131 2271 1199 2327 quas
1220 2256 1277 2312 alio
1306 2258 1421 2314 nomine

251 2354 428 2428 reipublicae
456 2357 617 2424 solverint,
651 2366 680 2412 et
713 2357 823 2413 senatui
855 2355 915 2428 ejus
943 2357 1129 2429 provinciae,
1159 2357 1283 2430 acujus
1308 2360 1421 2418 civibus

250 2470 352 2517 contra
374 2460 448 2516 hanc
468 2461 559 2532 legem
580 2460 670 2533 majus
690 2457 875 2518 redemtionis
894 2462 1021 2534 pretium
1039 2473 1172 2519 exactum
1188 2462 1241 2529 sit,
1257 2461 1422 2521 mandamus

250 2565 400 2621 utstatim
430 2576 581 2636 postquam
610 2563 645 2621 de
673 2562 777 2621 damno
804 2565 994 2640 cognoverit,
1016 2582 1075 2622 eam
1096 2567 1251 2640 pecuniam
1280 2583 1315 2624 eo
1335 2565 1421 2625 modo

250 2668 362 2740 exigat,
383 2678 417 2726 ut
438 2668 467 2724 in
488 2668 540 2724 tali
562 2683 592 2724 re
614 2666 676 2724 fieri
695 2669 808 2725 assolet.

785 2855 795 2860 -
811 2854 931 2861 .-.m-m·—

801 2959 863 3057 II.

530 3201 708 3256 Dncnurum
731 3195 887 3256 Onuruum
911 3199 1133 3258 Houtnuoran.

678 3328 714 3385 A.
739 3327 824 3400 1604.
847 3327 934 3384 Srrr.
959 3343 984 3384 1.

756 3508 915 3516 ——-.—.-

292 3622 416 3682 Ordines
436 3624 609 3682 Hollandiae
636 3635 665 3682 et
687 3625 885 3695 Westfrisiae',
902 3642 967 3683 cum
990 3627 1019 3683 in
1039 3643 1172 3685 consessu
1193 3645 1247 3685 suo
1268 3630 1420 3701 cognovis-

251 3740 314 3785 sent
335 3727 370 3785 de
391 3730 532 3786 sententia
553 3727 588 3786 ad
608 3745 636 3786 se
658 3730 765 3802 scripta
790 3746 805 3786 a
827 3727 887 3786 fisci
908 3727 1050 3786 advocato
1071 3728 1101 3784 in
1122 3728 1202 3785 curia
1229 3729 1420 3800 provinciali,

250 3847 306 3902 qua
335 3829 566 3899 demonstratur,
596 3830 753 3889 secundum
786 3834 861 3904 leges
893 3843 922 3889 et
952 3829 1176 3889 consuetudines
1206 3830 1418 3890 Hollandorum
1447 3878 1451 3886 .

250 3951 394 3992 caraccam
425 3946 453 3994 et
485 3952 592 3994 merces
612 3953 627 3992 a
650 3934 759 4008 Jacobo
782 3935 993 3993 Hemskerckio
1014 3927 1148 3992 in'lndia
1169 3934 1313 3992 Orientali
1335 3936 1419 3993 Lusi-

251 4039 324 4095 tanis
354 4050 466 4112 ereptas
496 4057 555 4096 non
583 4056 642 4097 esse
665 4039 817 4097 Societatis
837 4037 970 4114 Indicae,
990 4037 1039 4096 sed
1060 4037 1096 4096 ad
1119 4039 1323 4111 rempublicam
1346 4039 1419 4097 Hol-

250 4141 400 4201 landorum
422 4143 583 4217 pertinere,
602 4159 632 4200 re
650 4142 700 4200 diu
721 4145 905 4216 multumque
926 4142 1123 4214 considerata,
1143 4143 1183 4200 ita
1204 4142 1378 4202 decrevere:

291 4246 366 4304 Cum
396 4259 510 4304 constet
538 4246 676 4320 Jacobum
699 4247 955 4317 Hemskerclrium,
983 4249 1096 4321 aliquot
1118 4248 1238 4306 navibus
1263 4247 1417 4308 Societatis

250 4347 366 4406 Indicae
393 4351 588 4423 praefectum,
608 4349 751 4409 Ordinum
773 4350 986 4409 foederatorum
1007 4353 1182 4411 auctoritate
1203 4361 1232 4408 et
1255 4367 1319 4408 cum
1338 4350 1418 4409 codi-

250 4454 325 4510 cillis
347 4454 493 4530 Principis
516 4455 650 4512 Mauritii
667 4455 703 4513 ad
722 4454 832 4513 Indiam
854 4456 1032 4514 Orientalem
1060 4456 1220 4528 navigasse,
1242 4455 1310 4512 item
1338 4454 1418 4513 codi-
