3536 5692
750 634 958 676 nocunrmvrn.
1379 639 1436 699 347

266 805 325 876 ipsa
357 804 514 878 Hispania,
543 819 629 878 quam
658 805 687 863 in
717 807 877 880 provinciis
909 807 1034 881 Belgicis
1066 823 1124 865 non
1152 809 1244 867 solum
1262 811 1293 867 vi
1314 821 1343 870 et
1366 810 1435 872 dolo

265 909 368 982 Belgas
398 920 566 983 ceterasque
595 910 727 969 nationes
753 927 769 968 a
792 911 976 984 navigatione
997 922 1027 969 et
1044 913 1224 970 commerciis
1245 914 1435 987 prohibeant,

264 1013 432 1087 navigantes
453 1014 576 1088 superbe
594 1031 628 1073 ac
649 1012 807 1074 crudeliter
828 1025 972 1083 tractent,
993 1031 1080 1072 naves
1101 1025 1130 1072 et
1148 1032 1256 1074 merces
1267 1017 1435 1091 publicent,

264 1115 312 1174 sed
340 1118 425 1176 etiam
454 1116 548 1176 datam
574 1117 659 1176 fidem
680 1130 757 1177 terra
778 1120 908 1192 marique
929 1120 1062 1187 violent,
1081 1120 1138 1178 boc
1160 1122 1276 1191 colore,
1297 1121 1375 1195 quod
1398 1121 1434 1181 ad

264 1222 342 1279 hunc
373 1220 448 1279 diem
479 1222 584 1296 opibus
611 1224 729 1281 illorum
755 1233 785 1281 et
816 1221 954 1297 perfidiae
984 1223 1165 1293 resistamus,
1194 1239 1249 1282 nec
1270 1225 1433 1298 provincias

263 1324 423 1392 foederatas
454 1327 608 1400 tyrannico
638 1339 668 1385 et
699 1326 823 1400 superbo
855 1326 1052 1400 Hispanorum
1073 1325 1204 1384 dominio
1224 1326 1321 1386 addici
1340 1331 1434 1404 patia-

263 1446 345 1499 mur,
375 1441 470 1488 tamen
502 1431 615 1488 tristem
646 1431 724 1489 hunc
754 1441 784 1489 et
813 1445 929 1504 gravem
957 1446 1052 1504 rerum
1074 1441 1181 1489 statum
1202 1433 1328 1489 animum
1350 1433 1433 1492 nobis

263 1532 387 1591 adimere
417 1535 579 1593 noluimus:
611 1535 686 1608 imo,
715 1535 765 1608 qui
791 1550 849 1608 ope
868 1532 968 1592 divina
988 1544 1018 1592 et
1039 1534 1154 1592 auxiliis
1176 1535 1250 1609 regis
1270 1536 1432 1595 Britannici

263 1648 352 1710 atque
378 1638 500 1696 aliorum
532 1637 720 1711 Principum,
751 1638 883 1711 inprimis
912 1652 985 1696 vero
1006 1648 1124 1696 strenua
1145 1655 1178 1696 ac
1198 1640 1345 1698 constanti
1367 1657 1433 1698 nos·

263 1741 381 1798 tretium
408 1757 497 1814 opera
515 1742 685 1812 sustentati,
704 1757 758 1816 per
779 1744 885 1800 multos
905 1741 961 1815 jam
982 1757 1072 1800 annos
1094 1743 1225 1801 consiliis
1247 1743 1365 1802 illorum
1387 1762 1433 1802 su·

262 1844 358 1918 perbis
377 1856 407 1903 et
427 1844 538 1903 nomini
558 1845 727 1903 Christiano
747 1845 857 1918 ubique
882 1845 1027 1904 nocituris
1049 1845 1222 1917 restitimus,
1243 1846 1358 1906 tandem
1377 1848 1433 1924 ipsi

264 1948 409 2023 Hispanos
439 1951 519 2008 ultro
546 1949 576 2006 in
608 1950 703 2022 regnis
725 1959 754 2007 et
785 1950 908 2007 coloniis
930 1950 987 2008 suis
1006 1960 1104 2024 petere
1127 1948 1322 2023 decrevimus,
1342 1963 1433 2025 atque

262 2053 304 2110 ita
324 2069 383 2110 non
410 2055 502 2110 solum
530 2050 665 2111 damnosa
685 2054 802 2112 illorum
824 2053 946 2112 consilia
964 2052 1122 2128 impedire,
1143 2052 1192 2113 sed
1212 2071 1328 2129 operam
1347 2054 1433 2126 dare,

263 2167 297 2214 ut
316 2155 395 2214 bello
414 2156 535 2230 publico
555 2168 585 2215 et
602 2157 737 2231 privato,
758 2157 850 2230 copiis
871 2157 1021 2214 maritimis
1041 2167 1070 2215 et
1093 2157 1277 2216 terrestribus
1292 2170 1323 2217 et
1333 2161 1433 2218 amissa

263 2276 464 2332 recuperemus
491 2271 521 2318 et
551 2261 677 2318 vicissim
705 2258 807 2318 damna
826 2259 989 2318 inferamus.
1031 2259 1181 2333 speramus
1201 2272 1296 2319 autem
1315 2263 1379 2321 fore
1398 2275 1432 2322 ut

263 2365 342 2422 Deus
372 2375 487 2422 nostrae
511 2381 612 2422 causae
639 2365 734 2422 faveat
753 2381 786 2422 ac
807 2364 971 2438 provincias
988 2362 1146 2422 foederatas
1169 2364 1364 2438 Hispanorum
1386 2376 1432 2440 ty·

263 2466 383 2526 rannide
411 2468 532 2538 liberet,
552 2479 642 2541 utque
664 2469 781 2541 insuper
806 2468 991 2542 Principibus
1012 2479 1041 2526 et
1062 2468 1230 2526 civitatibus
1252 2470 1433 2528 Germanicis

261 2572 370 2629 animos
388 2570 474 2629 addat
495 2572 586 2644 iisque
608 2570 778 2646 persuadeat
798 2589 871 2647 opus
893 2589 968 2641 esse,
989 2583 1023 2630 ut
1045 2572 1129 2630 rebus
1150 2573 1208 2631 suis
1229 2572 1382 2632 attendant
1401 2585 1432 2633 et

263 2676 440 2749 Hispanose
461 2676 518 2734 suis
540 2677 624 2734 terris
646 2687 675 2734 et
697 2691 712 2734 e
732 2678 893 2751 provinciis
926 2678 1050 2750 Belgicis
1082 2678 1240 2750 expellant.
1282 2678 1340 2750 Ipsi
1359 2693 1431 2735 vero

261 2791 296 2837 ut
324 2781 365 2838 rei
392 2781 540 2838 communi
566 2780 658 2854 justae
684 2792 714 2838 et
743 2781 917 2839 necessariae
946 2782 1144 2851 consulamus,
1174 2780 1295 2838 omnino
1316 2796 1431 2839 necesse
1460 2841 1462 2848 ,

260 2883 395 2941 habemus
422 2884 592 2956 prohibere,
619 2884 772 2957 quominus
800 2886 830 2942 in
850 2887 996 2958 posterum
1022 2901 1108 2941 naves
1127 2882 1163 2942 ad
1186 2884 1330 2958 Hispanos
1352 2901 1430 2942 conr-

259 2999 355 3045 meent
376 2998 426 3045 aut
444 3003 551 3046 merces
572 2998 649 3046 terra
669 2989 778 3045 marive
795 2986 830 3046 ad
848 3004 896 3045 eos
918 2985 1115 3046 devehantur:
1135 2988 1191 3045 hoc
1208 2989 1284 3046 enim
1302 2989 1332 3046 in
1351 2988 1430 3046 bello

260 3106 319 3148 non
351 3101 463 3149 tantum
490 3091 554 3164 jure
581 3092 709 3166 gentium
741 3092 854 3150 licitum
875 3102 934 3161 est,
955 3090 1109 3149 sedetiam
1132 3092 1243 3165 legibus
1265 3093 1382 3165 Imperii
1398 3104 1430 3151 ct

259 3195 390 3252 omnium
411 3195 521 3269 ubique
540 3195 710 3270 Principum
729 3206 759 3254 et
778 3196 930 3254 civitatum
948 3194 1010 3253 fieri
1032 3198 1123 3264 solet,
1138 3206 1167 3254 et
1188 3196 1334 3269 prioribus
1351 3194 1430 3254 edic-

260 3299 296 3357 tis
313 3301 419 3357 nostris
441 3312 470 3357 et
491 3301 616 3372 reginae·
628 3299 796 3358 Britanniae
816 3301 858 3358 ita
880 3300 1074 3358 constitutum
1095 3311 1155 3358 est:
1177 3311 1324 3374 praeterea
1345 3303 1429 3359 nolu-

258 3421 320 3461 mus
352 3405 382 3460 in
414 3414 562 3476 posterum
594 3420 764 3477 quemquam
790 3401 826 3462 de
847 3403 891 3461 his
914 3403 998 3462 terris
1016 3403 1189 3475 foederatis,
1210 3403 1278 3463 dum
1301 3405 1429 3477 negotia·

259 3507 348 3564 tionis
376 3508 422 3564 vel
455 3508 625 3580 piscationis
656 3507 747 3581 gratia
774 3508 845 3564 mari
874 3510 921 3565 vel
950 3505 1166 3566 mediterraneis
1198 3509 1280 3582 aquis
1312 3519 1429 3576 utatur,

258 3609 334 3667 falsis
364 3611 492 3669 hostium
524 3609 688 3684 diplomatis
710 3622 739 3669 et
760 3612 851 3669 literis
872 3610 987 3686 decipi,
1018 3610 1098 3686 quod
1119 3613 1268 3670 nonnullis
1290 3610 1429 3670 accidisse

257 3713 419 3772 audivimus
437 3726 540 3773 contra
561 3697 807 3789 exspectationem
830 3727 966 3774 nostram.

298 3819 399 3891 Itaque
428 3818 463 3877 de
493 3821 635 3877 sententia
666 3818 809 3891 Principis
835 3818 987 3887 Mauritii,
1008 3818 1146 3890 praefecti
1164 3818 1295 3875 classium
1317 3819 1428 3886 nostri,

255 3922 387 3995 jubemus
416 3939 514 3980 omnes
543 3923 672 3980 homines
692 3937 848 3994 omnesque
867 3938 929 3991 res,
949 3937 1022 3994 quae
1048 3921 1077 3978 in
1098 3937 1187 3994 regno
1206 3920 1362 3993 Hispaniae
1384 3921 1427 3978 in·

255 4027 432 4094 veniuntur,
453 4042 627 4100 quocunque
656 4029 722 4084 loco
749 4041 794 4084 eas
825 4026 854 4082 iu
877 4035 1049 4099 potestatem
1072 4035 1198 4082 nostram
1218 4021 1426 4096 redegerimus,

256 4128 389 4202 praedam
421 4141 547 4188 nostram
568 4146 646 4188 esse:
667 4140 796 4188 vetamus
818 4145 1008 4202 quemquam,
1030 4126 1226 4200 undecunque
1248 4127 1286 4184 sit
1308 4129 1354 4184 vel
1376 4143 1426 4184 cu·

254 4233 416 4308 juscunque
442 4232 640 4302 conditionis,
660 4231 696 4290 ad
722 4243 825 4307 portus
846 4235 893 4290 vel
915 4230 1022 4306 oppida
1043 4232 1169 4290 hostium
1189 4241 1265 4289 terra
1286 4233 1334 4287 vel
1354 4230 1424 4288 mari

254 4340 318 4396 ullo
339 4349 491 4411 praetextu
513 4323 671 4412 quidqu'am
693 4335 905 4404 transmittere,
927 4337 987 4394 sive
1009 4351 1095 4393 naves
1117 4335 1196 4403 sint,
1217 4335 1278 4392 sive
1298 4349 1424 4402 merces,

255 4443 315 4500 sive
335 4443 390 4500 alia
410 4442 505 4500 bona:
526 4439 629 4514 quodsi
647 4442 710 4514 quis
732 4439 762 4498 id
784 4441 963 4514 neglexerit,
979 4438 1170 4498 mulctabitur
1190 4437 1333 4497 mercibus
1357 4439 1424 4511 ipsis
