3530 5656
382 671 423 732 68
694 683 741 730 us
764 681 858 750 Juxr
884 679 1067 729 reasons..
1092 681 1172 728 car.
1197 681 1262 728 vrr.

379 840 518 906 debetur
548 852 696 904 nostrum
719 834 841 902 dicitur
865 837 885 901 ¹.
932 833 997 900 Sed
1029 849 1137 900 tamen
1171 833 1307 918 exprimi
1338 835 1441 902 satius
1473 834 1556 918 fuit,

380 970 454 1016 cum
476 965 508 1016 et
525 947 609 1035 juris
630 947 685 1014 illa
705 945 829 1014 fecialis
849 945 992 1012 formula
1015 949 1028 987 ¹
1051 963 1117 1012 non
1140 945 1205 1012 alio
1225 961 1368 1030 spectet:
1394 943 1484 1030 Quas
1504 965 1557 1012 res

380 1081 436 1126 nec
455 1059 638 1137 dederunt,
664 1077 720 1122 nac
743 1056 938 1136 solverunt,
959 1077 1016 1120 nec
1030 1059 1218 1140 secarunt,
1238 1075 1321 1142 quas
1344 1055 1445 1136 dari,
1455 1055 1534 1140 ficri
1545 1099 1557 1138 ,

378 1171 462 1238 solvi
485 1173 647 1257 oportuit.
693 1167 786 1233 Plato
807 1166 903 1234 etiam
934 1165 966 1230 in
988 1167 1158 1234 Alcibiade
1189 1167 1275 1234 bella
1297 1167 1364 1252 geri
1387 1167 1472 1234 dixit
1490 1185 1556 1234 non

379 1281 478 1348 modo
508 1281 535 1346 si
569 1280 644 1363 quis
674 1279 707 1346 vi
740 1277 945 1362 opprimatur
975 1291 1033 1344 tut
1063 1278 1246 1361 expiletur‚
1270 1298 1384 1344 verum
1408 1278 1557 1344 etiamsi

379 1391 537 1476 deceptus
565 1389 680 1458 fuerit.
734 1389 781 1456 Et
804 1389 926 1456 Seneca
950 1387 982 1454 't
1015 1387 1120 1454 Urbes
1151 1407 1278 1474 quoque
1308 1389 1446 1454 urbibus
1471 1410 1558 1476 quaa

375 1505 580 1588 praestitere
610 1501 831 1587 exprobrant.
876 1499 968 1586 Quin
995 1514 1028 1565 et
1049 1498 1170 1564 Baldus
1188 1499 1202 1540 ⁴
1223 1499 1263 1566 de
1284 1499 1473 1583 pecuniario
1500 1501 1556 1567 de·

379 1611 450 1677 bito
472 1611 636 1694 exprimit.
669 1611 798 1697 Quarta
818 1625 868 1678 est
888 1611 932 1676 ob
952 1607 1149 1676 maleficium
1171 1609 1390 1694 injuriamque
1411 1628 1555 1686 omnem.

380 1741 463 1804 quae
495 1721 611 1805 iniquo
643 1721 751 1788 animo
772 1733 838 1786 tam
861 1719 947 1786 iacto
972 1739 1070 1802 quam
1093 1721 1203 1788 verbis
1226 1721 1386 1794 infertur.
1424 1723 1557 1807 Augus·

380 1833 469 1900 tinus
491 1837 524 1897 ⁸:
546 1835 653 1922 Justa
683 1843 795 1898 autem
826 1831 913 1899 bella
936 1829 1073 1914 definiri
1092 1832 1218 1915 solent,
1240 1851 1325 1918 quae
1345 1833 1557 1898 ulciscuntur*

379 1945 538 2029 injurias.
584 1943 641 2008 Sic
658 1964 738 2030 gens
759 1957 791 2008 et
808 1945 931 2012 civitas
949 1940 1094 2028 petenda
1117 1955 1184 2025 est,
1208 1963 1295 2028 quae
1310 1943 1366 2013 sel
1381 1943 1557 2012 uindicare

380 2035 591 2140 neglexerit,
614 2052 742 2139 quoda
765 2057 833 2120 suis
856 2053 1001 2140 improbe
1010 2053 1146 2137 sactum
1168 2067 1239 2135 est,
1255 2053 1559 2140 aelreddtreqaod

375 2177 439 2250 par
459 2166 608 2249 injurias
627 2163 846 2230 ablatumett.
870 2163 958 2230 Illud
968 2178 1076 2230 autem
1089 2163 1338 2248 intelligendum
1351 2179 1420 2245 est,
1442 2183 1557 2232 causas

379 2293 460 2357 quas
470 2274 538 2342 dixi
551 2290 695 2358 quatuor
705 2275 802 2357 quasi
813 2275 963 2342 materiae
975 2275 1061 2352 loco,
1074 2274 1201 2340 easdem
1215 2274 1332 2342 esseio
1346 2276 1433 2342 bello
1445 2290 1478 2340 et
1489 2275 1556 2358 pri⁴

377 2387 456 2452 vato
469 2401 502 2451 et
511 2387 658 2470 publico.
704 2385 769 2453 Sed
780 2386 907 2470 publici
923 2401 963 2452 ut
983 2388 1128 2468 exempla
1149 2385 1197 2452 ita
1216 2386 1291 2470 jura
1313 2386 1450 2452 certiora
1467 2401 1555 2452 sunt.

379 2495 425 2561 Et
436 2511 542 2563 tamen
554 2496 718 2578 privatum
731 2495 892 2564 efficiente
904 2512 937 2563 et
947 2495 1050 2562 forma
1073 2495 1198 2577 differt,
1210 2497 1346 2564 materie
1357 2515 1424 2565 non
1436 2497 1555 2563 differt.

377 2605 430 2671 Ad
460 2604 680 2673 defensionem
705 2609 908 2690 tutelamque
929 2606 1075 2690 corporis
1096 2605 1146 2674 sui
1172 2607 1300 2690 privata
1323 2607 1375 2674 vis
1395 2593 1483 2692 justa
1504 2620 1555 2674 est

379 2717 525 2782 omnium
548 2716 760 2784 animantium
782 2720 932 2802 exemplo
952 2721 975 2786 ‘.
999 2717 1088 2789 Quin
1106 2719 1148 2784 ad
1177 2738 1283 2784 retum
1308 2719 1404 2786 etiam
1425 2731 1556 2785 suarum

379 2827 601 2895 defensionem
624 2843 681 2895 aut
713 2829 992 2913 recuperationem
1014 2831 1038 2896 ⁷.
1082 2829 1202 2912 Neque
1232 2829 1341 2896 minus
1370 2828 1412 2895 ad
1442 2849 1557 2897 conse·

379 2940 547 3021 quendum
577 2939 612 3004 id
644 2940 736 3022 quod
766 2938 862 3007 nobis
892 2939 1028 3007 debetur
1046 2945 1070 3007 ⁸.
1118 2940 1228 3008 Etiam
1255 2939 1412 3023 expetitio
1433 2961 1557 3024 poenae

380 3069 419 3114 ex
453 3050 575 3116 delicto
601 3048 754 3131 privatim
784 3050 1008 3134 permittitur,
1030 3067 1069 3117 ut
1092 3051 1125 3118 in
1149 3052 1332 3119 'adulterum
1353 3051 1451 3118 certis
1472 3052 1555 3118 casi-

380 3293 574 3310 *w

414 3469 457 3518 ¹1.
469 3484 582 3520 meorum
596 3474 628 3523 de
644 3475 677 3524 V.
693 3479 716 3524 s.
736 3473 780 3540 [D.
800 3489 839 3534 so.
858 3475 962 3540 16.9t.]
998 3475 1158 3528 ’Lini-1.
1177 3476 1282 3544 [osa]
1301 3480 1374 3530 Adde
1394 3478 1553 3542 §.omnium

378 3562 436 3608 lnst.
456 3562 487 3610 de
510 3574 558 3610 act.
579 3561 610 3626 [1.
624 3578 649 3626 4.
668 3565 691 3613 6.
709 3569 731 3624 5.
749 3566 781 3632 1.]
821 3567 881 3618 ³de.
899 3567 984 3617 benef.
1002 3572 1019 3617 1.
1039 3583 1061 3628 3.
1079 3585 1101 3618 o.
1119 3571 1143 3618 6.
1177 3569 1237 3619 ⁴ad
1260 3573 1276 3618 l.
1297 3584 1319 3619 1.
1339 3569 1366 3618 ff.
1382 3572 1413 3618 de
1431 3569 1490 3628 just.
1511 3569 1555 3634 [D.

381 3664 402 3698 1.
423 3651 494 3712 1.1.]
530 3651 541 3683 ⁵
558 3666 614 3714 sup.
629 3655 682 3717 Jos.
697 3657 715 3704 1.
730 3657 754 3705 6.
775 3671 800 3717 q.
823 3671 860 3707 ιο.
880 3658 971 3708 citatur
987 3660 1013 3708 in
1039 3675 1063 3709 c.
1085 3659 1219 3708 Dominus.
1239 3659 1326 3722 [Dect.
1348 3659 1417 3709 Grat.
1434 3675 1460 3721 p.
1479 3675 1502 3710 2.
1516 3671 1556 3718 23.

379 3751 402 3788 2.
422 3741 457 3802 a]
493 3739 537 3790 ⁸1.
557 3755 585 3791 ut
600 3744 661 3793 vim.
680 3743 707 3794 11.
724 3749 756 3796 de
772 3746 833 3804 just.
849 3760 874 3797 et
890 3747 954 3805 iure.
975 3747 1018 3812 [D.
1039 3765 1060 3799 1.
1086 3763 1106 3799 r.
1129 3749 1168 3813 3.]
1187 3753 1204 3798 1.
1224 3749 1245 3799 is
1263 3749 1306 3811 qul
1322 3765 1388 3812 aggr.
1403 3748 1433 3800 C.
1447 3753 1478 3800 de
1494 3749 1556 3800 siet·

378 3829 431 3878 riis.
461 3831 503 3892 [C.
525 3846 549 3895 9.
574 3834 611 3882 td.
632 3835 670 3896 a]
688 3838 706 3884 l.
727 3850 785 3898 pen.
803 3834 829 3887 ff.
850 3839 882 3887 ad
898 3841 916 3887 1.
933 3841 984 3902 Jul.
1003 3842 1035 3888 de
1053 3840 1080 3890 vi
1096 3840 1167 3901 publ.
1187 3842 1231 3903 [D.
1245 3843 1289 3902 48.
1305 3841 1329 3890 6.
1344 3839 1395 3904 11.]
1420 3855 1443 3890 c.
1460 3840 1555 3902 signifi·

377 3920 448 3970 casti.
477 3919 615 3984 [Decretal.
640 3938 669 3998 s.
689 3939 727 3974 12.
750 3927 800 3992 16.]
830 3931 911 3977 Clem.
927 3927 965 3977 tit.
983 3932 1015 3979 de
1032 3929 1128 3979 homic.
1146 3932 1246 3980 volunt.
1267 3929 1296 3995 [l.
1319 3943 1342 3986 s.
1359 3943 1378 3979 t.
1393 3931 1431 3993 4.]
1467 3929 1556 3980 ⁷sirv.

376 4011 402 4059 in
416 4027 442 4060 v.
456 4012 582 4062 Duellum.
599 4017 622 4072 5.
640 4027 663 4072 3.
681 4028 706 4064 et
719 4017 745 4064 itt
760 4033 787 4066 v.
805 4018 911 4067 Bellum.
930 4033 953 4067 a.
971 4019 992 4081 5.
1008 4033 1045 4068 ro.
1067 4034 1104 4069 rr.
1130 4033 1167 4069 12.
1184 4022 1201 4068 1.
1224 4034 1246 4069 1.
1263 4025 1286 4080 3.
1303 4020 1357 4071 vim
1381 4021 1506 4070 vi.ff.de
1527 4020 1555 4070 vi

376 4111 475 4148 armata.
501 4100 544 4164 [D.
569 4105 666 4163 43.16.
688 4119 708 4154 r.
726 4110 748 4165 5.
767 4108 820 4170 ap]
841 4122 864 4156 c.
881 4109 952 4158 olim.
975 4110 1007 4158 de
1029 4110 1178 4160 restituenti.
1197 4109 1296 4170 spoliis.
1316 4111 1457 4172 [Decretal.
1474 4125 1498 4160 2.
1518 4124 1557 4168 rs.

379 4190 429 4254 ra]
449 4194 466 4238 1.
481 4205 507 4240 r.
522 4194 550 4240 C·
568 4195 636 4242 unde
653 4195 690 4244 vi.
709 4195 752 4258 [C.
768 4199 792 4245 8.
809 4196 860 4261 tn]
876 4201 893 4247 Ι.
908 4198 931 4250 si
950 4199 1013 4249 alius
1031 4201 1052 4262 3.
1070 4199 1218 4250 bellissime.
1234 4200 1262 4249 ff.
1286 4204 1355 4261 qnod
1372 4201 1399 4252 vi
1424 4203 1558 4250 antelam.

376 4292 401 4327 et
418 4283 434 4328 1.
449 4284 495 4328 ult.
511 4284 533 4339 5.
553 4282 574 4330 si
590 4285 622 4332 ad
636 4282 744 4342 januam.
763 4300 795 4336 eo
813 4287 853 4337 tit.
873 4288 917 4349 [1).
933 4301 974 4350 43.
991 4298 1038 4351 24.
1050 4295 1115 4349 7..5.
1133 4303 1156 4348 3.
1172 4299 1197 4339 et
1214 4302 1255 4340 22.
1271 4295 1294 4349 5.
1314 4290 1349 4355 a]
1385 4289 1398 4324 ὅ
1414 4293 1497 4340 Exod.
1515 4305 1556 4342 aa.

378 4383 400 4417 r.
424 4383 446 4418 c.
462 4371 484 4418 si
502 4373 657 4430 perfodiens.
676 4377 706 4424 de
722 4377 817 4426 homic.
839 4377 977 4442 [Decretal.
994 4391 1018 4436 s.
1039 4395 1077 4430 ια.
1095 4379 1132 4444 3.]
1151 4382 1168 4428 1.
1190 4381 1224 4430 ait
1240 4391 1352 4442 praetor.
1374 4385 1395 4440 5.
1413 4382 1434 4430 si
1456 4381 1556 4430 debito·

376 4470 437 4509 rem.
455 4461 480 4510 11.
496 4475 560 4521 quae
577 4463 604 4514 in
616 4465 695 4514 fraud.
711 4469 779 4516 cred
798 4466 841 4530 [D.
857 4482 897 4528 42.
913 4473 936 4518 8.
958 4484 995 4520 to
1013 4474 1036 4528 5.
1057 4471 1107 4532 16.]
1129 4473 1215 4521 Ionos.
1234 4472 1260 4519 ln
1277 4475 1301 4520 d.
1324 4485 1346 4520 c.
1362 4472 1432 4520 olim.
1450 4474 1483 4522 de
1497 4483 1556 4522 rest.

377 4553 444 4608 spol.
463 4566 487 4599 n.
511 4555 534 4602 8.
1024 4557 1025 4560 ’
