3552 5654
366 689 425 748 124
675 684 721 730 DE
745 683 838 750 JURE
864 681 1047 728 PRAEDAE.
1073 680 1152 727 CAP.
1178 680 1228 726 tx.

266 914 279 926 .
361 855 398 906 at
421 843 546 925 siquis
570 855 682 901 amore
697 838 794 922 pacis
817 833 936 900 bellurn
960 831 1156 918 reformidet
1177 852 1248 896 eum
1272 851 1336 895 non
1357 844 1460 896 extra
1475 842 1534 916 pe·

362 950 505 1017 riculum
519 949 600 1035 fore
611 970 624 1013 :
657 947 749 1030 quod
782 960 813 1010 et
840 944 958 1010 clarius
989 944 1131 1027 explicat
1153 963 1227 1008 cum
1248 941 1352 1024 dicit,
1375 961 1440 1006 esse
1459 944 1534 1027 qui-

361 1060 432 1127 dem
455 1060 673 1126 modestorum
694 1059 861 1123 hominum
883 1059 1070 1142 quiescere,
1102 1058 1168 1120 nisi
1186 1056 1320 1139 iniuria
1343 1053 1533 1119 lacessitos:

361 1170 418 1237 sed
437 1184 469 1237 ct
483 1170 658 1255 fortium,
682 1167 739 1233 ubi
759 1167 893 1252 injuria
915 1167 1253 1253 afficiantur,pacem
1272 1163 1438 1230 cumbello
1451 1171 1546 1228 com-¹

361 1295 517 1348 mutare:
530 1299 731 1364 rursumque
753 1299 791 1344 re
814 1279 890 1344 bene
907 1277 1092 1364 gesta,ubs'
1114 1276 1235 1341 tulerit
1258 1278 1399 1357 occasio,
1412 1273 1535 1361 deposi-

362 1396 405 1457 tis
439 1393 545 1458 armis
576 1389 689 1456 redire
719 1393 756 1454 s'n
781 1391 949 1476 gratiam.
1005 1386 1148 1472 Neque,
1183 1387 1253 1469 ait,
1285 1399 1347 1451 aut
1374 1384 1534 1451 bellorum

362 1522 507 1568 successu
539 1500 657 1567 extolli
686 1521 881 1586 quemquam
906 1511 1057 1584 oportet,
1081 1511 1143 1563 aut
1158 1501 1253 1584 pacis
1274 1502 1339 1562 otio
1358 1495 1534 1562 delinitum

362 1612 593 1679 contumeliam
610 1614 704 1697 pati.
753 1607 820 1694 Qui
842 1613 927 1674 em'm
948 1609 984 1674 ob
999 1612 1095 1695 pacis
1114 1608 1316 1694 uoluptatem
1338 1629 1359 1672 a
1378 1605 1457 1671 belli
1477 1625 1536 1670 ra-

362 1727 451 1789 tione
471 1723 652 1803 abhorret,
675 1725 704 1786 is
725 1724 755 1785 si
773 1719 940 1800 desideat,
964 1739 1064 1805 quam
1084 1719 1257 1784 celerrime
1267 1715 1536 1803 tranquillitatis

362 1837 430 1898 ista
448 1832 666 1899 delectatione
691 1829 916 1918 spoliabitur,
939 1850 1008 1915 qua
1028 1843 1145 1916 captus
1176 1828 1224 1895 ad
1250 1849 1349 1894 arma
1378 1825 1536 1892 sumenda

363 1946 495 2030 segnior
506 1943 593 2028 fuit.
638 1941 730 2007 Haec
750 1939 816 2006 ille.
859 1941 1010 2023 Aquinas
1032 1942 1041 1976 ¹
1062 1940 1156 2006 etiam
1172 1943 1249 2025 geri
1267 1938 1397 2024 quidem
1416 1935 1535 2002 bellum

364 2053 444 2118 dicit
458 2056 554 2139 pacis
570 2055 714 2139 gratia,
733 2049 791 2116 sed
808 2051 910 2116 bonae
931 2072 995 2116 non
1016 2051 1137 2117 malae.
1163 2050 1245 2116 Esse
1264 2053 1349 2114 enim
1369 2061 1401 2114 et
1421 2068 1538 2134 quam·

364 2163 442 2230 dam
466 2177 604 2251 pacem,
627 2183 727 2248 quam
761 2163 914 2227 Christus
935 2181 967 2226 sc
989 2175 1090 2247 negat
1119 2165 1155 2226 in
1186 2159 1344 2226 mundum
1369 2159 1535 2224 attulisse.

365 2275 411 2341 Et
442 2273 497 2341 alii
527 2275 567 2340 ab
591 2292 630 2340 eo
659 2272 806 2358 theologi
827 2267 839 2303 ²
862 2271 960 2337 finem
979 2272 1057 2337 belli
1079 2291 1149 2338 esse
1171 2271 1287 2338 dicunt
1306 2290 1455 2336 amovere
1478 2289 1536 2351 ea,

366 2405 449 2468 quae
478 2403 589 2470 pacem
617 2385 822 2468 perturbant.
868 2384 982 2448 Pacem
1005 2396 1114 2448 autem
1137 2382 1343 2466 perturbari,
1365 2401 1441 2448 cum
1462 2380 1538 2463 quis

365 2496 486 2580 injuste
517 2495 748 2579 impugnatur,
771 2513 846 2560 cum
875 2512 971 2558 suum
995 2492 1093 2558 alicui
1122 2491 1270 2560 aufertur
1298 2507 1356 2560 aut
1385 2493 1536 2559 damnum

366 2604 529 2686 infertur,
554 2619 587 2670 et
608 2623 683 2672 cum
701 2603 830 2689 justitia
851 2604 926 2670 sive
946 2618 1034 2669 certa
1055 2603 1186 2686 punitio
1207 2605 1384 2690 denegatur
1395 2604 1420 2671 ¹.
1444 2604 1538 2691 Quae

367 2715 499 2799 quidem
522 2715 650 2802 singula
679 2714 720 2782 ad
747 2714 899 2781 amussim
932 2714 1136 2781 conveniunt
1154 2714 1207 2780 his
1230 2715 1335 2782 causis
1357 2714 1539 2797 exquibus

366 2829 488 2894 bellurn
520 2825 598 2893 oriri
631 2826 784 2894 diximus.
828 2824 896 2892 Pax
919 2825 1020 2910 igitur
1041 2825 1174 2891 bellanti
1196 2825 1366 2909 proposita
1387 2825 1471 2892 nihil
1491 2839 1540 2892 est

236 2939 457 3006 novenaliud
477 2957 574 3020 quam
595 2937 733 3021 injuriae
755 2935 930 3020 depulsi0,
953 2935 1024 3002 sive
1048 2935 1140 3018 quod
1161 2935 1194 3000 in
1218 2934 1302 3002 idem
1322 2935 1439 3002 recidit
1456 2935 1538 3021 Juris

236 3015 344 3060 claratio.

367 3049 524 3132 adeptio,
547 3066 614 3114 non
634 3047 749 3129 utique
772 3047 845 3128 sui,
868 3047 927 3112 sed
949 3044 1112 3112 interdum
1135 3045 1230 3112 etiam
1253 3046 1369 3112 alieni:
1392 3047 1484 3130 quod
1505 3047 1539 3112 in

368 3158 467 3228 sociis
489 3156 695 3224 manifestum
716 3172 765 3222 est
787 3159 809 3223 ⁴.
854 3156 928 3222 Nec
950 3156 1059 3224 minus
1083 3171 1190 3223 tamen
1210 3157 1356 3224 accidere
1376 3172 1485 3240 potest
1505 3157 1538 3222 in

369 3269 449 3354 ipsis
471 3268 550 3335 belli
571 3267 784 3349 auctoribus,
806 3283 845 3333 ut
859 3281 939 3350 puta
954 3268 982 3333 si
999 3266 1033 3332 hi
1055 3266 1177 3350 quibus
1198 3265 1237 3334 lit
1256 3267 1374 3353 injuria
1393 3266 1539 3350 oppressi

370 3382 414 3448 ita
437 3379 520 3457 sint,
542 3391 581 3444 ut
602 3378 773 3446 resistendi
795 3398 862 3445 non
884 3380 1025 3446 habeant
1034 3378 1231 3447 facultatem.
1260 3379 1315 3446 Sic
1331 3379 1540 3445 Abrahamus

369 3512 429 3577 pro
450 3491 563 3557 Lotho
586 3505 619 3556 et
639 3489 774 3556 Sodomi
796 3489 925 3556 civibus
945 3491 1067 3558 bellum
1083 3489 1242 3575 suscipit,
1264 3489 1311 3557 sic
1324 3489 1541 3557 Constantius

369 3622 429 3688 pro
452 3599 611 3669 Romanis
639 3614 751 3667 contra
773 3600 1001 3679 Maxentium,
1025 3601 1238 3669 Theodosius
1260 3621 1319 3685 pro
1344 3600 1542 3668 Christianis

370 3729 482 3780 contra
506 3712 677 3778 Chosroen
698 3710 839 3778 Persam.
887 3713 1079 3790 Fortitud0,
1102 3733 1186 3796 quae
1209 3710 1353 3778 defendit
1375 3711 1540 3792 infirmos,

370 3823 550 3892 Ambrosio
574 3822 702 3908 justitia
724 3822 845 3889 dicitur
865 3821 887 3890 ⁵.
942 3824 1066 3890 Seneca
1087 3830 1100 3866 ⁸
1121 3826 1196 3891 vult
1217 3843 1291 3889 eum
1312 3826 1370 3908 qui
1384 3825 1540 3908 patriam

370 3957 434 4003 non
454 3956 558 4002 nocam
580 3937 779 4021 impugnat,
800 3935 858 4002 sed
875 3957 954 4001 suae
970 3940 1090 4022 granis
1112 3948 1180 4016 est,
1200 3947 1232 3999 et
1254 3937 1410 4019 sepositus
1429 3953 1451 3996 a
1469 3953 1541 3996 mea

368 4061 466 4136 gente
496 4067 590 4111 suam
619 4050 799 4132 exagitat,
836 4049 1015 4132 pravitate
1043 4049 1150 4111 animi
1181 4045 1388 4111 intercidisse
1419 4063 1540 4108 mecum

362 4161 457 4245 juris
477 4160 616 4224 humani
637 4161 844 4238 societatem,
865 4160 917 4222 ita
938 4171 976 4223 ut
990 4161 1092 4244 prior
1105 4161 1283 4244 potiorque
1305 4156 1398 4243 officii
1418 4158 1462 4219 sit
1483 4174 1541 4220 ra-

380 4359 558 4369 ——u--a

407 4480 524 4530 ¹Thom.
550 4492 573 4526 2.
598 4492 621 4526 o.
650 4491 675 4537 q.
698 4490 739 4538 40.
764 4487 809 4524 art.
838 4490 858 4525 1.
883 4477 915 4524 ad
940 4487 963 4532 3.
998 4473 1008 4507 ²
1032 4475 1110 4522 Willr.
1131 4476 1212 4523 Math.
1231 4474 1327 4534 inreq.
1346 4487 1369 4521 o.
1387 4489 1413 4534 p.
1431 4487 1454 4531 7.
1489 4473 1544 4521 ³in

374 4569 560 4618 concl.6.art.
579 4582 600 4616 1.
634 4566 724 4615 ⁴o.6.
759 4567 812 4614 ⁵in
832 4565 921 4616 lineo.
940 4579 962 4623 ³·
997 4564 1192 4614 ldebenefn.
1213 4575 1236 4621 7.
1255 4577 1277 4613 c.
1299 4577 1336 4625 19.
