3552 5654
355 637 413 698 118
634 656 680 702 oa
703 655 796 720 Juuu
823 655 1006 702 ausonae.
1033 655 1114 704 cnr.
1139 655 1223 702 vrrr.

351 806 413 872 diis
442 822 628 891 grassantur
652 814 672 874 ¹.
718 809 810 875 Quin
834 808 911 875 olim
935 810 1071 892 punitos
1094 808 1191 875 etiam
1220 807 1365 890 scimus,
1392 807 1450 891 qui
1474 808 1523 874 in-

346 919 444 1002 jussu
462 918 692 1002 imperatorum
716 921 872 987 adversus
892 920 1020 986 hostem
1043 940 1109 984 rem
1134 919 1283 1002 quamvis
1304 920 1388 985 bene
1409 919 1526 1004 gessis-

349 1043 422 1094 sent
438 1033 470 1107 ²,
493 1043 531 1094 ut
549 1045 662 1096 contra
684 1031 801 1096 merito
823 1030 975 1096 laudatur
999 1030 1081 1115 Cyri
1097 1031 1281 1112 illemiles,
1305 1029 1364 1112 qui
1376 1029 1525 1096 strictum

345 1137 412 1222 jam
436 1158 544 1205 ensem
569 1141 602 1206 in
624 1142 751 1224 proelio
775 1141 951 1225 repressit,
975 1141 1074 1208 simul
1106 1141 1251 1225 receptui
1282 1140 1374 1226 signa
1402 1141 1526 1206 cecine-

190 1249 335 1350 §mg-1¹21}
349 1264 430 1315 rant.
472 1251 573 1339 Justc
603 1255 715 1338 igitur
743 1251 862 1317 bellum
891 1265 1026 1317 eatenus
1047 1252 1174 1318 subditi
1191 1264 1337 1338 gerunt,
1361 1266 1525 1336 quatenus

347 1363 500 1446 superior
507 1361 616 1446 jubet.
661 1361 736 1428 Hoc
758 1362 786 1430 si
807 1361 840 1427 in
871 1361 1057 1428 actionibus
1081 1361 1220 1446 singulis
1242 1381 1356 1428 verum
1381 1375 1453 1442 est,
1479 1375 1526 1426 et·

348 1470 409 1536 iam
433 1471 467 1536 in
488 1471 608 1554 praeda
630 1474 776 1540 obtineat
794 1492 925 1540 necesse
948 1472 1045 1554 est⁸,
1070 1492 1154 1555 quae
1176 1488 1215 1538 ut
1226 1493 1266 1538 ex
1277 1474 1365 1539 bello
1378 1471 1525 1539 nascitur
1591 1455 1601 1474 ⁰

347 1582 393 1647 ita
418 1582 473 1666 jus
504 1583 656 1666 sequitur
685 1583 776 1650 belli.
825 1583 911 1648 Cum
935 1601 1012 1670 ergo
1033 1584 1119 1650 bella
1142 1599 1293 1666 respectu
1316 1581 1523 1649 subditorum
1616 1599 1618 1603 ’

344 1695 433 1776 justa
454 1692 521 1758 sint
552 1692 743 1775 utrimque,
767 1693 818 1758 uti
850 1693 1106 1760 demonstratum
1129 1708 1179 1759 est
1199 1696 1236 1775 ⁴,
1261 1712 1343 1777 quae
1363 1691 1525 1776 probabili

347 1802 551 1886 superiorum
583 1803 720 1887 imperio
741 1819 921 1889 geruntur,
947 1803 1101 1886 sequitur
1122 1819 1155 1870 et
1185 1805 1335 1888 praedam
1358 1803 1525 1885 utrimque

346 1932 413 1979 non
447 1914 568 1998 injuste
601 1915 674 1998 capi
708 1930 806 1997 atque
839 1915 935 1982 etiam
967 1915 1056 1981 licite
1089 1915 1220 1981 retineri
1253 1924 1278 1981 ⁵.
1336 1915 1407 1980 Cur
1439 1913 1524 1980 enim

347 2024 449 2108 magis
471 2025 601 2108 rapinae
624 2026 824 2092 conscientia
846 2040 1018 2110 gravetur,
1042 2025 1101 2108 qui
1122 2045 1189 2092 rem
1210 2025 1365 2092 hostilem
1386 2026 1526 2090 donante

347 2136 515 2220 republica
548 2152 604 2204 aut
633 2138 823 2222 magistratu
857 2137 996 2221 accipit,
1019 2156 1093 2202 cum
1117 2136 1183 2203 illis
1206 2136 1348 2202 donandi
1370 2136 1425 2220 jus
1457 2154 1526 2202 esse

348 2261 462 2331 putet,
487 2267 584 2330 quam
607 2248 739 2328 caedis,
762 2248 791 2313 si
822 2268 920 2330 quem
945 2247 1059 2314 iisdem
1080 2247 1275 2331 jubentibus
1297 2245 1452 2314 occidat?
1475 2248 1526 2312 An

347 2358 376 2423 si
398 2378 465 2424 rem
495 2360 659 2448 sententia
688 2359 887 2444 publicatam
910 2379 928 2424 a
954 2358 1034 2426 fisco
1059 2377 1160 2422 emam
1183 2357 1266 2423 nihil
1288 2357 1369 2422 mihi
1393 2356 1433 2422 de
1456 2358 1526 2442 ejus

349 2469 527 2535 sententiae
560 2470 690 2553 justitia
711 2489 842 2537 necesse
866 2470 928 2536 erit
950 2469 1138 2552 inquirere,
1161 2468 1195 2532 in
1218 2470 1306 2535 bello
1329 2483 1527 2534 autemnon

349 2578 434 2644 idem
456 2579 706 2647 observabitur?
732 2582 836 2646 Recte
860 2581 962 2665 igitur
981 2580 1129 2664 theologi
1142 2584 1154 2620 ⁶
1167 2579 1333 2646 affirmant
1355 2599 1445 2660 eum,
1469 2577 1528 2659 qui

350 2692 436 2756 bona
459 2690 525 2757 fide
545 2693 717 2777 pugnavit,
742 2707 815 2759 tuto
840 2691 960 2772 etiarn,
983 2691 1076 2774 quod
1096 2690 1136 2756 ad
1155 2691 1386 2756 conscientiam
1396 2689 1527 2765 attinet,

350 2821 400 2867 res
425 2803 511 2869 bello
532 2819 643 2887 captas
664 2804 808 2870 detinere
832 2817 885 2884 et,
903 2803 1053 2886 quamvis
1074 2816 1187 2886 postea
1208 2802 1248 2868 de
1269 2801 1347 2868 belli
1366 2799 1528 2885 injustitia

351 2913 538 2994 erudiatur,
571 2914 611 2980 ad
641 2935 676 2980 ea
708 2930 814 2980 tamen
839 2933 923 2996 quae
954 2913 1137 2979 consumsit
1168 2912 1368 2978 restituenda
1391 2930 1458 2977 non
1481 2925 1528 2975 te·

350 3024 443 3105 neri,
473 3025 537 3091 nisi
565 3025 599 3088 in
629 3040 788 3106 quantum
812 3024 920 3091 factus
944 3035 993 3090 est
1023 3023 1230 3107 locupletior.
1274 3023 1410 3106 Semper
1442 3023 1526 3088 enim

350 3136 414 3200 hoc
435 3134 646 3221 privilegium
676 3135 781 3201 bonae
803 3133 880 3200 fidei
904 3135 1149 3218 possessoribus
1173 3134 1354 3218 competit,
1379 3154 1446 3217 quo
1469 3153 1527 3201 no-

349 3245 437 3311 mine
454 3265 529 3311 cum
548 3265 661 3311 omnes
682 3246 1014 3329 comprehendamus,
1028 3245 1086 3328 qui
1107 3266 1175 3312 rem
1197 3267 1216 3311 a
1235 3264 1301 3312 non
1322 3246 1455 3312 domino
1475 3266 1527 3310 ac-

350 3372 507 3440 ceperunt
540 3377 637 3438 quem
668 3357 836 3423 dominum
865 3359 1026 3441 putabant
1048 3361 1060 3402 ⁷
1084 3377 1123 3422 eo
1155 3357 1278 3438 titulo,
1300 3355 1358 3439 qui
1383 3377 1401 3420 a
1424 3355 1528 3422 domi-

351 3487 394 3532 no
416 3488 496 3533 vero
518 3466 699 3534 dominium
723 3469 944 3534 transtulisset
963 3469 998 3550 ⁸,
1024 3468 1175 3536 subditos
1208 3468 1284 3534 illos
1312 3487 1379 3533 non
1409 3485 1530 3551 possu-

350 3599 423 3644 mus
456 3579 639 3645 excludere.
686 3580 793 3645 Datur
816 3580 901 3646 enim
924 3581 1042 3663 praeda
1062 3579 1225 3660 subditis,
1249 3593 1287 3644 ut
1309 3578 1387 3645 alibi
1409 3575 1421 3610 ⁹
1440 3578 1529 3644 dice·

351 3710 443 3764 mus,
467 3690 600 3772 publica
622 3689 833 3756 concessione
855 3705 887 3755 ct
897 3693 992 3757 velut
1010 3691 1118 3757 dono:
1139 3690 1200 3780 qui·
1214 3691 1325 3774 justus
1337 3704 1387 3757 est
1398 3690 1528 3755 titulus.

352 3800 516 3888 Quisquis
546 3793 653 3867 autern
686 3801 917 3885 rempublicam
951 3817 1008 3868 aut
1036 3801 1260 3887 magistratum
1287 3801 1376 3894 juste
1408 3800 1529 3865 bellum

354 3992 547 4003 ...-.-...-....,

387 4084 395 4118 ¹
414 4086 482 4134 Vict.
504 4099 529 4134 n.
551 4097 590 4143 53.
611 4085 674 4134 Silv.
691 4085 718 4133 in
735 4100 761 4133 v.
776 4087 882 4134 Bellum.
904 4099 926 4134 1.
944 4089 965 4144 §-
987 4099 1024 4134 11.
1043 4087 1128 4134 concl.
1146 4099 1171 4147 ψ
1206 4081 1217 4116 2
1234 4077 1296 4132 silv.
1315 4080 1349 4130 ib.
1367 4085 1389 4140 ς.
1407 4094 1430 4140 7.
1446 4083 1530 4130 concl.

353 4181 377 4226 8.
394 4179 470 4225 Mart.
488 4177 563 4225 Laud.
582 4191 607 4236 q.
628 4190 667 4224 22.
684 4189 731 4236 per
748 4177 766 4223 1.
785 4177 877 4225 desert.
891 4179 913 4234 5.
932 4176 958 4224 in
974 4173 1050 4224 bello.
1068 4175 1094 4224 ff.
1113 4177 1144 4224 cle
1162 4187 1189 4222 re
1207 4173 1261 4221 mil.
1281 4174 1326 4236 [D.
1342 4187 1384 4234 49.
1406 4173 1444 4220 16.
1463 4184 1488 4230 ³·
1507 4171 1530 4232 §,

355 4266 405 4332 15·]
426 4279 450 4316 et
467 4281 491 4327 q.
509 4279 550 4329 47.
584 4265 642 4315 ³V.
663 4268 747 4316 concl.
766 4281 790 4324 3·
824 4265 944 4314 ⁴c0roll.
962 4280 985 4314 c.
1003 4277 1028 4324 7.
1062 4265 1151 4314 ⁵sllv.
1168 4265 1195 4313 in
1214 4280 1239 4314 v.
1256 4263 1408 4314 Restitutio.
1425 4278 1450 4324 p.
1469 4275 1492 4320 ³·
1508 4263 1531 4324 s,

353 4371 376 4417 7.
394 4357 439 4406 ibi.
456 4357 566 4406 tertium.
599 4354 688 4406 ⁶Silv.
714 4357 741 4404 in
765 4372 790 4405 v.
816 4359 922 4405 Bellum.
945 4356 967 4417 §.
988 4369 1026 4404 ιο.
1044 4357 1128 4404 concl.
1147 4368 1169 4413 3.
1187 4355 1255 4404 V-iet.
1278 4369 1304 4403 n.
1329 4368 1370 4412 33.
1394 4353 1475 4411 cajet.
1501 4353 1527 4402 in

351 4452 442 4498 summ.
460 4462 533 4508 pecc.
551 4447 577 4496 in
596 4464 621 4497 v.
637 4447 702 4496 Belli
721 4449 817 4495 damna.
851 4444 862 4484 ⁷
880 4449 940 4495 lust.
957 4448 989 4494 de
1005 4459 1053 4494 rer.
1072 4445 1125 4495 div.
1143 4448 1165 4503 §-
1182 4446 1204 4494 si
1227 4445 1285 4506 quis
1309 4459 1323 4494 a
1341 4459 1393 4494 non
1409 4445 1525 4495 domino.

353 4538 384 4601 [l.
409 4554 431 4586 2.
458 4553 478 4587 1.
497 4543 517 4596 ξ.
538 4539 590 4600 35.]
625 4529 670 4586 ⁸1.
688 4535 776 4586 bonae.
795 4537 820 4585 ff.
839 4539 870 4586 de
889 4537 962 4586 verb.
981 4537 1043 4598 sign.
1065 4535 1107 4600 [D.
1125 4549 1163 4592 50·
1185 4537 1223 4585 16.
1244 4536 1312 4598 109.]
1348 4535 1399 4585 lc.
1422 4549 1459 4584 ro.
