3536 5692
344 619 406 683 302
630 621 677 667 DE
701 619 795 688 JURE
821 619 1008 666 Pxnnnnn.
1033 620 1113 666 DAP·
1138 617 1216 664 XIV·

344 772 463 838 docent
496 775 568 858 eius
602 774 825 840 excellentiam
858 772 891 838 in
923 772 1118 840 fortitudine
1150 771 1287 838 maxime
1320 785 1353 836 et
1382 771 1513 856 justitia

343 884 541 966 consistere,
578 886 671 968 quod
704 886 764 951 hae
795 885 923 952 scilicet
955 886 1096 952 virtutes
1131 885 1285 968 privatim
1315 882 1515 965 publiceque

343 995 409 1062 sint
437 997 639 1064 utilissimae.
685 998 736 1062 Ac
767 998 807 1063 de
842 995 1034 1062 fortitudine
1054 997 1187 1079 quidem
1208 999 1322 1078 plenae
1349 997 1516 1077 poetarum

343 1109 489 1193 paginae.
535 1109 643 1196 Quam
668 1108 839 1193 magnifica
861 1123 939 1174 sunt
962 1109 1018 1174 illa
1042 1106 1180 1193 Tyrtaei
1202 1111 1232 1172 ¹:

473 1224 574 1303 τιμῆέν
595 1249 629 1288 τε
651 1223 710 1304 γάρ
732 1225 793 1288 ἔστι
815 1224 866 1289 καὶ
879 1212 1005 1300 ’ἀγλαὸν
1027 1225 1103 1304 ἀνδρὶ
1127 1221 1279 1304 μάχεσθαι

518 1341 574 1411 7ἤ4
596 1334 660 1415 περ)
683 1335 733 1400 καὶ
757 1334 867 1400 παίδων
889 1335 1023 1415 κουριδίης
1044 1333 1185 1416 τάἔλόχου

475 1445 635 1524 iaculator.

477 1553 618 1618 Illustro
641 1567 688 1620 ost
711 1553 914 1640 dignumque
936 1556 1021 1621 airis
1040 1566 1104 1637 pro
1124 1556 1266 1638 pignora
1288 1572 1368 1616 caro

521 1663 696 1751 Corpora,
716 1679 779 1750 pro
804 1678 921 1730 tenera
944 1666 1103 1750 conjugo,
1126 1678 1190 1749 pro
1210 1667 1334 1750 patria

476 1777 634 1841 Hostibus
659 1776 817 1860 objecisse.

391 1887 467 1954 Huc
498 1887 681 1970 triumphi,
713 1889 780 1953 huc
804 1907 968 1970 coronae,
993 1889 1058 1953 huc
1079 1887 1309 1969 inscriptiones
1328 1885 1516 1969 pertinent,

346 2002 411 2065 huc
435 2014 468 2065 et
492 1999 760 2065 acclamationes:

454 2111 532 2187 orirer
554 2116 583 2179 ἐν
605 2115 754 2196 ἀνθρώποις
778 2113 941 2199 νικηφόρος,
966 2109 1044 2188 οὗτος
1068 2113 1192 2196 ἄριστος.

456 2213 575 2287 Victor
597 2223 673 2304 hic,
698 2223 751 2286 hic
776 2223 919 2286 homines
944 2225 1035 2286 inter
1058 2221 1266 2288 clarissimus
1290 2223 1400 2288 audit.

390 2334 480 2399 Haec
515 2348 564 2398 est
595 2333 651 2399 illa
681 2332 811 2415 virtus,
846 2353 912 2415 qua
944 2352 1037 2418 reges
1069 2334 1223 2400 celebrari
1256 2334 1421 2418 gaudent,
1452 2351 1518 2414 qua

346 2446 498 2512 homines
520 2445 669 2510 Deorum
691 2445 918 2512 asserebantur
938 2465 1093 2512 numero:

588 2557 663 2622 Hoc
686 2571 763 2622 arto
785 2555 910 2621 Pollux
935 2570 966 2621 et
989 2577 1095 2642 uagus
1120 2557 1279 2624 Hercules

589 2669 734 2733 Innixus
758 2688 851 2733 arces
874 2666 993 2732 incolit
1016 2672 1130 2754 igneas
1150 2667 1172 2734 ².

391 2781 438 2846 Et
470 2780 548 2862 quia
579 2800 667 2846 nunc
701 2779 734 2845 in
767 2800 801 2845 re
834 2780 942 2846 navali
975 2800 1164 2861 versamur,
1193 2779 1436 2846 Themistocles
1460 2779 1519 2861 qui

346 2891 508 2959 Persicam
532 2893 711 2976 potentiam
735 2891 907 2958 navalibus
929 2891 1060 2974 praeliis
1082 2891 1239 2976 infregit,
1271 2911 1381 2957 nonne
1404 2891 1520 2956 clarior

348 3024 450 3087 prope
482 3004 625 3070 Athenis
649 3019 681 3070 et
705 3003 844 3069 Graecia
871 3023 930 3068 sua
954 3002 1089 3069 effectus
1115 3003 1190 3070 est?
1218 3003 1403 3088 Cynegirus
1425 3003 1520 3069 etiam
1589 3025 1593 3030 ·

347 3115 496 3197 privatus
529 3131 694 3181 aeternum
730 3115 849 3182 meruit
881 3134 1009 3180 nomen.
1058 3116 1145 3181 Inter
1164 3116 1334 3181 Romanos
1351 3115 1520 3197 Duillius,

348 3227 406 3308 qui
426 3227 554 3292 Poenos
575 3227 655 3291 mari
679 3226 824 3306 vicerat,
848 3227 1001 3309 praelatis
1022 3225 1192 3293 funalibus
1213 3229 1306 3293 velut
1326 3243 1521 3311 perpetuum

348 3338 416 3422 egit
439 3338 653 3419 triumphum.
698 3339 751 3403 Ac
785 3337 871 3403 sicut
894 3338 1005 3422 ignavi
1027 3338 1176 3405 homines
1199 3355 1231 3405 et
1248 3343 1420 3429 ῥιψάσπιδες
1443 3359 1520 3404 con·

347 3464 451 3515 temtu
474 3449 621 3532 ubique,
655 3449 775 3515 alicubi
801 3463 833 3516 et
855 3449 967 3532 paenis
990 3464 1231 3531 conteruntur,
1256 3451 1302 3516 ita
1325 3453 1415 3516 nulla
1443 3470 1521 3536 gens

348 3576 420 3643 est,
452 3562 542 3628 nulla
574 3560 780 3644 respublica,
814 3560 847 3626 in
881 3581 947 3643 qua
977 3581 1044 3627 non
1077 3562 1180 3645 prima
1201 3582 1275 3646 pars
1298 3563 1435 3629 honoris
1456 3563 1521 3628 illis

348 3672 563 3754 exhibeatur,
597 3673 656 3755 qui
688 3672 832 3739 fortibus
865 3672 959 3740 factis
992 3690 1024 3740 et
1057 3693 1152 3740 suunt
1186 3689 1219 3740 et
1249 3673 1373 3757 patriae
1404 3694 1522 3740 nornen

349 3787 548 3852 extulerunt.
596 3786 704 3870 Cujus
736 3785 783 3851 rei
816 3785 937 3852 indicia
970 3807 1044 3852 cum
1074 3787 1107 3852 in
1132 3787 1277 3852 omnium
1300 3789 1522 3870 populorum,

264 3953 266 3956 .
348 3913 418 3962 turn
442 3898 475 3963 in
499 3897 575 3979 his,
611 3918 695 3980 quae
721 3897 858 3963 maxime
882 3899 1078 3980 laudantur,
1104 3899 1273 3964 Laconum
1298 3899 1373 3964 dico
1398 3914 1430 3964 et
1452 3899 1523 3965 Ro-

350 4028 521 4075 manorum
541 4009 701 4076 institutis
725 4009 804 4074 adeo
827 4025 904 4076 sunt
927 4009 1092 4090 illustria,
1114 4025 1152 4075 ut
1170 4010 1248 4076 huic
1269 4012 1342 4076 loco
1361 4010 1523 4076 immorari

350 4120 413 4186 hoc
437 4141 516 4186 vero
540 4121 584 4187 sit
607 4141 735 4203 operam
761 4116 908 4205 perdereJ
931 4122 988 4187 Ad
1007 4122 1168 4206 justitiam
1191 4143 1271 4189 vero
1284 4122 1375 4204 quod
1384 4123 1522 4202 attinet,

349 4247 437 4298 recte
461 4233 500 4297 ab
528 4232 767 4315 antiquissimis
801 4233 925 4302 dictum
960 4253 1026 4300 non
1049 4232 1197 4299 Luciferi
1220 4248 1278 4300 aut
1299 4233 1437 4316 Vesperi
1460 4232 1524 4298 ful·
1605 4252 1609 4260 ·

353 4374 539 4385 ——-

385 4467 393 4499 1
414 4468 497 4529 [Eleg.
517 4481 538 4516 1.
554 4481 593 4516 vs.
607 4469 631 4516 6.
651 4466 700 4531 sq.]
738 4466 748 4500 ⁹
766 4469 894 4518 Horatius.
913 4467 975 4533 [οἀ.
995 4482 1017 4528 ³.
1035 4483 1057 4528 s.
1076 4471 1112 4531 9.]
