3530 5656
563 701 609 746 na
634 700 725 766 June
752 701 936 747 urrunnu.
963 700 1044 746 cnr.
1070 697 1119 743 vr.
1382 679 1420 741 61

253 883 324 934 sent
341 867 535 950 prohibere,
559 867 643 932 laedi
668 867 808 948 aliquem
832 866 1036 949 permiserint
1058 871 1079 930 ¹.
1126 867 1191 932 Sed
1220 880 1251 930 et
1277 882 1426 931 auctores

254 994 286 1043 et
313 979 483 1044 auxiliares
517 992 618 1062 agunt
640 977 675 1042 vi
700 999 780 1058 sua,
812 978 860 1043 illi
890 977 1020 1060 quidem
1045 976 1095 1044 sui
1131 976 1257 1059 ipsius,
1289 976 1324 1040 hi
1347 996 1426 1041 vero

253 1087 386 1155 alterius
421 1077 533 1172 gratia.
578 1089 797 1153 Instrumenta
834 1104 941 1155 autem
966 1108 1033 1154 non
1065 1103 1165 1172 agunt
1198 1107 1256 1154 sua
1282 1087 1337 1166 vi,
1370 1086 1426 1152 sed

241 1201 325 1284 -ejus
355 1199 412 1281 qui
441 1213 554 1264 movet
575 1195 601 1263 ².
648 1199 758 1264 Habet
784 1200 869 1266 enim
896 1200 1146 1266 instrumentum
1170 1198 1324 1264 rationem
1343 1219 1426 1279 quo-

255 1310 426 1376 dammodo
449 1310 570 1392 partis:
593 1329 667 1391 pars
696 1324 803 1376 autem
825 1310 886 1376 toti
913 1309 1102 1375 naturaliter
1122 1308 1308 1375 famulatur.
1339 1308 1427 1374 Hinc

254 1441 368 1486 manus
390 1425 506 1505 ὄργανον
529 1423 678 1504 ὀργάνων,
708 1421 801 1502 quasi
830 1422 1117 1486 instrumentorum
1139 1419 1284 1486 omnium
1308 1419 1427 1488 instru-

254 1547 422 1611 mentum,
446 1531 532 1596 unde
553 1545 648 1612 poeta
661 1527 694 1596 ³:

338 1640 450 1706 Arma
478 1645 623 1725 antiqua
655 1664 792 1720 manas,
824 1641 934 1715 dentes
955 1663 1143 1728 unguesque
1158 1641 1319 1725 fuerunt.

298 1753 395 1818 Arma
403 1751 548 1818 vicissim
565 1773 678 1819 manus
693 1754 819 1820 militis.
846 1755 918 1819 Nos
932 1768 1038 1819 autem
1056 1772 1128 1817 cum
1145 1752 1185 1817 de
1204 1752 1429 1819 instrumentis

256 1863 333 1928 belli
357 1863 539 1944 loquimur,
564 1882 631 1929 non
654 1879 816 1930 tormenta
837 1880 893 1929 aut
912 1864 1037 1949 gladios
1064 1877 1120 1928 aut
1148 1864 1255 1929 hastas
1274 1865 1427 1929 volumus

256 1971 409 2058 intelligi:
434 1974 496 2040 ista
515 1973 598 2038 enim
625 1974 666 2039 ad
688 1975 834 2059 justitiae
858 1975 1080 2056 quaestionem
1099 1994 1212 2056 parum
1247 1973 1428 2055 pertinent:

256 2084 313 2149 sed
343 2084 432 2167 ipsos
459 2084 628 2164 homines,
653 2105 793 2166 quorum
820 2106 919 2167 opera
948 2085 1009 2151 sub
1040 2085 1177 2150 aliorum
1201 2084 1338 2166 imperio
1369 2099 1428 2150 est.

255 2195 446 2278 Exemplum
466 2195 511 2260 sit
529 2195 561 2258 in
581 2195 693 2276 filios,
716 2196 773 2277 qui
799 2196 988 2260 naturaliter
1014 2214 1086 2276 pars
1115 2194 1273 2275 quaedam
1297 2209 1346 2259 est
1372 2215 1428 2277 pa-

256 2307 339 2386 tris,
362 2327 436 2370 cum
455 2326 472 2370 a
495 2320 587 2388 patre
605 2307 668 2370 hoc
684 2307 790 2388 ipsum
812 2307 904 2387 quod
924 2321 972 2370 est
990 2304 1158 2387 acceperit.
1182 2304 1228 2369 Et
1243 2303 1277 2368 in
1289 2309 1428 2385 servo⁵,

256 2437 329 2482 narn
364 2431 395 2480 et
426 2417 480 2481 hic
514 2436 588 2499 pars
624 2417 866 2498 quodammodo
893 2415 1016 2481 domini
1043 2430 1113 2494 est,
1137 2430 1174 2478 ut
1197 2414 1334 2495 quaevis
1353 2435 1430 2498 pos·
1473 2459 1486 2474 .

257 2527 371 2592 sessio.
417 2527 501 2592 Nam
530 2526 619 2590 sicut
646 2547 718 2609 pars
752 2548 818 2593 non
847 2542 972 2592 tantum
1007 2545 1080 2608 pars
1114 2540 1162 2591 est
1188 2525 1290 2591 totius
1317 2526 1427 2592 eadem

175 2725 176 2729 Ἰ
257 2636 412 2701 relatione
436 2657 500 2718 qua
531 2651 636 2701 totum
664 2652 713 2703 est
736 2652 842 2702 totum
869 2637 995 2719 partis,
1018 2637 1077 2701 sed
1105 2636 1168 2700 hoc
1200 2635 1306 2719 ipsum
1338 2637 1429 2717 quod

258 2763 306 2814 est
341 2747 443 2812 totius
475 2761 548 2827 est,
581 2747 626 2810 ita
658 2747 821 2830 possessio
854 2762 903 2814 est
927 2747 1052 2828 aliquid
1085 2745 1188 2828 ipsius
1217 2746 1427 2829 possidentis.

257 2857 467 2924 Democritus
479 2863 508 2921 ⁸:
531 2861 669 2942 alatrum
686 2863 722 2934 ὡς
744 2861 840 2940 μέρεσι
862 2861 1046 2935 troentinate
1065 2865 1125 2941 χρῶ
1146 2857 1232 2939 ἄλλῳ
1253 2861 1321 2940 πρὸς
1341 2858 1427 2926 ἄλλο.

257 2969 293 3034 h.
312 2989 339 3033 e.
355 2968 501 3052 famulis
524 2982 702 3052 tamquam.
716 2968 872 3052 partibus
895 2971 1042 3052 corporis
1065 2967 1144 3032 aliis
1159 2965 1207 3032 ad
1217 2965 1316 3030 aliud
1325 2980 1428 3032 utare.

257 3078 329 3143 Nec
365 3080 448 3144 male
482 3078 606 3144 dictum
643 3077 841 3144 Aristoteli⁷
867 3078 1024 3159 quosdam
1056 3097 1125 3143 esse
1151 3092 1266 3142 natura
1291 3098 1427 3158 servos,

256 3208 322 3254 non
357 3189 436 3271 quia
466 3209 531 3255 non
562 3189 725 3255 hominem
754 3190 846 3255 Deus
880 3188 1018 3271 liberum
1047 3189 1227 3270 creaverit,
1261 3189 1319 3254 sed
1351 3189 1429 3269 quia

255 3389 447 3402 ——u--u-u

291 3504 299 3537 ¹
317 3507 348 3554 V.
366 3508 398 3554 ad
415 3519 465 3566 reg.
484 3521 506 3554 2.
525 3509 590 3555 Bart.
609 3507 634 3555 in
650 3511 666 3555 l.
682 3519 708 3556 ut
726 3507 786 3556 vim.
807 3508 832 3555 ff.
843 3507 941 3564 dejust.
951 3520 975 3556 et
990 3507 1054 3566 jure.
1075 3508 1118 3569 [D.
1142 3521 1162 3556 1.
1178 3508 1215 3568 3.]
1235 3521 1260 3555 n.
1276 3503 1295 3564 γ’
1309 3519 1333 3554 et
1344 3511 1368 3554 8.
1378 3508 1428 3570 Jas.

257 3595 293 3643 ib.
310 3609 335 3644 n.
355 3610 394 3658 29.
430 3599 510 3646 Castr.
529 3600 559 3646 ad
569 3602 590 3657 §-
607 3597 644 3655 jus
661 3598 772 3658 gentium
788 3597 820 3660 [§.
838 3597 866 3661 4]
887 3602 903 3645 l.
926 3612 946 3646 r.
965 3613 996 3646 eo
1014 3610 1061 3646 tot.
1078 3612 1103 3645 n.
1125 3613 1162 3646 10.
1183 3612 1221 3645 11.
1243 3611 1296 3646 12.·
1315 3599 1380 3645 Bart.
1398 3600 1428 3646 ad

258 3688 274 3733 1.
291 3688 386 3735 hostes.
402 3685 428 3734 ff.
452 3689 483 3735 de
502 3699 568 3746 capt.
588 3689 631 3749 [D.
649 3702 689 3748 49.
711 3701 748 3742 rs.
767 3689 819 3748 24]
838 3702 862 3734 n.
881 3701 905 3750 9.
942 3691 995 3736 Inn.
1013 3691 1043 3736 ad
1062 3703 1084 3737 c.
1102 3689 1175 3737 sicut.
1194 3689 1225 3737 de
1242 3685 1346 3744 iureiur.
1366 3688 1427 3749 [De-

256 3779 342 3824 cretal.
375 3791 397 3824 a.
423 3790 463 3836 24.
486 3777 539 3838 29]
566 3789 590 3824 et
617 3777 643 3824 in
667 3791 688 3824 o.
711 3777 781 3826 olim.
808 3779 839 3825 de
864 3790 922 3826 rest.
946 3778 1036 3838 spoliis
1069 3779 1205 3839 [Decretal.
1232 3777 1428 3840 2.13.12.]et

257 3868 351 3916 ibidem
361 3869 419 3914 Pan.
437 3881 461 3913 n.
483 3879 520 3921 15.
538 3867 600 3914 Silv.
618 3867 644 3914 in
654 3882 679 3915 v.
689 3867 786 3915 Bellum
805 3882 829 3914 2.
846 3869 866 3928 §.
885 3871 908 3916 8.
926 3870 1017 3915 Thom.
1038 3882 1059 3915 1.
1078 3882 1100 3915 a.
1118 3883 1142 3928 q.
1152 3880 1192 3928 47.
1210 3880 1255 3915 art.
1276 3881 1297 3914 1.
1316 3869 1379 3914 Gen.
1391 3881 1429 3926 14.

256 3969 312 4005 toto
328 3971 381 4017 cap.
406 3959 482 4004 Prov.
509 3969 606 4016 2411.
633 3958 671 4003 Ps.
690 3959 730 4002 82.
747 3970 771 4017 4.
807 3958 891 4016 Dynus
910 3957 936 4004 in
954 3971 974 4002 e.
992 3970 1044 4003 non
1061 3969 1098 4004 est
1115 3957 1179 4004 sine.
1205 3957 1342 4016 [Decretal.
1361 3956 1386 4003 in
1404 3958 1428 4013 6,

258 4059 280 4102 5.
308 4061 346 4095 ra.
364 4060 415 4106 reg.
437 4046 490 4108 19.]
510 4047 571 4095 Silv.
590 4045 615 4092 in
632 4046 875 4093 v.Homio.n.1o.
904 4049 959 4093 sen.
980 4059 1020 4104 ep.
1039 4058 1079 4108 9⁵·
1114 4043 1218 4092 ttrist.
1237 4046 1267 4092 de
1291 4059 1344 4105 rep.
1363 4048 1379 4093 1.
1408 4059 1429 4095 1.

256 4151 277 4184 o.
294 4152 318 4199 4.
339 4135 376 4200 [p.
398 4149 469 4192 1253.
489 4151 511 4184 a.
538 4150 575 4185 vs.
604 4148 642 4192 27.
668 4133 735 4196 sqq.]
772 4133 885 4211 ³[Luor.
903 4137 920 4184 1.
936 4149 959 4191 5.
979 4149 1016 4182 vs.
1036 4136 1120 4197 1282]
1166 4134 1211 4182 ⁴1.
1230 4135 1390 4184 oumsoimus
1408 4137 1428 4197 §.

261 4239 282 4274 r.
303 4229 333 4274 C.
352 4229 383 4274 de
402 4227 477 4287 agria.
496 4238 519 4274 et
538 4240 605 4274 oens.
633 4226 675 4286 [C.
697 4239 734 4272 11.
753 4238 793 4286 47.
813 4225 857 4286 22]
882 4225 959 4274 Arist.
978 4228 1009 4274 de
1027 4241 1091 4275 mor.
1109 4226 1140 4274 ad
1156 4225 1256 4272 Nicom.
1274 4226 1292 4272 1.
1310 4238 1332 4280 s.
1350 4241 1370 4272 e.
1391 4239 1428 4274 ιο.

259 4313 298 4378 [p.
322 4329 393 4376 1134.
412 4330 434 4364 a.
450 4330 488 4364 vs.
510 4314 694 4378 10.]·llpplioa
710 4327 741 4363 ex
768 4318 785 4363 l.
813 4317 944 4364 Gracchus.
963 4319 991 4364 C.
1010 4319 1041 4365 de
1056 4318 1133 4365 adult.
1153 4314 1196 4377 [C.
1214 4329 1238 4376 9.
1256 4329 1280 4376 9.
1298 4314 1337 4377 4.]
1373 4319 1428 4363 sen.

256 4417 336 4453 contr.
362 4408 379 4453 l.
409 4420 436 4463 1..
452 4420 476 4467 4.
511 4405 645 4466 ⁵Applioa
667 4419 699 4453 ex
720 4409 735 4452 l.
759 4419 815 4453 oum
841 4407 908 4454 dom.
933 4404 960 4455 ff.
988 4409 1019 4454 de
1044 4410 1067 4456 S.
1089 4409 1117 4454 C.
1145 4407 1187 4453 sil.
1213 4403 1256 4467 [D.
1275 4419 1313 4466 29.
1333 4418 1355 4461 5.
1376 4405 1426 4469 19.]

256 4493 423 4558 ⁰[ap.stob.
450 4495 475 4544 in
493 4496 567 4544 floril.
590 4499 607 4543 l.
632 4496 673 4544 62.
699 4511 724 4544 n.
743 4496 797 4561 45.]
833 4495 892 4547 ⁷(le
914 4511 968 4558 rep.
987 4500 1003 4545 l.
1025 4512 1045 4546 r.
1063 4513 1083 4546 e.
1101 4509 1123 4553 5.
1144 4496 1180 4560 [p.
1202 4498 1427 4556 1254.a.vs.16.

257 4585 325 4650 sor-l
