3530 5656
660 649 708 697 DE
730 649 824 716 Juuu
850 647 1033 698 anaunia.
1057 648 1139 696 CAP.
1161 648 1201 696 11.

731 807 832 874 δίκαιοι
853 806 967 886 δ’ἑσμὲν
982 807 1121 880 οἰκοῦντες
1139 805 1222 874 πόλιν

511 916 593 985 αὐτοὶ
616 919 785 990 aal'aarobr
805 917 903 999 κυρίας
925 920 1044 999 κραίνειν
1066 917 1148 990 δίκας
1169 917 1193 978 ¹.

518 1027 590 1090 Nos
614 1039 774 1112 quotquot
797 1027 896 1112 hujus
919 1025 1054 1090 colimus
1078 1025 1171 1090 urbis
1193 1027 1321 1088 moenia

516 1136 672 1202 Volumus
694 1141 760 1223 ipsi
783 1151 900 1202 nostra
913 1135 1052 1222 judicia
1073 1138 1216 1220 exsequi.

384 1247 470 1314 Nam
491 1267 673 1331 sanesupra
683 1247 938 1332 rempublicam,
961 1267 1046 1330 quae
1058 1262 1107 1314 est
1118 1267 1176 1329 per
1186 1266 1221 1312 se
1232 1245 1394 1313 sufficiens
1406 1249 1517 1314 multi-

340 1359 444 1441 tuda,
476 1363 581 1445 majus
612 1362 739 1427 nullum
771 1360 942 1444 imperium
966 1374 1024 1428 est.
1070 1357 1190 1440 Neque
1210 1377 1289 1424 vero
1317 1358 1517 1440 respublicae

339 1471 420 1538 aliae
443 1489 557 1539 omnes
578 1471 753 1538 convenire
774 1485 980 1554 potuerunt,
1004 1485 1042 1538 ut
1064 1468 1257 1536 certantium
1281 1468 1364 1534 inter
1386 1489 1420 1535 se
1440 1490 1516 1537 cau·

339 1600 391 1649 sas
424 1581 596 1648 discerent.
642 1581 866 1649 Distinctione
897 1582 998 1668 igitur
1028 1581 1139 1664 aliqua
1160 1600 1211 1646 res
1234 1577 1299 1644 fuit
1316 1580 1517 1648 concilianda

180 1705 326 1767 argutati.
340 1693 372 1758 in
397 1693 480 1758 hanc
500 1695 667 1778 regulam:
692 1694 733 1758 In
742 1693 930 1780 judicando
948 1698 1080 1782 priores
1100 1696 1167 1758 sint
1185 1704 1303 1778 partes
1324 1693 1392 1778 ejus
1406 1696 1516 1778 reipu-

339 1804 467 1886 blicae,
488 1803 574 1870 unde
602 1805 735 1892 cujusve
757 1827 779 1871 a
808 1809 878 1873 ciue
903 1809 1049 1893 petitur.
1097 1801 1194 1887 Quod
1211 1807 1240 1868 si
1260 1804 1358 1888 hujus
1382 1805 1515 1890 officium

338 1930 461 1998 cesset,
486 1929 557 1981 tuat
579 1916 787 2001 respublica,
809 1937 895 2002 quae
917 1920 990 2003 ipsa
1002 1917 1135 2002 cujusve
1145 1919 1226 1984 ciris
1232 1918 1342 2001 petit,
1363 1936 1434 1980 eam
1447 1936 1515 1979 rem

329 2025 472 2114 judicet.

381 2137 502 2220 Neque
534 2158 613 2205 vero
646 2137 739 2204 aliter
770 2153 931 2205 certamen
962 2138 1046 2205 illud
1079 2137 1222 2221 expediri
1253 2137 1372 2220 potuit.
1429 2137 1514 2202 Nam

338 2270 412 2316 cum
445 2250 478 2316 in
501 2249 589 2316 omni
611 2250 668 2316 lite
691 2250 774 2316 duae
795 2250 861 2317 sint
882 2265 1012 2333 partes,
1040 2265 1129 2316 actor
1150 2264 1183 2314 et
1204 2269 1308 2330 reus,
1333 2263 1365 2313 et
1385 2267 1515 2315 necesse

338 2361 471 2428 omnino
504 2377 587 2430 esset
606 2361 707 2446 partis
729 2362 863 2430 alterius
888 2362 1120 2446 rempublicam
1141 2361 1283 2446 J'udicenr
1306 2358 1402 2441 fieri,
1427 2380 1514 2424 com·

338 2472 562 2540 modissimum
583 2472 649 2540 fuit
670 2473 710 2538 ad
732 2494 800 2540 earn
825 2474 864 2538 iri
887 2474 992 2557 primo
1014 2475 1106 2554 loca,
1130 2493 1213 2555 quae
1226 2470 1377 2538 facillime
1390 2471 1515 2557 judica-

339 2599 408 2651 tum
440 2584 576 2667 exsequi
607 2601 727 2668 posset.
783 2585 830 2650 lla
862 2600 970 2651 autem
1005 2599 1077 2665 est,
1108 2604 1207 2668 penes
1228 2604 1325 2666 quarn
1348 2585 1422 2667 plus
1445 2604 1514 2650 esse

339 2695 479 2763 dicitur:
504 2697 642 2779 quodsi
667 2695 853 2779 auferatur,
877 2698 986 2763 omnia
1008 2696 1093 2763 fiunt
1109 2695 1268 2778 aequalia.
1314 2693 1358 2759 Et
1378 2694 1512 2762 inhunc

338 2805 403 2874 fere
425 2809 558 2875 modurn
580 2810 752 2877 amicarum
764 2809 909 2896 gentium
921 2809 1051 2876 foedera
1063 2806 1312 2891 concipiuntur;
1337 2807 1420 2872 utin
1434 2806 1514 2872 Gal-

338 2921 443 2985 lorum
465 2935 498 2984 et
518 2921 694 2987 Annibalis
714 2920 869 3002 foedere,
893 2922 920 2988 si
944 2920 1034 2986 Galli
1045 2921 1190 2986 Poenum
1201 2933 1411 2998 accusarent,
1431 2918 1514 2982 Poe·

339 3049 454 3096 norum
477 3051 512 3096 ea
536 3031 575 3096 de
597 3052 631 3097 re
651 3031 812 3116 judicium
837 3048 940 3112 esset,
964 3033 1014 3100 sin
1038 3031 1139 3098 Poeni
1160 3030 1320 3111 Gallum,
1341 3045 1410 3096 tum
1432 3029 1512 3095 Gal-

338 3145 443 3208 lorum
467 3141 605 3208 feminae
628 3143 820 3228 (eratenim
845 3145 915 3229 ejus
935 3165 1032 3211 sexus
1054 3163 1168 3228 magna
1189 3143 1284 3208 etiam
1315 3143 1348 3207 in
1371 3141 1511 3225 publicis

339 3254 533 3339 auctoritas)
568 3255 657 3320 litem
690 3256 914 3340 dijudicarent.
968 3257 1088 3322 uadem
1118 3256 1158 3320 de
1188 3274 1283 3322 causa
1314 3253 1510 3337 Demophon

338 3366 547 3450 Eurysthea,
591 3366 711 3434 Tatius
755 3389 811 3434 rex
845 3369 1090 3449 Laurentibus,
1122 3367 1266 3450 populus
1297 3365 1512 3432 Atheniensis

339 3478 554 3558 Alexandra,
588 3479 643 3544 alii
678 3479 750 3546 aliis
783 3481 969 3563 saepissime
996 3478 1255 3563 responderunt,
1279 3498 1353 3544 cum
1379 3498 1511 3544 suorum

339 3589 462 3660 civium
484 3589 612 3671 aliquos
635 3590 668 3654 in
691 3610 828 3673 poenam
850 3592 965 3658 dedere
986 3593 1201 3678 juberentur,
1221 3590 1335 3673 siquis
1348 3603 1513 3655 accusaret

338 3720 372 3768 se
393 3701 466 3785 June
489 3714 521 3762 et
543 3699 671 3784 legibus
694 3699 984 3768 animadversuros.
1029 3703 1131 3790 Quod
1150 3703 1178 3768 si
1202 3718 1308 3768 tamen
1331 3701 1513 3784 respublica

338 3810 362 3876 a¹
387 3810 516 3876 civibus
536 3811 603 3878 suis
631 3825 709 3892 aut,
734 3813 825 3894 quod
843 3812 1098 3897 frequentius²,
1122 3836 1140 3880 a
1162 3834 1197 3880 se
1220 3815 1340 3879 illatam
1361 3812 1512 3898 iniuriam

338 3922 546 4006 pertinaciter
579 3939 731 4006 tueatur,
766 3946 874 4008 neque
908 3931 974 3992 e'am
1008 3925 1147 3992 fateatur
1177 3942 1209 3992 et
1241 3925 1409 4005 emendet,
1443 3935 1512 3990 tum

338 4050 424 4101 certe
443 4035 610 4121 judicandi
635 4038 715 4102 ordo
739 4038 780 4103 ad
802 4040 933 4103 alteram
956 4038 1213 4121 rempublicam,
1238 4058 1322 4120 quae
1346 4051 1402 4103 aut
1424 4035 1458 4101 in
1479 4056 1513 4100 se

340 4162 396 4212 aut
427 4147 460 4211 in
494 4147 566 4215 cive
598 4168 659 4215 suo
692 4169 726 4216 se
751 4151 870 4216 laesam
893 4165 1073 4233 conquesta
1095 4166 1166 4230 est,
1197 4149 1336 4215 naturali
1361 4149 1419 4214 illo
1440 4149 1512 4232 jure

374 4464 484 4526 ¹Eurip.
505 4469 609 4540 'Heracl
636 4469 687 4530 [vs.
716 4482 769 4530 142.
792 4469 843 4530 sq.]
878 4471 888 4504 ²
910 4471 975 4518 Plut.
998 4471 1028 4517 de
1054 4467 1141 4518 virtut.
1168 4470 1227 4517 mul.
1256 4469 1293 4530 [p.
1322 4469 1378 4530 246.
1404 4469 1510 4530 Moral]

339 4555 350 4588 ³
368 4555 429 4604 silv.
445 4556 471 4604 in
486 4573 511 4607 v.
526 4559 712 4618 Repressaliae.
730 4574 753 4608 a.
772 4573 795 4617 3.
814 4572 838 4608 et
854 4574 879 4620 4.
