3546 5654
556 696 602 742 nu
625 695 719 762 June:
746 695 928 742 annuunt.
954 696 1033 742 cnr.
1058 698 1106 742 xr.
1352 691 1410 756 195

228 855 383 936 ¹crudeles
406 855 439 920 in
461 873 577 921 manus
600 851 736 917 incidit:
760 851 905 918 occisum
926 865 1063 919 constat.
1088 851 1186 917 Fama
1204 871 1261 934 per
1282 868 1409 917 omnem

232 955 360 1032 'indiam
379 981 533 1032 constans
555 963 693 1044 asserit,
717 963 858 1030 navibus
887 978 1030 1047 quatuor
1054 963 1182 1047 longis,
1207 981 1290 1044 qnae
1313 961 1409 1027 remis

235 1073 279 1144 in¹
302 1078 468 1144 diversum
501 1076 739 1154 incitarentur,
772 1075 963 1142 distractum
994 1074 1279 1157 displicatumque.
1337 1073 1407 1137 Nec

235 1204 285 1256 est
306 1209 365 1254 cur
386 1188 494 1255 minus
517 1188 581 1253 hoc
615 1186 781 1266 credatur,
816 1207 913 1268 quam
942 1186 1034 1268 quod
1056 1186 1164 1253 Gallis
1186 1185 1309 1252 factum
1333 1199 1407 1251 ante

233 1300 463 1380 meminimus,
488 1299 547 1383 qui
571 1297 679 1365 aeneis
703 1297 862 1363 machinis
885 1297 1053 1381 impositi,
1078 1312 1110 1362 et
1132 1297 1188 1363 teli
1217 1297 1290 1363 viee
1310 1296 1407 1381 ejecti

234 1425 322 1478 sunt.
368 1412 466 1477 Certe
485 1425 584 1493 caput
603 1409 693 1475 illius
712 1429 730 1474 a
749 1427 884 1493 corpore
903 1411 1075 1489 avulsum,
1100 1424 1132 1474 et
1151 1408 1291 1475 sublime
1310 1427 1407 1492 super
1609 1493 1616 1502 ι

234 1524 423 1588 caracollam
455 1521 575 1588 ferculi
608 1540 697 1587 more
731 1535 929 1587 ostentatum
957 1520 1089 1603 plurimi
1112 1520 1236 1586 videre.
1283 1519 1406 1585 Classis
1419 1542 1488 1587 Anno
1502 1543 1551 1591 eod.

233 1633 361 1699 interim
384 1632 476 1716 prius
499 1646 697 1712 memorata,
735 1651 820 1714 quae
854 1633 994 1698 batavos
1029 1632 1197 1698 Moluccis
1231 1644 1264 1697 et
1297 1631 1406 1698 Bantia

234 1745 440 1822 excluderet,
463 1757 579 1826 paratu
602 1743 723 1827 majore
742 1742 970 1808 adornabatur.
992 1743 1106 1825 Atque
1126 1742 1221 1808 etiam
1241 1742 1352 1808 literae
1376 1758 1408 1808 et

234 1855 342 1921 nuntii
364 1854 578 1920 mittebantur
600 1854 641 1920 ad
664 1873 776 1920 omnes
796 1853 896 1938 Javae
914 1868 947 1919 et
969 1852 1104 1919 aliarum
1115 1853 1294 1920 insularum
1314 1854 1407 1920 Prin·

233 1967 342 2049 cipes,
366 1966 424 2048 qui
447 1965 668 2051 significarent
698 1980 811 2049 coepta
843 1965 923 2030 haec
945 1984 963 2029 a
987 1963 1178 2045 Lusitanis,
1203 1985 1270 2047 quo
1295 1964 1343 2029 illi
1367 1966 1406 2031 ab

184 2093 187 2097 ·
235 2077 475 2144 Hollandorum
507 2077 630 2160 rapinis
660 2076 921 2142 vindicarentur:
955 2095 1022 2156 quo
1053 2075 1140 2141 facto
1168 2076 1347 2156 meruisse,
1371 2091 1410 2141 ut

235 2188 277 2253 ad
299 2189 411 2272 ipsos,
442 2208 539 2256 veros
562 2186 690 2254 scilicet
713 2185 859 2252 Orientis
882 2186 1094 2266 liberatores,
1128 2187 1272 2252 omnium
1296 2206 1407 2269 regum
1431 2187 1435 2196 ’
1505 2221 1508 2232 ·

235 2302 502 2382 populorumque
535 2297 649 2380 copiae
683 2297 909 2364 convenirent.
957 2297 1027 2361 Hac
1062 2297 1102 2362 de
1135 2316 1169 2362 re
1204 2289 1408 2390 apraefecto

235 2409 442 2475 Bantamensi
474 2406 699 2491 praemonitus
730 2406 903 2486 Neckius‚
936 2427 1011 2472 cum
1040 2408 1106 2491 jam
1139 2409 1275 2472 alterum
1307 2422 1409 2472 terras

236 2517 307 2584 illas
340 2518 521 2600 inviseret,
554 2516 700 2583 confisus
732 2533 837 2583 tamen
871 2532 903 2583 et
924 2537 1039 2585 causae
1066 2532 1099 2584 et
1115 2517 1253 2598 virtuti,
1280 2517 1409 2584 duabus

236 2648 311 2695 cum
343 2629 483 2695 navibus
507 2627 683 2694 Ternatam
714 2627 820 2713 petit,
854 2629 912 2694 ubi
943 2628 1112 2696 verissima
1144 2629 1302 2712 comperit
1325 2651 1409 2712 quae
1463 2669 1466 2675 -

236 2738 352 2807 auditu
384 2745 581 2823 perceperat.
627 2739 713 2804 Nam
746 2753 779 2806 et
809 2760 865 2805 rex
898 2739 1023 2805 insulae
1054 2741 1096 2806 ad
1126 2739 1274 2808 ferendas
1297 2756 1410 2809 contra

236 2849 377 2916 Batavos
411 2851 578 2934 suppetias
609 2849 873 2930 sollicitabatur,
908 2865 941 2916 et
974 2850 1128 2916 Lusitani
1163 2873 1236 2918 cum
1270 2853 1410 2937 caraccis

236 2961 387 3040 duabus,
419 2961 556 3026 totidem
585 2960 724 3045 galeris,
759 2961 835 3026 navi
869 2962 986 3028 bellica
1010 2980 1073 3028 una
1104 2963 1208 3029 littori
1240 2965 1409 3031 adhaeres-

236 3071 374 3151 cebant,
398 3085 543 3155 tempora
561 3061 729 3155 captantes
754 3087 786 3138 et
803 3073 1026 3154 occasionem,
1050 3090 1088 3139 ut
1112 3075 1242 3142 Batavis
1269 3076 1408 3142 navibus

235 3181 379 3247 flammas
401 3181 570 3249 inferrent.
616 3183 741 3250 Ibidem
766 3185 939 3251 tormentis
962 3200 1118 3252 certatum
1143 3202 1203 3255 est.

280 3293 366 3359 Sunt
385 3294 518 3375 quidem
538 3295 617 3360 haec
638 3295 746 3360 omnia
765 3295 956 3364 hostilitatis
968 3316 1157 3382 progressae
1175 3300 1259 3366 ultra
1274 3300 1408 3366 humani
1422 3325 1504 3374 Ante.
1516 3327 1544 3372 γ.

236 3403 305 3470 odii
333 3403 414 3470 lines
443 3404 564 3472 indicia
592 3421 656 3470 tam
685 3408 770 3472 clara
796 3422 894 3490 atque
913 3407 1106 3491 manifesta,
1131 3425 1168 3476 ut
1191 3410 1250 3492 qui
1273 3411 1409 3477 certiora

237 3514 423 3597 desideret,
448 3514 486 3602 ei¹
506 3516 641 3583 meridie
663 3537 730 3584 non
754 3520 869 3585 luceat.
915 3518 1008 3608 Quid
1031 3521 1116 3586 enim
1139 3521 1224 3587 velis
1246 3523 1409 3606 amplius,

237 3649 334 3712 quam
371 3631 462 3713 quod
496 3630 545 3697 illi
579 3629 613 3695 in
646 3631 796 3696 nocendo
829 3649 889 3696 nec
925 3630 1073 3712 nomini,
1108 3651 1167 3698 nec
1199 3634 1320 3715 rebus,
1351 3653 1410 3699 nec

235 3741 323 3808 vitae
347 3742 570 3823 batavorum,
604 3761 662 3806 nec
685 3740 850 3807 sumtibus
873 3741 963 3823 suis,
988 3760 1047 3807 nec
1070 3743 1248 3826 periculis,
1272 3764 1313 3808 ne
1334 3744 1410 3810 fidei

237 3853 371 3935 quidem
403 3851 644 3935 pepercerunt?
692 3851 759 3917 Sed
790 3866 896 3917 tamen
928 3872 993 3917 una
1025 3853 1120 3918 etiam
1151 3873 1202 3918 res
1233 3869 1302 3936 est,
1327 3875 1411 3936 quae

238 3984 289 4030 me
311 3961 454 4029 validius
477 3961 641 4040 concutit,
666 3977 699 4027 et
721 3981 802 4042 qua,
826 3976 864 4026 ut
886 3981 947 4046 ego
968 3961 1121 4041 arbitror,
1146 3962 1244 4028 animi
1264 3964 1410 4042 nobiles,

239 4074 363 4157 quibus
385 4072 488 4158 patria
517 4072 706 4156 patriaeque
730 4072 834 4157 gloria
856 4072 948 4138 cordi
972 4087 1042 4152 est,
1066 4073 1161 4138 etiam
1182 4074 1410 4140 vehementius

239 4205 335 4267 quam
359 4185 495 4253 caeteris
517 4185 750 4252 movebuntur.
794 4183 932 4249 Planum
955 4181 1068 4250 faciam
1092 4184 1271 4253 Lusitanos
1294 4185 1327 4250 in
1352 4205 1412 4270 po-

238 4297 336 4376 pulos
368 4315 502 4379 omnes,
536 4295 595 4379 qui
628 4297 768 4362 Batavos
802 4295 842 4360 ad
865 4315 900 4362 se
923 4294 1075 4362 accedere
1097 4296 1285 4380 negotiandi
1310 4299 1412 4382 gratia

240 4406 328 4487 passi
350 4422 449 4487 sunt,
482 4426 549 4474 non
580 4407 689 4473 minus
722 4426 820 4489 quam
844 4405 877 4470 in
901 4406 992 4491 ipsos
1025 4408 1203 4489 saeviisse,
1237 4409 1411 4474 autetiam

240 4530 332 4582 tanto
351 4518 470 4603 magis,
495 4533 618 4601 quanto
640 4517 688 4584 illi
709 4519 811 4603 magis
831 4533 899 4584 arte
920 4518 998 4584 belli
1019 4534 1175 4602 possunt,
1200 4522 1411 4603 pollentque:

1190 4622 1294 4714 tm„
1382 4638 1384 4646 ,
