3530 5656
475 633 480 642 '
550 653 597 702 oe
619 653 713 719 June
739 653 919 704 orsoenos.
946 655 1025 706 cao.
1050 655 1099 704 ιν.
1368 652 1406 714 51

240 811 321 874 urbe
345 808 528 875 corurndcm
553 828 604 873 rcs
628 820 729 893 atquc
748 811 904 893 pecunias
927 813 1050 876 uictori
1071 808 1193 876 ccdcrc.
1216 808 1262 880 Et
1282 807 1409 890 hicest

238 921 294 986 ille
318 921 449 1005 Cyrus,
474 919 528 985 cui
552 938 648 1002 regna
672 917 817 984 Orientis
841 919 936 988 armis
961 919 1212 1002 quaesitaDeus
1226 918 1296 1001 ipse
1320 927 1327 959 ¹
1354 918 1409 984 ad·

239 1031 328 1100 dicit.
370 1031 460 1116 Juris
491 1029 637 1114 gentium
666 1028 720 1113 jus
749 1029 827 1096 belli
850 1050 923 1113 pars
947 1045 1012 1098 est:
1046 1050 1145 1113 quare
1170 1029 1353 1104 Aeschines
1376 1026 1407 1094 ¹:

238 1147 338 1226 εἰμὲν
360 1146 427 1226 πρὸς
448 1145 528 1224 ἡμᾶς
551 1143 721 1222 πολεμήσας
744 1141 915 1224 δορυνὶλωτον
933 1146 985 1220 τὴν
1002 1144 1085 1212 πόλιν
1103 1141 1194 1216 εἷλες,
1216 1143 1313 1224 κυρίως
1332 1141 1408 1226 ἔχεις

237 1258 277 1336 τῷ
300 1260 350 1322 τοῦ
372 1253 498 1334 πολέμου
518 1251 594 1334 νόμῳ
617 1252 804 1332 κτησάμενος.
842 1247 938 1333 Quod
962 1255 991 1317 si
1018 1251 1100 1324 bello
1127 1267 1246 1318 contra
1266 1273 1321 1317 nos
1341 1272 1410 1316 sus·

238 1376 328 1447 ccptc
358 1363 469 1432 urbam
498 1365 603 1430 armis
623 1375 756 1446 captam
777 1368 966 1448 occupasti,
994 1378 1083 1436 ractc
1114 1364 1210 1430 illam
1235 1362 1313 1427 bclli
1327 1363 1410 1446 jcrc

233 1473 388 1558 possidat.
432 1471 588 1556 Idemque
609 1473 663 1538 alii
687 1473 768 1557 ⁸jus
791 1474 949 1543 victoriae
969 1475 1123 1546 dixerunt
1149 1472 1409 1562 philosophique

240 1603 352 1651 omnes
370 1587 382 1622 ⁴
401 1585 570 1667 proprium
591 1581 754 1669 quoddam
780 1606 884 1670 genus
908 1585 1138 1668 acquisitionis
1159 1606 1199 1651 ex
1221 1587 1316 1652 hoste
1343 1599 1408 1650 sta-

241 1710 362 1777 tuunt,
386 1695 476 1778 quod
499 1711 556 1760 aut
576 1700 736 1779 πολεμικήν
759 1712 816 1762 aut
831 1701 969 1782 apertuit
992 1711 1048 1766 aut
1067 1702 1256 1778 appamenus
1275 1711 1332 1762 aut
1348 1723 1411 1780 χεν-

239 1811 356 1890 ρωτνκήν
387 1820 518 1874 vocant.
564 1807 715 1875 Socrates
748 1807 855 1876 autem
891 1809 980 1891 apud
1013 1809 1264 1891 Xenophontem
1287 1811 1319 1886 ⁵,
1352 1807 1411 1889 qui

240 1939 311 1986 mos
323 1918 371 1986 illi
390 1917 455 1986 fuit
473 1917 661 1986 obstetricia
681 1919 819 2001 quadam
842 1935 930 2002 arte,
948 1921 1122 1988 exsemine
1146 1921 1236 2002 quod
1258 1920 1411 1988 humanis

240 2030 356 2098 animis
366 2030 500 2096 insitum
514 2043 563 2095 est
575 2028 691 2096 elicere
702 2029 896 2113 veritatem,
922 2030 1169 2116 Euthydemum
1182 2031 1411 2114 interrogando

241 2163 280 2208 eo
300 2142 474 2226 perducit,
499 2155 537 2208 ut
556 2161 629 2207 cum
653 2140 792 2224 spoliare
812 2141 846 2206 in
865 2157 955 2225 parte
975 2142 1154 2226 injustitiae
1170 2156 1325 2225 poneret,
1347 2142 1412 2206 hoc

187 2291 198 2300 -
242 2254 348 2336 ipsum
382 2256 487 2318 tamen
522 2253 555 2318 in
589 2254 684 2320 hoste
704 2252 851 2337 justitiae
875 2269 1126 2322 consentaneum
1151 2273 1221 2324 esse
1242 2252 1410 2322 fateretur.

241 2365 288 2430 Et
318 2365 414 2454 Plato
434 2373 474 2442 †:
497 2367 597 2435 unierat
619 2374 674 2434 τῶν
696 2367 850 2448 νικωμένων
869 2369 972 2444 cyclo
1002 2374 1058 2434 asir
1090 2369 1224 2436 νικώντων
1250 2365 1411 2443 ulyssaea.

241 2475 325 2539 bona
349 2479 459 2540 omnic
482 2496 567 2560 quac
589 2479 696 2544 rictus
720 2475 838 2542 habuit
864 2478 1002 2543 uictoris
1021 2473 1113 2557 ficri.
1156 2473 1255 2540 Unde
1277 2489 1410 2556 apparet

242 2603 339 2664 quam
372 2585 420 2650 illi
444 2584 455 2620 ⁰
477 2585 545 2656 sint
572 2584 697 2667 inepti,
731 2585 788 2666 qui
821 2587 905 2654 bella
937 2585 1021 2654 inter
1054 2584 1261 2652 Christianos
1295 2586 1413 2667 praeda

242 2696 362 2762 volunt
382 2715 511 2775 carere,
546 2694 610 2760 nisi
633 2693 716 2760 forte
740 2695 795 2760 illa
818 2697 927 2764 omnia
946 2711 1064 2778 putant
1085 2697 1220 2780 injusta.
1267 2695 1333 2764 Sed
1352 2697 1413 2760 ho-

244 2805 369 2898 minum
393 2805 539 2887 alioquin
564 2805 765 2872 eruditorum
787 2807 848 2874 hac
872 2806 905 2874 in
924 2821 1014 2888 parte
1026 2807 1186 2875 inscitiam
1207 2805 1261 2874 alii
1280 2825 1413 2887 aperue-

241 2931 319 2981 runt
341 2921 366 2982 ⁷.
412 2917 486 2983 Nos
517 2937 557 2983 ex
589 2917 758 3000 principiis
790 2931 864 2986 ante
897 2917 1016 3000 positis
1038 2937 1103 2984 rem
1125 2930 1189 2986 tam
1207 2916 1412 2999 perspicuam

240 3042 417 3110 putamus,
442 3043 481 3094 ut
511 3029 660 3112 longiore
692 3028 915 3112 disputatione
945 3047 1012 3095 non
1047 3042 1156 3111 egeat:
1192 3027 1273 3110 quin
1296 3042 1329 3097 et
1349 3029 1413 3098 hoc

241 3137 453 3204 animadverti
473 3158 585 3220 posse,
605 3138 751 3214 diversae
772 3140 951 3206 sententiae
971 3154 1120 3208 auctores
1141 3159 1181 3206 ne
1201 3139 1264 3205 hoc
1280 3139 1412 3222 quidem

241 3248 371 3330 ipsum,
397 3248 480 3330 quid
502 3266 590 3316 esset
612 3250 748 3333 praeda,
773 3251 852 3317 satis
880 3251 1089 3320 intellexisse.
1135 3250 1237 3336 Quod
1264 3264 1413 3320 autento

241 3359 333 3425 civili
373 3361 459 3426 bello
494 3376 630 3426 sumunt
662 3377 887 3445 argumentum
924 3361 1100 3444 dupliciter
1134 3361 1309 3432 absurdum
1344 3378 1412 3431 est:

243 3471 348 3552 primo
377 3470 460 3536 enirn
492 3471 569 3554 quis
590 3471 655 3537 illis
674 3473 855 3554 concedat,
879 3475 964 3539 bella
986 3472 1249 3541 Christianorum
1274 3493 1343 3540 esse
1366 3473 1412 3539 ci·

241 3581 344 3663 vilia,
369 3582 461 3664 quasi
481 3602 559 3648 vero
583 3597 672 3649 totus
693 3584 783 3651 orbis
805 3584 1016 3652 Christianus
1028 3603 1093 3652 una
1114 3585 1158 3651 sit
1178 3584 1412 3667 respublica⁸t

241 3783 435 3795 —o-—n-

277 3897 388 3946 ¹Esaias
414 3910 462 3948 tot.
487 3913 542 3960 cap.
568 3912 610 3960 45.
644 3899 655 3932 ²
681 3903 712 3949 de
738 3902 792 3950 fals.
818 3903 867 3961 leg.
893 3900 931 3964 [p.
957 3913 997 3956 ³2·
1014 3901 1027 3962 §
1045 3901 1097 3964 33.]
1135 3903 1206 3950 Fabr.
1224 3906 1288 3951 Sem.
1306 3917 1329 3950 α.
1348 3917 1372 3951 c.
1391 3916 1414 3959 3.

243 3988 331 4037 ³Tac.
360 3989 425 4038 llist.
452 3992 468 4036 l.
493 4003 518 4050 4.
547 3988 583 4053 [ς.
602 3989 654 4053 74·]
690 3990 789 4038 ⁴Plat0
809 3993 884 4051 soph.
905 3989 943 4052 [p.
963 4004 1019 4052 219.
1039 3993 1063 4039 d.
1082 3989 1116 4054 e.]
1138 3991 1215 4042 Arist.
1234 3993 1266 4040 de
1283 4005 1335 4052 rep.
1355 3994 1372 4038 1.
1394 4006 1416 4040 r.

243 4094 266 4127 c.
284 4081 307 4128 6.
326 4091 350 4128 et
370 4083 392 4126 8.
414 4078 452 4142 [p.
473 4092 544 4134 1255.
567 4093 587 4128 r.
605 4094 643 4128 vs.
661 4081 676 4127 6
695 4092 720 4128 et
737 4095 761 4140 p.
784 4081 855 4136 1256.
874 4079 1270 4142 2.vs.23.]etCic.deoli.l.1.
1289 4080 1299 4110 ⁵
1316 4082 1416 4128 Cotum.

243 4173 260 4216 l.
279 4184 301 4230 4.
324 4169 359 4232 [e.
379 4184 402 4218 ν.
421 4168 507 4232 §.15.]
544 4169 555 4200 ⁶
573 4172 630 4218 Alc.
648 4170 674 4218 in
692 4173 708 4218 1.
717 4173 811 4218 hostes.
830 4172 860 4218 de
878 4171 948 4218 verb.
967 4170 1029 4232 sign.
1046 4169 1089 4233 [D.
1100 4183 1139 4226 50.
1154 4171 1191 4217 16.
1204 4171 1270 4232 118.]
1306 4168 1317 4206 ⁷
1335 4173 1413 4232 Ayala

244 4262 275 4308 dc
292 4259 347 4316 iure
365 4261 426 4308 belli
453 4263 470 4308 l.
491 4274 512 4308 1.
530 4273 551 4308 c.
573 4273 595 4316 5.
612 4275 637 4308 n.
657 4274 679 4310 2.
705 4260 816 4308 Bellinos
835 4275 860 4320 p.
880 4274 902 4308 2.
920 4259 960 4307 tit.
981 4263 1019 4308 18.
1036 4274 1062 4308 n.
1083 4275 1103 4308 1.
1124 4259 1162 4322 [in
1181 4263 1275 4308 ocean.
1293 4259 1341 4319 jur.
1359 4264 1414 4310 vol.

247 4350 284 4400 16.
308 4365 333 4409 p.
359 4350 428 4413 346.]
465 4351 522 4399 ⁸V.
546 4353 622 4411 Vasq.
648 4363 730 4400 contr.
757 4351 793 4398 ill.
813 4365 835 4398 c.
855 4365 885 4398 22
904 4361 928 4398 et
947 4364 1000 4410 seq.

277 4441 291 4498 †
312 4438 427 4501 [Grotius
451 4441 525 4490 nobis
550 4442 576 4490 in
600 4441 709 4503 margine
735 4442 891 4490 indicaverat
917 4441 1028 4489 Platonis
1056 4455 1135 4501 opus,
1158 4444 1224 4490 unde
1248 4444 1311 4490 haec
1335 4453 1415 4492 strmta

246 4541 311 4578 sunt.
346 4530 430 4578 Hodie
447 4531 511 4578 nihil
530 4545 643 4592 superest
662 4545 762 4594 praeter
782 4533 877 4580 litteras
896 4531 964 4580 ibus:
983 4531 1012 4578 dc
1030 4530 1138 4594 legibus,
1157 4544 1183 4580 ut
1202 4533 1325 4596 videtum]

1244 4625 1284 4702 4*
