3546 5654
362 615 422 679 186
680 631 727 678 or
751 631 844 697 Juutr
871 629 1054 679 russone,
1079 630 1159 678 cnr.
1183 630 1233 677 xr.

358 786 531 868 utriusque
553 784 683 851 illorum
707 784 783 850 cibo
803 783 1015 852 miscuerunt.
1061 785 1213 873 Quorum
1241 783 1299 851 ubi
1318 784 1423 869 capita
1441 785 1529 853 intu·
1594 769 1597 776 ¹

358 917 521 977 mescere,
545 895 686 962 distendi
715 895 805 976 ilia,
824 897 934 963 adesse
958 895 1094 963 exitium
1118 897 1282 964 Sabander
1302 892 1529 965 Bantame'nsis

356 1007 463 1089 vidit,
488 1007 594 1091 lapide
611 1007 688 1074 satis
708 1025 807 1087 noto,
824 1007 878 1074 cui
898 1007 1021 1073 herbar
1037 1028 1177 1089 nomen,
1199 1009 1382 1092 periculum
1394 1029 1529 1092 praeve-

357 1117 430 1199 nit,
463 1133 554 1184 tanto
585 1118 652 1184 illis
679 1119 821 1184 sanctior
840 1118 898 1201 qui
928 1118 1192 1186 Christianorum
1214 1140 1250 1185 se
1273 1120 1436 1188 vocabulo
1462 1119 1530 1203 jac-

357 1244 437 1296 tant
463 1230 653 1295 Cornelium
673 1249 754 1296 vero
776 1229 1070 1311 Hemskercltium,
1095 1251 1191 1312 quem
1210 1230 1356 1316 magistri
1378 1231 1419 1297 ad
1438 1249 1530 1313 prae·

358 1339 482 1406 fectum
513 1341 606 1406 urbis
636 1343 876 1425 allegaverant,
900 1340 1052 1407 Lusitani
1074 1356 1162 1407 tanta
1189 1342 1315 1425 ubique
1346 1342 1394 1409 ira
1423 1341 1530 1406 rimati

358 1451 586 1534 persecutique
608 1467 708 1532 sunt,
732 1466 770 1518 ut
799 1451 832 1517 in
855 1451 991 1518 aedibus
1014 1451 1187 1518 Lacmonis
1214 1451 1363 1519 Sinensis
1392 1455 1530 1536 supplex

359 1562 476 1629 abdere
499 1583 533 1628 se
554 1562 639 1629 inter
662 1581 775 1630 saccos
797 1582 899 1646 oryza
922 1559 1061 1630 refertos
1080 1577 1256 1648 cogeretur
1276 1577 1310 1628 et
1328 1562 1374 1630 ibi
1396 1584 1531 1646 quoque

360 1674 540 1756 inquisitus
561 1674 637 1753 vix,
659 1673 774 1740 habitu
794 1673 923 1740 Sinensi
936 1688 1065 1755 tectus,
1088 1689 1252 1757 praeterea
1263 1674 1480 1748 arundinibus
1491 1677 1531 1740 ab

202 1817 271 1862 Am
286 1821 346 1862 1⁶00,
360 1786 490 1868 hospite
508 1786 668 1868 piscatum
689 1783 863 1851 simulante
884 1800 1001 1851 vectus
1022 1784 1171 1852 evaserit.
1217 1785 1271 1851 Sic
1297 1786 1392 1851 etiam
1416 1806 1490 1852 cum
1514 1807 1531 1850 e

360 1899 462 1964 classe
481 1896 601 1962 Neckii
623 1896 769 1963 secundo
792 1896 863 1979 ejus
886 1895 1002 1962 itinere
1022 1915 1123 1962 naves
1145 1896 1247 1978 duae,
1268 1897 1309 1962 ab
1328 1896 1418 1963 Indis
1441 1897 1531 1964 rede-

362 2024 473 2088 untes,
494 2009 535 2073 ad
555 2008 693 2074 Sanctae
713 2007 855 2074 Helenae
867 2006 1034 2074 venissent
1050 2007 1213 2090 insulam,
1229 2022 1378 2090 quotum
1391 2022 1533 2089 quatuor

359 2139 460 2188 naves
481 2133 701 2186 convenerant
721 2118 978 2201 Lusitanorum,
1006 2118 1119 2184 Batavi
1141 2133 1296 2201 aquatum
1318 2120 1405 2184 ultro
1418 2119 1532 2197 ¹vocati

361 2230 541 2313 dispositos
572 2230 605 2295 in
638 2228 766 2296 insidiis
791 2229 993 2310 Lusitanos,
1017 2245 1050 2296 et
1071 2232 1195 2296 multos
1215 2228 1293 2294 satis
1317 2244 1350 2294 et
1369 2244 1531 2310 armatos,

360 2583 477 2630 versus
497 2581 616 2643 naves,
640 2564 681 2628 ab
703 2564 815 2629 eodem
827 2562 956 2628 Neckio
970 2563 1003 2629 in
1014 2563 1163 2628 Ambona
1176 2563 1283 2629 insula
1294 2562 1444 2643 relictas,
1466 2560 1532 2626 fac·

360 2675 490 2741 titatum
514 2675 591 2740 est?
615 2673 825 2741 Publicarant
845 2673 930 2740 enim
953 2674 1104 2741 Lusitani
1116 2675 1274 2759 singuliS,
1298 2673 1357 2755 qui
1368 2672 1531 2757 privatum

360 2786 502 2869 aliquem
536 2800 667 2853 nautam
699 2785 965 2866 interfecissent,
995 2778 1178 2852 'mercedem
1213 2785 1324 2852 decem
1352 2783 1532 2869 regalium,

362 2912 461 2980 atque
490 2898 536 2962 ita
568 2897 720 2980 deinceps
746 2917 806 2979 pro
838 2897 963 2962 ratione
995 2897 1121 2963 ordinis
1144 2912 1177 2963 et
1205 2897 1400 2981 dignitatis,
1424 2895 1469 2962 ita
1496 2911 1535 2962 ut

362 3011 420 3092 qui
451 3009 605 3093 praefecti
637 3007 815 3092 (Cornelio
843 3008 1081 3074 Hemskerckio
1111 3029 1229 3073 nomen
1254 3010 1340 3092 erat)
1363 3023 1464 3091 caput
1486 3021 1534 3073 at-

362 3121 515 3199 tulisset,
538 3120 626 3185 mille
655 3137 806 3184 nummos
828 3118 1001 3202 acciperet.
1048 3119 1114 3186 Sed
1140 3138 1201 3186 nos
1225 3119 1442 3202 Hispanicum
1471 3119 1535 3186 sci-

362 3251 436 3299 mus
459 3232 564 3315 capita
595 3230 724 3309 licitari.
769 3231 926 3298 Nondum
954 3231 1033 3297 satis
1054 3246 1114 3297 est.
1158 3230 1248 3296 Audi
1268 3228 1392 3297 factum
1413 3230 1535 3313 quovis

217 3365 287 3410 Anno
301 3363 349 3410 eod.
362 3344 547 3410 Poenorum
573 3345 693 3409 scelere
724 3342 923 3409 sceleratius.
971 3342 1000 3408 E
1025 3345 1152 3425 classe,
1179 3363 1276 3424 quam
1305 3342 1438 3426 regebat
1460 3342 1534 3406 Ma-

362 3456 463 3540 hujus
484 3455 525 3520 ad
547 3453 800 3539 Magellanicum
831 3453 951 3520 missus
981 3450 1129 3535 fretum,
1161 3453 1255 3520 navis
1279 3472 1344 3519 una
1366 3453 1459 3518 Fidei
1477 3454 1536 3519 ha-

363 3567 460 3631 bebat
483 3584 623 3646 nomen,
648 3585 746 3645 quam
770 3564 943 3630 inventura
958 3583 1025 3631 non
1043 3581 1122 3632 erat.
1151 3565 1235 3630 Nam
1253 3585 1326 3630 cum
1344 3585 1384 3630 ex
1402 3564 1535 3631 australi

363 3696 484 3744 oceano
509 3677 578 3741 sola
601 3673 753 3741 Tidorim
778 3675 863 3759 (una
884 3676 962 3741 haec
984 3677 1212 3750 Moluccarum
1231 3691 1281 3743 est
1301 3692 1333 3742 et
1359 3676 1443 3742 inter
1467 3676 1535 3741 Lu-

363 3789 542 3857 sitanorum
576 3787 741 3871 colonias)
765 3786 956 3869 adveniret,
988 3787 1141 3854 Lusitani
1163 3788 1353 3854 accedentes
1376 3787 1536 3854 solemnia

365 3900 439 3966 illa:
464 3899 559 3966 Unde
586 3913 618 3964 et
646 3919 709 3985 quo
736 3913 767 3964 et
795 3899 889 3984 cujus
910 3901 962 3964 rei
979 3902 1129 3986 gratia?
1157 3898 1344 3982 Respondit
1369 3899 1536 3964 Balthasar

365 4010 567 4090 Cordesius,
591 4009 649 4092 qui
681 4025 784 4076 morte
817 4009 996 4095 Georgiani
1025 4009 1190 4076 Bocholtii
1220 4009 1316 4076 navis
1351 4008 1536 4074 centuriam

365 4123 586 4209 fungebatur,
610 4121 765 4188 attulisse
785 4142 929 4202 merces,
953 4143 1037 4208 quar
1058 4121 1142 4190 velle
1164 4143 1195 4187 se
1212 4132 1437 4208 permutatas.
1483 4119 1536 4184 Illi

366 4251 481 4301 rursus
503 4253 568 4298 esse
586 4233 651 4298 sibi
670 4233 888 4318 carpophylla
907 4247 959 4314 et,
990 4237 1019 4298 si
1041 4237 1094 4304 ita
1116 4233 1315 4314 rideretur,
1331 4229 1441 4315 facile
1462 4251 1537 4294 con-

365 4359 554 4413 venturum.
575 4343 699 4428 Juvant
720 4344 768 4410 illi
789 4346 877 4411 ultro
900 4359 1015 4411 nautas
1037 4345 1246 4426 laborantes,
1269 4358 1307 4409 ut
1335 4342 1429 4409 navis
1448 4361 1537 4409 oram

366 4456 503 4540 propius
533 4455 716 4522 accederet:
745 4454 898 4522 feruntur
929 4477 947 4520 a
970 4456 1100 4523 Batavis
1123 4475 1258 4522 munera
1287 4455 1327 4520 ad
1355 4453 1540 4538 praefectos
