3546 5654
516 657 562 702 nu
586 657 679 722 ‘anua
706 653 891 700 nunaunt.
917 653 996 697 cau.
1021 653 1085 696 xit.
1316 632 1376 694 261

209 815 296 878 bello
333 811 487 891 licuerit,
522 810 805 877 considerandum.
863 810 1025 892 Apertum
1060 805 1199 872 fecimus
1234 824 1293 870 nec
1325 806 1380 890 jus

210 924 324 990 excedi
358 944 478 1008 posse,
511 924 551 988 de
585 943 653 1004 quo
682 921 813 1006 agitur,
845 941 905 986 nec
932 937 1086 1002 personas
1114 916 1181 1002 Juri
1208 906 1378 1001 obligatas.

209 1035 385 1122 Quodnam
408 1035 452 1100 sit
472 1035 527 1119 jus
550 1033 746 1098 Batavorum
769 1031 802 1096 in
830 1031 1032 1110 Lusitanos,
1057 1029 1089 1094 in
1112 1028 1219 1094 causis
1239 1028 1380 1112 explica·

208 1161 279 1211 turn
304 1161 365 1212 est.
414 1145 478 1211 Sed
505 1143 694 1210 omittamus
714 1144 770 1227 jus
793 1161 888 1210 omne
911 1141 1071 1222 ultionis,
1096 1160 1163 1222 quo
1184 1139 1297 1206 Batavi
1319 1160 1381 1223 pu-

208 1257 278 1322 nire
308 1256 485 1322 Lusitanos
513 1269 695 1337 potuerunt
717 1256 761 1321 ob
792 1254 949 1321 violatum
973 1253 1119 1338 gentium
1136 1253 1190 1337 jus
1212 1251 1245 1317 in
1268 1251 1381 1335 prohi-

210 1366 326 1432 bendis
364 1366 591 1447 commerciis,
627 1367 670 1432 ob
703 1366 880 1432 calumnias
916 1379 1068 1446 atroces,
1103 1365 1147 1430 ob
1182 1363 1381 1443 homicidia,

210 1477 401 1560 perfidiam,
426 1478 574 1561 rapinas:
598 1478 652 1543 cui
680 1477 747 1562 juri
769 1479 859 1543 nulla
880 1497 1035 1559 umquam
1058 1475 1293 1548 Lusitanorum
1312 1476 1382 1560 jac-

211 1604 284 1655 tura
304 1589 456 1656 satisfieri
478 1604 598 1672 potest.
646 1590 734 1655 Illud
755 1607 945 1670 sumamus,
970 1587 1061 1669 quod
1082 1586 1126 1652 ita
1145 1601 1313 1652 ostensum
1333 1600 1382 1653 est

212 1715 250 1765 ut
282 1721 378 1766 nemo
410 1700 517 1783 possit
548 1700 703 1782 diffiteri,
730 1720 833 1766 exeo
866 1699 957 1782 quod
979 1698 1130 1764 Lusitani
1163 1697 1382 1781 impedierunt

212 1810 352 1895 Batavos
372 1832 445 1877 cum
466 1812 671 1894 quibuslibet
691 1811 847 1878 Indorum
867 1809 1058 1876 nationibus
1078 1809 1179 1875 libere
1202 1807 1381 1894 negotiari,

212 1921 374 2008 obligatos
406 1941 463 1988 eos
494 1942 563 1988 esse
585 1923 626 1988 ad
649 1922 889 1988 restitutionem
910 1921 1018 1987 omnis
1037 1921 1143 2003 lucri,
1168 1921 1259 2003 quod
1280 1941 1315 1986 ea
1333 1941 1383 1985 ra·

213 2031 303 2098 tione
333 2033 465 2099 Batavis
494 2049 641 2116 ereptum
673 2049 740 2100 est:
770 2053 854 2115 quae
884 2033 1016 2114 quidem
1045 2031 1158 2116 ingens
1190 2052 1315 2098 summa
1335 2047 1385 2098 est

212 2164 286 2210 cum
307 2145 429 2227 primae
451 2145 675 2229 navigationes
696 2165 754 2227 per
773 2144 908 2210 insidias
928 2141 1162 2209 Lusitanorum
1184 2143 1295 2209 inanes
1314 2141 1383 2208 fere

212 2269 311 2337 atque
341 2254 564 2320 infructuosae
592 2254 736 2320 fuerint:
771 2268 841 2320 tum
872 2273 952 2319 vero
978 2273 1017 2317 ex
1038 2254 1127 2318 bello
1146 2253 1267 2338 injuste
1291 2253 1382 2318 illato

212 2365 321 2431 damni
349 2364 417 2430 dati
452 2366 582 2430 eosdem
614 2365 718 2430 teneri
751 2365 846 2430 etiam
876 2379 1043 2430 sumtuum
1063 2365 1217 2444 nomine,
1241 2384 1382 2445 quorum

158 2481 162 2486 '
213 2495 337 2541 summa
367 2495 483 2559 genera
514 2495 611 2559 supra
641 2476 822 2562 attigimus.
869 2476 996 2541 Horum
1019 2475 1189 2558 omnium,
1212 2474 1295 2541 lucri
1316 2493 1384 2540 ces·

212 2586 334 2665 santis,
364 2587 509 2671 jacturae
544 2602 577 2651 et
608 2587 824 2669 impensarum
860 2586 887 2652 si
917 2588 1062 2653 calculus
1094 2600 1257 2670 ponatur,
1290 2603 1322 2652 et
1343 2608 1383 2652 ex

212 2700 312 2764 altera
340 2711 431 2780 parte
465 2712 577 2779 captae
600 2718 748 2764 caraccae
769 2697 992 2779 merciumque
1020 2697 1220 2776 aestimatio,
1244 2697 1380 2764 dubium

212 2828 278 2874 non
301 2823 350 2875 est
373 2808 455 2891 quin
479 2809 612 2891 expensi
635 2829 785 2889 summa,
811 2829 909 2891 quam
938 2809 1063 2892 accepti
1088 2809 1257 2891 aliquanto
1281 2811 1384 2895 major

212 2919 325 3012 futura
350 2919 416 2999 sit,
441 2935 474 2984 et
496 2921 573 3002 plus
597 2919 768 2986 Lusitanis
790 2920 903 2985 Batavi
928 2921 1108 3003 imputent,
1129 2941 1225 3002 quam
1246 2922 1385 2987 debeant

212 3029 384 3096 victoriae.
442 3030 548 3113 Atqui
573 3051 715 3112 aequum
748 3030 839 3113 fuit,
864 3052 938 3097 cum
968 3047 1095 3097 maneat
1123 3031 1264 3116 injuria,
1289 3033 1384 3098 duret

212 3140 418 3223 periculum,
452 3156 613 3208 certamen
647 3143 870 3226 ingravescat,
907 3157 1032 3208 tantum
1064 3141 1129 3210 illis
1159 3143 1263 3226 eripi,
1297 3145 1384 3210 unde

214 3252 309 3317 etiam
330 3252 362 3316 in
384 3269 549 3335 posterum
575 3255 614 3320 ad
638 3256 722 3320 bella
745 3254 892 3320 subsidia
913 3256 1120 3321 haberentur.
1156 3254 1257 3321 Actio
1281 3255 1384 3340 igitur

213 3364 274 3430 ista
295 3364 373 3429 belli
393 3383 460 3430 non
483 3366 583 3431 modo
600 3368 655 3451 jus
678 3366 757 3432 belli
779 3385 905 3452 egressa
927 3385 994 3433 non
1016 3381 1087 3449 est,
1102 3366 1167 3448 ,sed
1185 3367 1282 3451 longe
1300 3366 1385 3434 intra

214 3475 372 3540 constitit.
418 3476 540 3558 Neque
572 3497 650 3542 vero
682 3497 861 3560 personaS,
885 3477 1008 3560 quibus
1040 3491 1151 3560 erepta
1173 3491 1252 3542 sunt
1274 3478 1383 3558 bona,

214 3605 279 3652 nou
312 3585 416 3653 fuisse
449 3587 633 3671 obligatas,
667 3589 844 3671 quisquam
876 3589 1004 3656 dixerit.
1062 3589 1217 3671 Namque
1237 3589 1383 3656 omnium

214 3717 347 3775 eorum,
380 3718 463 3779 quae
496 3699 589 3779 dixi,
613 3700 854 3770 restitutionem
879 3701 1018 3765 debebat
1041 3699 1223 3782 respublica
1247 3719 1305 3765 seu
1325 3721 1385 3783 po-

214 3810 312 3890 pulus
329 3806 585 3888 Lusitanorum,
606 3810 664 3890 qui
684 3811 857 3893 prohibuit
876 3810 1088 3887 commercia,
1108 3811 1228 3875 bellum
1253 3809 1384 3892 intulit,

214 3917 379 3985 insontes
402 3918 614 3985 animadverti
635 3939 700 3986 non
721 3921 858 3989 curavit.
901 3920 1004 4008 Quod
1027 3935 1133 3984 autem
1157 3919 1254 3986 debet
1272 3941 1385 4004 respu-

215 4029 321 4111 blica,
356 4029 390 4094 id
412 4050 430 4095 a
454 4029 593 4113 singulis
615 4032 686 4115 ejus
715 4031 864 4113 partibus
888 4031 973 4116 exigi
1006 4050 1126 4114 posse,
1159 4049 1226 4096 non
1249 4031 1383 4113 quidem

212 4141 285 4223 jure
317 4140 430 4223 civili,
455 4141 513 4206 sed
532 4143 606 4226 jure
628 4143 800 4226 gentium,
826 4143 903 4208 alibi
927 4142 1246 4222 demonstravimus,
1271 4142 1383 4209 addito

215 4252 256 4316 ad
289 4267 393 4317 certas
425 4251 568 4320 rationes
600 4267 633 4318 et
665 4254 876 4321 auctoritates
913 4253 1174 4345 repressaliarum
1211 4254 1383 4337 exemplo,

215 4362 249 4427 in
281 4363 402 4443 quibus
428 4364 620 4446 quicunque
644 4386 661 4430 a
684 4365 756 4431 cive
785 4366 935 4450 iniuriam
955 4365 1079 4449 patitur
1099 4366 1266 4448 republica
1286 4367 1385 4447 justi-

216 4472 292 4538 tiam
328 4493 392 4538 uon
428 4475 624 4557 exhibente,
658 4479 830 4560 multoque
865 4478 967 4562 magis
1000 4478 1028 4542 si
1059 4478 1098 4543 ab
1123 4477 1193 4560 ipsa
1217 4477 1385 4559 republica
