3530 5656
350 675 390 726 ao
667 669 714 720 na
737 669 831 736 pout
856 667 1039 716 innuas.
1064 667 1144 716 cnr.
1169 669 1208 716 u.

352 826 529 912 astringat,
552 824 637 891 illud
658 821 788 890 interim
802 821 967 904 fatentes,
988 821 1130 888 inrebus
1141 822 1293 890 humanis
1304 821 1438 906 primam
1450 841 1520 888 esse

347 938 493 1008 hominis
505 937 660 1003 aduersus
672 955 706 1000 se
718 935 826 1018 ipsum
837 933 935 1000 officii
947 933 1118 1002 tationem.
1139 933 1292 1002 Officium
1305 947 1413 1000 autem
1425 953 1521 1000 omne

348 1066 418 1132 est,
439 1064 478 1117 ut
497 1047 687 1132 philosophi
704 1025 981 1130 loquuntur‚napi
1003 1051 1045 1115 roi
1061 1051 1239 1132 nncixma
1260 1051 1439 1130 πρὸςὴμῖις,
1456 1047 1520 1112 hoc

348 1177 420 1244 est,
443 1181 528 1247 quae
547 1172 637 1224 certo
668 1157 758 1223 modo
790 1155 914 1222 adnot
938 1156 1149 1240 reseruntur.
1195 1155 1282 1222 Sunt
1308 1171 1415 1223 autem
1440 1159 1521 1222 haec

346 1272 509 1356 duplicia,
522 1270 585 1336 alia
595 1270 679 1336 enim
693 1268 797 1350 boni,
815 1269 878 1334 alia
889 1267 965 1332 mali
976 1268 1016 1334 ad
1027 1267 1256 1334 noscationem
1267 1269 1407 1334 habent:
1429 1265 1521 1350 quod

347 1400 380 1452 et
395 1383 582 1450 affectiones
592 1380 736 1446 indicant
755 1379 864 1461 dnae,
887 1398 968 1462 quas
991 1397 1058 1446 non
1080 1378 1279 1445 hominisoli
1299 1379 1356 1446 sed
1378 1379 1521 1446 amman-

302 1571 305 1578 ,
346 1496 436 1562 tibus
458 1493 585 1561 cunctis
605 1507 720 1558 natura
736 1490 876 1568 indidit,
899 1489 978 1574 fuga
999 1503 1032 1556 et
1054 1489 1231 1572 appetitus.
1275 1491 1315 1556 Id
1340 1504 1450 1556 autem
1470 1489 1519 1556 os-

346 1607 481 1679 ficium,
516 1605 556 1670 de
588 1622 655 1686 quo
678 1602 733 1667 hic
752 1601 849 1668 nobis
867 1601 1028 1685 agendum
1052 1617 1125 1684 est,
1149 1621 1216 1669 non
1235 1601 1278 1668 ad
1296 1618 1414 1668 cuncta
1434 1603 1520 1668 bona

347 1720 498 1800 maleque
514 1714 676 1798 pertinet,
699 1713 756 1780 sed
770 1712 1051 1795 adeaduntaxat,
1075 1733 1158 1796 quae
1169 1713 1318 1780 homines
1329 1713 1519 1779 hominibus

347 1842 405 1894 aut
428 1825 576 1892 conferre
595 1839 652 1890 aut
672 1823 811 1890 adimere
831 1838 989 1906 possunt,
1012 1837 1076 1890 tam
1098 1825 1242 1892 actiones
1264 1839 1413 1890 externas
1423 1843 1519 1907 quam

347 1958 398 2003 res
421 1938 517 2021 ipsas.
563 1936 649 2001 Nam
673 1949 797 2019 praeter
820 1935 899 2000 haec
919 1934 1003 2000 nihil
1025 1935 1136 2000 venite
1159 1949 1270 2018 potest
1287 1935 1322 2001 in
1341 1955 1410 2000 earn
1433 1955 1520 2001 com·

348 2047 571 2132 parationem,
596 2067 661 2130 qua
680 2046 766 2113 illud
786 2045 976 2128 quaeritur,
1001 2061 1159 2128 quantum
1183 2048 1282 2113 homo
1306 2047 1394 2130 sibi,
1418 2065 1519 2130 quan-

348 2175 485 2242 tumque
514 2157 607 2225 alteri
641 2158 767 2224 debeat.
814 2157 904 2222 Haec
928 2171 1036 2223 autem
1060 2158 1146 2223 bona
1168 2159 1315 2240 malaque
1339 2157 1372 2224 in
1395 2177 1521 2225 summa

349 2272 489 2338 duorum
522 2284 601 2337 sunt
635 2288 801 2353 generum.
846 2267 967 2334 Prioris
991 2268 1216 2352 digniorisque
1238 2269 1363 2336 ordinis
1384 2285 1463 2336 sunt
1485 2289 1521 2334 ea

350 2402 433 2465 quae
463 2401 581 2464 corpus
613 2380 721 2463 ipsum
753 2379 942 2464 attingunt,
969 2395 1006 2446 ut
1029 2380 1062 2445 in
1082 2382 1241 2446 malorum
1262 2400 1362 2447 censu
1383 2399 1470 2446 mors
1489 2396 1522 2446 et

349 2494 428 2561 huic
447 2493 549 2560 affinis
577 2493 795 2558 membrorum
827 2491 990 2558 mutilatio
1021 2506 1054 2558 ct
1070 2492 1195 2570 morbi3
1219 2492 1252 2558 in
1273 2491 1433 2558 bonorum
1453 2492 1522 2558 vita

349 2625 423 2672 cum
447 2603 631 2689 integritate
654 2602 800 2685 corporis
823 2603 953 2668 etbona
973 2603 1175 2670 valetudine.
1221 2604 1391 2670 Secundae
1410 2604 1521 2670 classis

349 2729 553 2799 quaesunt,
576 2735 611 2782 ea
634 2714 675 2780 ad
696 2734 746 2779 res
767 2714 930 2797 pertinent
950 2730 1039 2780 extra
1059 2734 1119 2782 nos
1140 2714 1276 2798 positas,
1300 2715 1395 2782 nobis
1415 2731 1521 2782 tamen

349 2827 447 2894 utiles
472 2841 533 2894 auc
549 2825 702 2908 irrutiles,
725 2825 835 2893 tristes
858 2840 915 2892 aut
934 2826 1112 2912 jucundas:
1136 2828 1248 2908 quales
1268 2841 1347 2893 sunt
1366 2827 1442 2893 hinc
1462 2827 1522 2893 ho-

348 2958 431 3021 nor,
469 2938 627 3019 diuitiac,
666 2939 842 3020 voluptts3
889 2937 964 3003 inde
997 2936 1151 3021 infamia,
1185 2953 1381 3021 paupertas,
1415 2937 1519 3003 dolor.

349 3051 460 3137 Quare
479 3050 572 3116 Plato
595 3048 607 3086 ¹
628 3068 703 3114 cum
722 3049 804 3114 dicit
813 3048 935 3114 versari
949 3049 1110 3133 iustitiam
1132 3053 1196 3134 περὶ
1218 3054 1352 3131 σώματος
1372 3054 1522 3134 dependat

348 3164 443 3244 ἢπερὶ
459 3162 619 3245 χρημάτων
630 3170 749 3237 κτῆσιν,
772 3163 866 3224 circa
886 3164 1163 3246 corporiscuratn
1185 3158 1341 3226 videlicet
1363 3175 1520 3226 atrorum

271 3248 276 3258 ¹
343 3274 595 3358 possessionem,
627 3290 736 3335 rerum
769 3271 900 3337 nomine
932 3271 1026 3337 etiam
1058 3269 1145 3337 facta
1166 3269 1423 3354 comprehendit.
1468 3269 1521 3334 Ex

349 3383 410 3448 hac
441 3381 544 3466 igitur
573 3381 805 3466 conjugatione
835 3397 1006 3466 emergunt
1033 3383 1120 3466 leges
1138 3381 1222 3466 juris
1246 3380 1403 3448 naturalis
1425 3380 1519 3445 duae.

220 3508 271 3553 mx
284 3507 305 3552 1.
349 3492 462 3557 Prior:
492 3490 607 3556 Vitam
636 3496 727 3556 tueri
754 3506 786 3557 nt
816 3491 987 3559 declinare
1020 3497 1177 3557 nocitura
1207 3493 1307 3558 liceat
1324 3492 1346 3556 ².
1386 3492 1520 3556 Altera:

218 3612 269 3656 Lex
281 3611 315 3656 11·
350 3601 544 3688 Adjungtre
570 3603 633 3668 sibi
665 3624 750 3688 qnae
780 3603 1017 3672 adnitendum
1037 3619 1114 3670 snnt
1135 3604 1237 3669 utilia
1255 3623 1356 3688 eaque
1376 3607 1522 3668 retinere

351 3715 475 3796 lineam
508 3713 599 3796 quod
631 3713 760 3795 quidem
789 3734 863 3782 cum
885 3713 1002 3782 Tullio
1026 3715 1103 3781 'ita
1126 3712 1425 3796 interpretabimur:
1447 3735 1521 3778 con-

349 3846 492 3904 cessum,
517 3825 580 3889 sibi
602 3829 738 3910 quisque
762 3839 800 3890 nt
822 3827 943 3910 malit,
968 3825 1317 3912 qnodadritanusnm
1329 3829 1518 3911 pertineat,

351 3958 451 4024 quarn
470 3936 575 4002 alteri
595 3940 753 4022 acquiri,
777 3937 816 4003 id
827 3936 908 4021 fieri
928 3960 992 4003 non
1014 3952 1222 4025 repugnante
1241 3951 1383 4003 natura.
1411 3935 1521 4002 Nemo

351 4048 492 4131 denique
533 4045 598 4112 fuit
631 4047 665 4112 in
687 4049 756 4114 ull'a
788 4064 875 4115 secta
905 4050 1201 4133 philosophorum,
1234 4049 1292 4132 qui
1326 4049 1366 4115 de
1397 4047 1520 4114 finibus

351 4159 577 4242 disputaturus
599 4179 665 4225 non
686 4160 745 4226 has
766 4161 853 4244 leges
875 4174 914 4226 ut
925 4159 1119 4227 certissimas
1131 4176 1204 4229 ante
1215 4176 1340 4228 caetera
1350 4175 1486 4244 poneret
1498 4164 1520 4224 ⁴.

385 4395 448 4443 ¹de
469 4405 524 4454 rep.
544 4395 561 4441 1.
580 4405 604 4450 3.
638 4391 722 4441 ¹Cic.
736 4395 768 4442 de
786 4393 830 4442 off.
847 4397 865 4443 l.
884 4407 905 4442 1.
924 4393 960 4458 [c.
974 4394 1102 4459 4.§11.]
1122 4397 1153 4444 de
1170 4392 1214 4443 fin.
1231 4396 1248 4442 l.
1266 4408 1291 4455 4.
1308 4392 1344 4457 [c.
1356 4391 1477 4456 7.§16.]
1497 4405 1521 4441 et

351 4488 368 4534 Ι.
387 4482 600 4548 5.[c..9.§a4.]
620 4482 741 4542 proMil.
764 4482 938 4549 [c.4.§1m]
958 4483 1147 4543 ⁸de0ffil.3‚
1171 4484 1206 4550 [c.
1225 4485 1279 4547 5.§
1298 4483 1349 4548 nn]
1388 4482 1470 4532 ⁴Cic.
1490 4485 1521 4532 de

351 4574 394 4624 fin.
409 4577 425 4623 l.
446 4587 468 4632 3.
490 4573 525 4640 [c.
542 4575 566 4624 6.
581 4573 594 4638 §
612 4572 663 4644 ao]
682 4585 707 4622 et
724 4573 826 4640 passim.
886 4635 890 4642 ⁵
