3552 5654
364 683 423 728 122
660 682 706 729 DII
730 683 823 748 JURE
850 684 1035 731 PRAEDAII.
1061 683 1140 731 CAP.
1165 683 1245 730 VIII.

360 834 503 900 diximus
537 835 571 901 in
599 835 742 902 externis
775 838 933 903 duntaxat
953 837 1069 916 bellis,
1103 856 1169 903 non
1192 836 1287 902 etiam
1316 835 1350 900 in
1378 833 1532 901 civilibus

359 947 468 1011 locum
489 947 586 1013 habet
608 949 629 1014 ¹.
673 949 714 1012 In
736 948 877 1015 externis
900 933 1009 1032 igitur
1039 949 1197 1032 capiendo
1229 945 1435 1029 acquiritur,
1469 945 1533 1009 hoc

360 1071 410 1122 est
432 1077 472 1123 ex
495 1075 658 1124 consensu
681 1058 739 1126 illo
762 1060 931 1126 nationum
955 1059 1154 1138 universali,
1179 1058 1352 1124 accedente
1374 1053 1533 1139 possessi-

359 1185 422 1232 one
453 1186 520 1234 non
550 1169 683 1250 quidem
711 1170 885 1254 ambigua,
909 1170 967 1237 sed
988 1184 1058 1236 tuta
1082 1168 1324 1253 quodammodo
1351 1182 1384 1233 et
1404 1185 1530 1233 secura.

358 1277 433 1342 Nec
455 1277 540 1343 enim
563 1279 654 1362 prius
670 1280 851 1347 dominium
874 1281 1050 1347 amittere²
1072 1280 1245 1361 videmur,
1271 1299 1367 1363 quam
1390 1275 1547 1368 911111τείκ

358 1389 542 1470 persecutio
560 1390 648 1474 cepit
677 1410 747 1457 esse
773 1391 937 1475 difficilis,
972 1392 1017 1457 ita
1045 1406 1082 1457 ut
1104 1409 1171 1457 non
1193 1389 1290 1456 facile
1311 1402 1459 1472 speretur
1482 1406 1531 1452 re·

358 1499 423 1582 cipi
445 1521 551 1585 posse.
596 1501 635 1568 Id
658 1517 765 1568 autem
789 1503 822 1567 in
841 1505 913 1588 Jure
935 1501 1067 1568 militari
1087 1491 1276 1586 contingere
1297 1517 1377 1568 tunc
1411 1497 1532 1564 intelli

359 1610 466 1695 gitur,
488 1631 561 1677 cum
582 1632 633 1677 res
663 1613 748 1678 intra
765 1614 925 1696 praesidia
949 1613 1096 1695 finesque
1123 1612 1266 1679 hostium
1290 1611 1447 1696 perducta
1468 1623 1529 1675 est.
1592 1693 1601 1708 ἱ

357 1721 426 1786 Alii
450 1720 462 1756 ⁸
484 1723 547 1788 hoc
569 1740 636 1788 non
660 1724 734 1789 loco
755 1724 812 1790 sed
834 1737 979 1806 tempore
1002 1722 1222 1790 definiendum
1241 1735 1462 1805 putaverunt,
1493 1734 1531 1784 ut

291 1852 295 1858 ’
357 1831 483 1898 scilicet
504 1832 623 1917 viginti
644 1848 678 1899 et
697 1847 839 1916 quatuor
861 1835 1013 1900 horarum
1037 1833 1143 1917 spatio
1166 1832 1345 1900 dominium
1369 1831 1530 1898 amittere-

356 1957 437 2023 tur,
468 1943 527 2025 qui
550 1943 620 2009 dies
643 1959 692 2010 est
714 1944 842 2012 civilis:
867 1944 974 2010 minus
998 1944 1130 2027 quidem
1159 1959 1269 2024 recte,
1303 1958 1341 2009 ut
1364 1963 1424 2027 ego
1447 1941 1531 2008 orbi-

357 2068 447 2136 tror,
479 2052 543 2120 nisi
572 2055 663 2136 quod
700 2054 734 2120 in
761 2056 842 2122 mari
864 2055 969 2139 captis
989 2055 1129 2122 navibus
1151 2056 1215 2121 hoc
1246 2055 1353 2139 ipsum
1374 2072 1441 2121 non
1460 2052 1530 2118 sine

356 2163 481 2230 ratione
512 2179 678 2248 receptum
713 2164 853 2234 videtur.
907 2167 987 2251 June
1022 2166 1124 2250 igitur
1157 2165 1302 2252 gentium
1323 2164 1358 2247 ⁴,
1382 2183 1449 2230 non
1472 2163 1530 2228 illo

357 2276 510 2350 naturali,
523 2277 582 2343 sed
602 2275 748 2360 positivo
772 2292 805 2343 et
826 2277 921 2359 quasi
942 2277 981 2342 de
1001 2291 1098 2360 pacto
1120 2279 1234 2342 saltem
1257 2276 1340 2344 inter
1355 2276 1530 2358 plerosque

199 2409 284 2455 coron.
294 2409 343 2456 111.
356 2389 499 2471 populos
531 2387 636 2470 inito,
661 2389 763 2472 justa
795 2407 909 2453 rerum
941 2386 1023 2453 bello
1038 2386 1172 2474 publico
1192 2401 1329 2453 externo
1351 2399 1529 2472 captarum

357 2501 534 2582 acquisitio
556 2512 703 2583 utraque
720 2519 761 2563 cx
774 2510 878 2584 parte
899 2512 1048 2584 respectu
1067 2498 1274 2564 subditorum
1293 2497 1417 2580 datur,
1430 2496 1530 2581 jussu

356 2608 481 2674 scilicet
498 2607 740 2694 praecedente,
764 2613 820 2674 cui
842 2613 935 2674 ratio
953 2609 1141 2695 probabilis
1164 2631 1227 2674 non
1249 2621 1409 2696 repugnet
1431 2609 1456 2673 ⁵.

794 2791 997 2860 CAPUT
1031 2793 1091 2858 IX.

793 2995 839 3041 DE
862 2995 950 3042 FINE
976 2996 1099 3042 BELLI.

800 3131 981 3194 QUAESTIO
1004 3131 1085 3178 VIII.

420 3267 512 3313 ΛΚΤ.
535 3267 561 3312 1.
599 3247 690 3334 QUIS
709 3265 767 3312 slT
788 3266 925 3331 JUSTUS
949 3266 1058 3312 BELLI
1084 3266 1180 3312 FINIS
1196 3265 1461 3313 VOLUNTARIIS.
1503 3337 1504 3341 Ἰ

421 3401 511 3448 ART.
537 3402 576 3449 Il.
600 3383 691 3469 Qu1s
716 3401 774 3448 SIT
796 3401 934 3467 JUSTUS
958 3361 1067 3448 unum
1092 3401 1188 3447 FINIS
1212 3401 1387 3449 SUBDITIS.

876 3570 1022 3581 —-.-—-

396 3687 550 3774 Justitiae
561 3686 718 3754 fruendae
730 3706 826 3754 causa
838 3689 922 3754 bella
940 3707 958 3754 a
973 3687 1038 3771 piis
1060 3703 1235 3773 geruntur:
1260 3704 1344 3769 quae
1355 3732 1367 3767 ‚
1380 3700 1418 3752 ut
1438 3706 1528 3773 egre·

355 3801 407 3887 gie
429 3800 530 3866 Polus
550 3797 957 3901 Lucanus⁸philos0phus
967 3798 1172 3882 explicabat,
1195 3798 1304 3864 eadem
1322 3796 1356 3862 in
1371 3797 1528 3864 societate

359 3952 543 3963 —--—

390 4033 435 4085 ι1.
456 4035 478 4084 si
501 4034 566 4096 quis.
582 4039 604 4095 5.
627 4035 654 4084 in
678 4035 752 4084 civil.
768 4035 794 4084 ff.
813 4038 929 4097 decept.
949 4036 994 4098 [D.
1010 4048 1052 4097 49.
1073 4046 1112 4090 15.
1130 4047 1171 4082 nt.
1188 4037 1210 4092 5.
1230 4033 1265 4098 1.]
1300 4031 1345 4082 ¹1.
1362 4034 1528 4097 Pomponius.

354 4127 381 4176 ff.
398 4127 458 4176 fem.
482 4126 572 4176 ercisc.
599 4127 643 4189 [D.
670 4140 709 4176 10.
733 4141 756 4176 2.
781 4125 816 4191 8.]
834 4129 863 4200 .¹·
880 4125 1045 4188 Pomponius.
1062 4126 1088 4174 ff.
1107 4128 1138 4176 de
1155 4139 1210 4186 aeq.
1228 4139 1278 4174 rer.
1295 4127 1364 4174 dom.
1383 4126 1428 4187 [D.
1444 4139 1486 4187 41.
1506 4138 1528 4174 1.

354 4216 407 4282 44]
427 4219 445 4264 l.
463 4219 610 4267 naturalem.
628 4221 650 4276 5.
668 4230 781 4266 examen.
806 4231 838 4266 eo
862 4219 902 4267 tit.
930 4217 973 4282 [D.
997 4231 1039 4279 4¹·
1067 4231 1089 4266 1·
1113 4229 1136 4272 5·
1153 4220 1175 4275 §-
1192 4215 1230 4280 4·]
1249 4218 1267 4264 l.
1285 4216 1445 4278 postliminii.
1463 4219 1485 4274 5.
1505 4229 1527 4264 1.

354 4308 380 4357 ff.
404 4311 436 4358 de
459 4320 523 4368 capt.
550 4307 594 4371 [D.
618 4321 660 4372 49.
686 4321 724 4365 15.
749 4320 771 4365 5.
796 4312 817 4367 5.
844 4308 877 4373 t.]
914 4307 993 4369 ⁸mg.
1018 4311 1036 4357 1.
1056 4320 1079 4365 ³·
1098 4310 1121 4365 5.
1140 4321 1197 4356 eum
1215 4307 1300 4368 igitut.
1317 4307 1343 4355 ff.
1362 4309 1394 4356 de
1411 4307 1439 4356 vi
1457 4318 1482 4355 et
1499 4305 1545 4370 vi

354 4412 415 4446 amn.
427 4400 472 4462 [D.
488 4412 530 4460 43.
551 4400 589 4446 16.
608 4411 631 4457 3.
649 4403 670 4457 5.
689 4399 725 4461 9.]
744 4401 821 4448 Duar.
838 4402 869 4449 ad
887 4401 904 4448 1.
925 4413 948 4448 1.
966 4401 999 4448 de
1018 4412 1073 4459 th.
1091 4411 1161 4459 poss.
1180 4397 1224 4459 [D.
1242 4411 1282 4459 41.
1302 4398 1338 4460 2.]
1365 4396 1377 4428 ⁴
1394 4397 1420 4445 in
1438 4399 1525 4446 Const.

355 4491 419 4537 Gall.
437 4492 454 4538 l.
473 4504 514 4539 no.
531 4490 570 4538 tit.
592 4502 630 4547 13.
648 4501 693 4538 art.
712 4504 754 4552 24.
789 4489 893 4550 ⁶Vtsq.
913 4493 930 4538 1.
951 4502 972 4537 1.
990 4502 1013 4538 c.
1030 4503 1054 4551 9.
1072 4501 1099 4542 n.
1119 4501 1158 4546 17.
1175 4489 1206 4537 Et
1225 4490 1332 4538 Covtrr.
1349 4491 1380 4537 sd
1397 4502 1448 4548 reg.
1464 4501 1524 4548 pec·

355 4589 437 4628 catum
454 4594 481 4640 p.
501 4594 523 4628 2.
541 4584 562 4639 5.
584 4595 622 4630 11.
640 4581 707 4630 Hinc
724 4581 814 4630 mirum
832 4593 878 4632 est.
912 4581 979 4641 ⁶tp.
998 4580 1067 4630 Stob.
1087 4579 1175 4644 [florii.
1193 4581 1210 4627 1.
1228 4593 1251 4641 9.
1269 4592 1294 4627 n.
1314 4577 1367 4641 54.]
