3546 5654
550 702 596 746 DE
624 699 714 759 JURE
742 701 924 747 tunsone,
950 703 1028 749 CAI’.
1054 704 1101 749 x1.
1352 706 1411 770 193

233 853 493 936 praestitissent,
529 855 655 922 innoxii
686 857 1031 938 praetervebebantur.
1077 858 1217 924 Etcum
1243 860 1407 944 inJavam
1512 918 1518 932 ,

230 980 367 1031 ventum
403 982 488 1032 esset
518 967 650 1051 J'amque
674 967 863 1052 gravissima
885 969 1120 1036 Lusitanorum
1142 973 1263 1036 scelera
1283 973 1408 1054 patuis-

232 1090 326 1156 sent,
350 1078 477 1142 ultione
497 1092 604 1144 tamen
626 1077 723 1144 iidem
745 1075 992 1160 abstinuerunt,
1009 1101 1083 1146 cum
1110 1096 1195 1147 esset
1214 1082 1248 1146 in
1267 1083 1406 1164 proclivi

231 1187 397 1272 navigium
428 1189 724 1272 comprehendere,
748 1209 815 1273 quo
838 1193 964 1276 legatus
986 1192 1223 1272 Malaccensis,
1248 1209 1406 1260 mercator

228 1299 384 1382 jamtum
408 1300 597 1367 Hollandiei
619 1302 806 1386 sanguinis,
840 1303 1033 1369 vehebatur.
1079 1305 1130 1369 At
1160 1305 1311 1371 Lusitani
1339 1307 1403 1388 jam
1477 1371 1479 1382 .

231 1425 305 1476 ante
335 1411 558 1488 Rasadaumae
591 1412 737 1478 consiliis
766 1413 811 1479 ita
843 1413 995 1496 permixti
1021 1430 1133 1495 erant,
1158 1430 1196 1481 ut
1219 1417 1259 1483 ad
1281 1418 1403 1483 bellum

229 1521 360 1588 Batavis
394 1521 598 1589 inferendum
636 1539 669 1589 et
696 1525 944 1608 intercipiendas
984 1546 1082 1592 naves
1106 1527 1221 1611 ¹Javam
1254 1528 1338 1592 inter
1372 1543 1404 1593 et

229 1632 387 1699 Panianas
397 1633 538 1714 insulas,
550 1634 638 1717 pacti
659 1649 769 1701 essent
788 1635 965 1702 maritimas
988 1636 1099 1719 copias
1120 1656 1194 1702 suas
1217 1657 1291 1702 cum
1313 1638 1403 1702 illius

230 1745 330 1809 classe
363 1745 573 1829 conjungere.
620 1746 666 1810 Et
693 1765 770 1811 mox
802 1746 860 1811 ubi
892 1747 1088 1813 Batavorum
1116 1747 1219 1829 aliqui
1246 1748 1402 1814 Bantamo

226 1855 268 1920 ad
301 1874 400 1921 naves
434 1854 561 1940 regredi
583 1858 816 1941 conabantur,
848 1873 979 1940 portum
1013 1858 1060 1922 illi
1092 1858 1304 1924 obsederant:
1337 1879 1401 1942 qua

226 1987 324 2049 super
341 1988 374 2033 re
395 1968 548 2032 monebat
564 1967 746 2048 Sabandm,
760 1967 793 2032 in
819 1970 898 2035 urbe
920 1969 1026 2035 securi
1048 1984 1086 2034 ut
1109 1984 1231 2046 essent,
1244 1969 1286 2035 ad
1305 1969 1400 2034 fidem

227 2076 382 2160 praefecti
410 2079 592 2162 pertinere:
620 2093 708 2146 extra
742 2101 782 2146 ne
806 2080 888 2163 quid
907 2081 1091 2160 accideret,
1115 2100 1200 2164 opus
1223 2080 1302 2163 ipsis
1324 2101 1401 2163 pro·

226 2188 371 2254 videntia
404 2205 436 2255 et
468 2191 604 2257 virtute.
650 2190 759 2257 Etiam
789 2189 991 2274 Tomagonis
1026 2190 1176 2270 insidiis,
1212 2211 1292 2272 quas
1326 2205 1400 2256 ante

225 2301 427 2366 narravimus
451 2314 482 2365 et
515 2299 687 2367 Cidaeensi
710 2301 863 2384 perfidiae
886 2300 1037 2366 Lusitani
1061 2299 1245 2366 adfuerunt.
1289 2300 1399 2367 Dilata
1491 2349 1499 2362 ,

224 2412 421 2478 Batavorum
451 2411 617 2477 mansione
640 2410 793 2476 Lusitani
816 2431 890 2476 cum
910 2411 982 2493 ipso
1005 2410 1211 2476 Bantamensi
1233 2411 1398 2494 praefecto
1412 2433 1481 2478 Anno
1496 2447 1556 2491 1597.

224 2521 302 2586 belli
326 2536 461 2587 conatus
483 2521 672 2601 sociarunt,
696 2539 837 2602 quorum
856 2521 1023 2604 pactiones
1042 2523 1107 2605 jam
1123 2522 1305 2588 retulimus.
1329 2525 1399 2589 Ve-

225 2632 275 2697 nit
307 2631 425 2711 etiam,
453 2631 546 2697 venit
565 2632 661 2699 missa
685 2631 818 2715 publico
843 2632 876 2697 in
900 2633 1096 2698 batavorum
1121 2631 1256 2698 exitium
1283 2635 1398 2718 conju-

223 2759 290 2808 rata
307 2761 445 2821 manus,
470 2742 608 2807 ducente
632 2741 973 2827 Emmanuele‚cujus
996 2742 1094 2808 frater
1119 2742 1225 2809 Goam
1251 2746 1395 2829 regebat.
1473 2763 1476 2770 ⁸

222 2853 361 2920 Bellicae
382 2873 481 2919 naves
511 2853 682 2919 excellenti
705 2854 928 2937 magnitudine
959 2868 1049 2919 erant
1068 2868 1232 2936 quatuor:
1258 2857 1394 2941 longae,

222 2981 304 3046 quas
324 2963 463 3050 galeros
486 2963 647 3043 dicimm,
669 2979 753 3029 tres:
777 2963 882 3030 fustae
905 2967 1003 3046 paulo
1024 2963 1132 3029 minus
1155 2965 1299 3049 triginta.
1326 2967 1395 3032 Has

222 3075 377 3142 adversus
408 3074 591 3140 Hollandos
623 3075 710 3141 vires
734 3075 885 3141 Lusitani
909 3090 1117 3158 paraverant:
1140 3076 1324 3142 Hollandos
1345 3099 1395 3142 re-

222 3187 416 3270 quirebant,
441 3186 603 3272 digressos
637 3186 902 3272 indignabantur.
948 3188 1040 3275 Quin
1062 3187 1158 3253 etiam
1182 3189 1241 3271 (en
1265 3208 1332 3269 quo
1356 3188 1394 3253 il-

221 3302 326 3365 lorum
359 3298 537 3382 procedant
568 3296 662 3382 odia)
694 3317 780 3364 arma
813 3298 970 3364 adversus
1002 3297 1140 3364 Batavos
1175 3313 1325 3381 suscepta
1360 3299 1393 3364 in

221 3411 449 3477 Bantamenses
471 3408 688 3476 transferunt:
713 3411 776 3474 hoc
795 3409 950 3489 nomine,
975 3408 1066 3492 quod
1093 3408 1168 3475 illos
1194 3430 1260 3474 non
1281 3411 1394 3493 prohi-

221 3522 372 3588 buissent
392 3522 565 3601 recedere,
589 3536 645 3588 aut
668 3536 842 3604 postquam
866 3535 1063 3586 recesserant
1086 3541 1160 3586 non.
1174 3541 1285 3587 seeum
1308 3521 1393 3604 pari·

221 3647 270 3698 ter
303 3633 563 3716 insequerentur.
607 3631 728 3699 Videte
757 3653 870 3712 nunc,
903 3632 1015 3712 cives,
1038 3653 1078 3698 an
1108 3632 1171 3698 illis
1195 3633 1391 3715 parcendum

220 3743 285 3824 sit,
317 3745 374 3826 qui
398 3745 437 3810 ab
461 3743 556 3809 initio
580 3743 623 3809 ita
647 3738 784 3810 fuerunt
801 3743 958 3822 animati,
981 3758 1019 3809 ut
1039 3743 1068 3809 si
1100 3742 1205 3810 facere
1227 3763 1293 3808 non
1316 3764 1393 3826 pos·

71 3937 76 3946 ¹
218 3869 315 3936 sent,
349 3855 493 3937 accipere
525 3875 559 3918 se
591 3869 744 3937 putarent
771 3854 941 3939 injuriam:
970 3853 1095 3937 quique
1119 3874 1185 3919 non
1209 3854 1308 3919 modo
1331 3853 1391 3919 aa·

127 3947 129 3953 ⁴
217 3981 311 4032 ravos
333 3966 444 4048 ipsos,
468 3965 526 4030 sed
549 3984 660 4030 omnes
684 3964 758 4030 illos
780 3985 839 4046 pro
860 3963 1012 4029 hostibus
1033 3964 1172 4046 habent,
1186 3964 1245 4046 qui
1260 3964 1389 4030 Batavis
1415 3990 1418 3996 ¹

217 4097 283 4142 non
314 4077 392 4142 satis
422 4079 533 4143 hostes
555 4075 719 4142 videntur.
763 4075 829 4139 Hic
848 4075 978 4140 illorum
1000 4074 1149 4156 animus,
1173 4076 1252 4141 haec
1275 4095 1389 4156 mens,

216 4189 296 4254 haec
328 4188 484 4255 consilia:
509 4202 645 4254 eventus
675 4201 800 4252 tantum
833 4200 944 4252 contra
973 4184 1102 4260 cecidit.
1148 4186 1240 4252 Victi
1271 4202 1389 4253 sunta

215 4299 371 4382 Javanis‚
404 4320 472 4382 quo
505 4298 627 4385 justius
659 4297 787 4364 batavis
817 4297 977 4363 cederent.
1033 4297 1097 4362 Sed
1119 4317 1159 4362 ne
1187 4296 1389 4379 sicquidem

218 4429 385 4491 repressus
408 4411 503 4476 furor
526 4426 558 4476 et
580 4411 690 4477 insana
714 4408 880 4493 pugnandi
897 4408 1010 4476 libido.
1057 4409 1142 4474 Nam
1166 4429 1240 4474 cum
1271 4411 1387 4475 Zelan·
1401 4437 1470 4482 Am
1494 4452 1547 4495 159,

217 4520 334 4584 dorum
347 4521 500 4602 auspiciis
513 4522 765 4600 Houtmannus‚
777 4535 814 4586 ut
826 4519 981 4598 diximus,
992 4520 1159 4586 Achiuum
1173 4520 1204 4584 T
1207 4522 1387 4603 aprobanae
1400 4490 1423 4536 Δ·
1438 4494 1499 4552 ⁸⁶2⁸
1513 4510 1546 4548 '³'

1175 4652 1210 4712 13
