<?xml version="1.0" encoding="UTF-8"?>
<!DOCTYPE html PUBLIC "-//W3C//DTD XHTML 1.0 Transitional//EN"
    "http://www.w3.org/TR/xhtml1/DTD/xhtml1-transitional.dtd">
<html xmlns="http://www.w3.org/1999/xhtml" xml:lang="en" lang="en">
 <head>
  <title>
</title>
<meta http-equiv="Content-Type" content="text/html;charset=utf-8" />
  <meta name='ocr-system' content='tesseract 3.04.00' />
  <meta name='ocr-capabilities' content='ocr_page ocr_carea ocr_par ocr_line ocrx_word'/>
</head>
<body>
  <div class='ocr_page' id='page_1' title='image "./ledroitdeprised00hamagoog_0257.png"; bbox 0 0 3546 5654; ppageno 0'>
   <div class='ocr_carea' id='block_1_1' title="bbox 537 663 1408 736">
    <p class='ocr_par' dir='ltr' id='par_1_1' title="bbox 537 663 1408 736">
     <span class='ocr_line' id='line_1_1' title="bbox 537 663 1408 736; baseline 0 -20"><span class='ocrx_word' id='word_1_1' title='bbox 537 671 583 716; x_wconf 80' lang='lat' dir='ltr'><strong>os</strong></span> <span class='ocrx_word' id='word_1_2' title='bbox 607 670 699 736; x_wconf 76' lang='lat' dir='ltr'><strong>June</strong></span> <span class='ocrx_word' id='word_1_3' title='bbox 727 670 908 715; x_wconf 79' lang='lat' dir='ltr'><strong>runsuns.</strong></span> <span class='ocrx_word' id='word_1_4' title='bbox 935 668 1013 714; x_wconf 81' lang='lat' dir='ltr'><strong>cnr.</strong></span> <span class='ocrx_word' id='word_1_5' title='bbox 1040 668 1103 713; x_wconf 90' lang='lat' dir='ltr'><strong>xrr.</strong></span> <span class='ocrx_word' id='word_1_6' title='bbox 1346 663 1408 728; x_wconf 82' lang='lat'><strong>335</strong></span> 
     </span>
    </p>
   </div>
   <div class='ocr_carea' id='block_1_2' title="bbox 239 819 1411 1578">
    <p class='ocr_par' dir='ltr' id='par_1_2' title="bbox 239 819 1411 1578">
     <span class='ocr_line' id='line_1_2' title="bbox 239 819 1409 908; baseline -0.009 -16"><span class='ocrx_word' id='word_1_7' title='bbox 239 828 356 892; x_wconf 91' lang='lat' dir='ltr'><strong>simum</strong></span> <span class='ocrx_word' id='word_1_8' title='bbox 385 841 492 892; x_wconf 90' lang='lat' dir='ltr'><strong>autem</strong></span> <span class='ocrx_word' id='word_1_9' title='bbox 519 841 551 892; x_wconf 92' lang='lat' dir='ltr'><strong>et</strong></span> <span class='ocrx_word' id='word_1_10' title='bbox 574 826 656 892; x_wconf 90' lang='lat' dir='ltr'><strong>illud</strong></span> <span class='ocrx_word' id='word_1_11' title='bbox 677 841 749 905; x_wconf 89' lang='lat' dir='ltr'><strong>est,</strong></span> <span class='ocrx_word' id='word_1_12' title='bbox 774 824 865 906; x_wconf 91' lang='lat' dir='ltr'><strong>quod</strong></span> <span class='ocrx_word' id='word_1_13' title='bbox 890 825 1040 908; x_wconf 82' lang='lat' dir='ltr'><strong>Angelus</strong></span> <span class='ocrx_word' id='word_1_14' title='bbox 1064 821 1198 902; x_wconf 89' lang='lat' dir='ltr'><strong>docuit,</strong></span> <span class='ocrx_word' id='word_1_15' title='bbox 1223 820 1347 886; x_wconf 90' lang='lat' dir='ltr'><strong>etiamsi</strong></span> <span class='ocrx_word' id='word_1_16' title='bbox 1368 819 1409 882; x_wconf 87' lang='lat' dir='ltr'><strong>ad</strong></span> 
     </span>
     <span class='ocr_line' id='line_1_3' title="bbox 240 932 1408 1021; baseline -0.008 -17"><span class='ocrx_word' id='word_1_17' title='bbox 240 938 420 1004; x_wconf 91' lang='lat' dir='ltr'><strong>dominium</strong></span> <span class='ocrx_word' id='word_1_18' title='bbox 452 937 665 1021; x_wconf 87' lang='lat' dir='ltr'>praescriptio</span> <span class='ocrx_word' id='word_1_19' title='bbox 696 935 855 1019; x_wconf 91' lang='lat' dir='ltr'><strong>prolicere</strong></span> <span class='ocrx_word' id='word_1_20' title='bbox 881 955 948 1002; x_wconf 92' lang='lat' dir='ltr'><strong>non</strong></span> <span class='ocrx_word' id='word_1_21' title='bbox 979 949 1113 1018; x_wconf 93' lang='lat' dir='ltr'><strong>posset,</strong></span> <span class='ocrx_word' id='word_1_22' title='bbox 1140 949 1248 998; x_wconf 90' lang='lat' dir='ltr'><strong>tamen</strong></span> <span class='ocrx_word' id='word_1_23' title='bbox 1272 932 1408 996; x_wconf 90' lang='lat' dir='ltr'><strong>dandam</strong></span> 
     </span>
     <span class='ocr_line' id='line_1_4' title="bbox 239 1043 1408 1133; baseline -0.006 -19"><span class='ocrx_word' id='word_1_24' title='bbox 239 1049 308 1116; x_wconf 85' lang='lat' dir='ltr'><strong>fore</strong></span> <span class='ocrx_word' id='word_1_25' title='bbox 330 1050 512 1133; x_wconf 87' lang='lat' dir='ltr'><strong>possidenti</strong></span> <span class='ocrx_word' id='word_1_26' title='bbox 542 1049 774 1132; x_wconf 86' lang='lat' dir='ltr'>exceptionem.</span> <span class='ocrx_word' id='word_1_27' title='bbox 822 1049 905 1114; x_wconf 87' lang='lat' dir='ltr'><strong>Nam</strong></span> <span class='ocrx_word' id='word_1_28' title='bbox 926 1047 1125 1130; x_wconf 86' lang='lat' dir='ltr'><strong>Papinianus</strong></span> <span class='ocrx_word' id='word_1_29' title='bbox 1148 1043 1159 1082; x_wconf 78' lang='lat'>²</span> <span class='ocrx_word' id='word_1_30' title='bbox 1183 1043 1312 1110; x_wconf 89' lang='lat' dir='ltr'><strong>disertis</strong></span> <span class='ocrx_word' id='word_1_31' title='bbox 1336 1063 1408 1108; x_wconf 91' lang='lat' dir='ltr'><strong>ver-</strong></span> 
     </span>
     <span class='ocr_line' id='line_1_5' title="bbox 239 1154 1409 1245; baseline -0.008 -19"><span class='ocrx_word' id='word_1_32' title='bbox 239 1162 289 1226; x_wconf 88' lang='lat' dir='ltr'><strong>bis</strong></span> <span class='ocrx_word' id='word_1_33' title='bbox 320 1161 543 1245; x_wconf 88' lang='lat' dir='ltr'><strong>exceptionem</strong></span> <span class='ocrx_word' id='word_1_34' title='bbox 577 1175 674 1244; x_wconf 88' lang='lat' dir='ltr'><strong>negat</strong></span> <span class='ocrx_word' id='word_1_35' title='bbox 697 1175 729 1225; x_wconf 93' lang='lat' dir='ltr'><strong>et</strong></span> <span class='ocrx_word' id='word_1_36' title='bbox 751 1160 844 1226; x_wconf 91' lang='lat' dir='ltr'><strong>aliter</strong></span> <span class='ocrx_word' id='word_1_37' title='bbox 866 1179 932 1225; x_wconf 90' lang='lat' dir='ltr'><strong>non</strong></span> <span class='ocrx_word' id='word_1_38' title='bbox 961 1159 1073 1242; x_wconf 91' lang='lat' dir='ltr'><strong>potuit</strong></span> <span class='ocrx_word' id='word_1_39' title='bbox 1094 1157 1237 1236; x_wconf 91' lang='lat' dir='ltr'><strong>sentire,</strong></span> <span class='ocrx_word' id='word_1_40' title='bbox 1261 1175 1335 1221; x_wconf 91' lang='lat' dir='ltr'><strong>cum</strong></span> <span class='ocrx_word' id='word_1_41' title='bbox 1360 1154 1409 1236; x_wconf 92' lang='lat' dir='ltr'><strong>ip·</strong></span> 
     </span>
     <span class='ocr_line' id='line_1_6' title="bbox 239 1267 1409 1355; baseline -0.009 -16"><span class='ocrx_word' id='word_1_42' title='bbox 239 1273 308 1339; x_wconf 95' lang='lat' dir='ltr'><strong>sius</strong></span> <span class='ocrx_word' id='word_1_43' title='bbox 341 1275 472 1340; x_wconf 91' lang='lat' dir='ltr'><strong>saeculo</strong></span> <span class='ocrx_word' id='word_1_44' title='bbox 506 1271 718 1355; x_wconf 86' lang='lat' dir='ltr'><strong>praescriptio</strong></span> <span class='ocrx_word' id='word_1_45' title='bbox 754 1271 837 1337; x_wconf 91' lang='lat' dir='ltr'><strong>nihil</strong></span> <span class='ocrx_word' id='word_1_46' title='bbox 867 1286 952 1337; x_wconf 91' lang='lat' dir='ltr'><strong>essct</strong></span> <span class='ocrx_word' id='word_1_47' title='bbox 986 1269 1075 1335; x_wconf 89' lang='lat' dir='ltr'><strong>aliud</strong></span> <span class='ocrx_word' id='word_1_48' title='bbox 1110 1289 1206 1351; x_wconf 88' lang='lat' dir='ltr'><strong>quam</strong></span> <span class='ocrx_word' id='word_1_49' title='bbox 1248 1267 1409 1348; x_wconf 81' lang='lat' dir='ltr'><strong>exceptio,</strong></span> 
     </span>
     <span class='ocr_line' id='line_1_7' title="bbox 240 1376 1409 1469; baseline -0.006 -22"><span class='ocrx_word' id='word_1_50' title='bbox 240 1383 364 1449; x_wconf 91' lang='lat' dir='ltr'><strong>Verum</strong></span> <span class='ocrx_word' id='word_1_51' title='bbox 393 1384 494 1468; x_wconf 88' lang='lat' dir='ltr'><strong>igitur</strong></span> <span class='ocrx_word' id='word_1_52' title='bbox 524 1399 574 1449; x_wconf 92' lang='lat' dir='ltr'><strong>est</strong></span> <span class='ocrx_word' id='word_1_53' title='bbox 605 1384 698 1466; x_wconf 93' lang='lat' dir='ltr'><strong>quod</strong></span> <span class='ocrx_word' id='word_1_54' title='bbox 727 1398 759 1448; x_wconf 91' lang='lat' dir='ltr'><strong>et</strong></span> <span class='ocrx_word' id='word_1_55' title='bbox 779 1385 867 1469; x_wconf 87' lang='lat' dir='ltr'><strong>leges</strong></span> <span class='ocrx_word' id='word_1_56' title='bbox 891 1383 1089 1465; x_wconf 87' lang='lat' dir='ltr'><strong>Hispanicae</strong></span> <span class='ocrx_word' id='word_1_57' title='bbox 1112 1380 1298 1463; x_wconf 90' lang='lat' dir='ltr'><strong>exprimunt</strong></span> <span class='ocrx_word' id='word_1_58' title='bbox 1321 1376 1356 1458; x_wconf 86' lang='lat'><strong>²,</strong></span> <span class='ocrx_word' id='word_1_59' title='bbox 1376 1377 1409 1441; x_wconf 93' lang='lat' dir='ltr'><strong>in</strong></span> 
     </span>
     <span class='ocr_line' id='line_1_8' title="bbox 241 1491 1411 1578; baseline -0.005 -18"><span class='ocrx_word' id='word_1_60' title='bbox 241 1495 293 1561; x_wconf 92' lang='lat' dir='ltr'><strong>bis</strong></span> <span class='ocrx_word' id='word_1_61' title='bbox 311 1495 432 1578; x_wconf 88' lang='lat' dir='ltr'><strong>rebus,</strong></span> <span class='ocrx_word' id='word_1_62' title='bbox 455 1516 539 1578; x_wconf 93' lang='lat' dir='ltr'><strong>quae</strong></span> <span class='ocrx_word' id='word_1_63' title='bbox 561 1495 726 1561; x_wconf 91' lang='lat' dir='ltr'><strong>communi</strong></span> <span class='ocrx_word' id='word_1_64' title='bbox 749 1496 919 1562; x_wconf 87' lang='lat' dir='ltr'><strong>hominurn</strong></span> <span class='ocrx_word' id='word_1_65' title='bbox 940 1494 1016 1561; x_wconf 93' lang='lat' dir='ltr'><strong>usui</strong></span> <span class='ocrx_word' id='word_1_66' title='bbox 1028 1507 1105 1560; x_wconf 93' lang='lat' dir='ltr'><strong>sunt</strong></span> <span class='ocrx_word' id='word_1_67' title='bbox 1117 1492 1312 1572; x_wconf 87' lang='lat' dir='ltr'><strong>attributae,</strong></span> <span class='ocrx_word' id='word_1_68' title='bbox 1336 1491 1411 1556; x_wconf 93' lang='lat' dir='ltr'><strong>nul-</strong></span> 
     </span>
    </p>
   </div>
   <div class='ocr_carea' id='block_1_3' title="bbox 241 1601 1505 1690">
    <p class='ocr_par' dir='ltr' id='par_1_3' title="bbox 241 1601 1505 1690">
     <span class='ocr_line' id='line_1_9' title="bbox 241 1601 1505 1690; baseline -0.005 -19"><span class='ocrx_word' id='word_1_69' title='bbox 241 1606 305 1672; x_wconf 92' lang='lat' dir='ltr'><strong>lius</strong></span> <span class='ocrx_word' id='word_1_70' title='bbox 337 1603 471 1673; x_wconf 83' lang='lat' dir='ltr'><strong>omnind</strong></span> <span class='ocrx_word' id='word_1_71' title='bbox 500 1607 656 1690; x_wconf 90' lang='lat' dir='ltr'><strong>temporis</strong></span> <span class='ocrx_word' id='word_1_72' title='bbox 682 1606 970 1690; x_wconf 87' lang='lat' dir='ltr'><strong>praescriptionem</strong></span> <span class='ocrx_word' id='word_1_73' title='bbox 993 1605 1187 1688; x_wconf 85' lang='lat' dir='ltr'><strong>procedere:</strong></span> <span class='ocrx_word' id='word_1_74' title='bbox 1212 1603 1307 1687; x_wconf 83' lang='lat' dir='ltr'><strong>qu‘us</strong></span> <span class='ocrx_word' id='word_1_75' title='bbox 1331 1601 1411 1666; x_wconf 89' lang='lat' dir='ltr'><strong>defi·</strong></span> <span class='ocrx_word' id='word_1_76' title='bbox 1503 1608 1505 1614; x_wconf 77' lang='grc'>’</span> 
     </span>
    </p>
   </div>
   <div class='ocr_carea' id='block_1_4' title="bbox 239 1713 1478 4032">
    <p class='ocr_par' dir='ltr' id='par_1_4' title="bbox 239 1713 1478 4032">
     <span class='ocr_line' id='line_1_10' title="bbox 239 1713 1410 1802; baseline -0.004 -18"><span class='ocrx_word' id='word_1_77' title='bbox 239 1718 377 1784; x_wconf 92' lang='lat' dir='ltr'><strong>nitionis</strong></span> <span class='ocrx_word' id='word_1_78' title='bbox 408 1719 463 1784; x_wconf 93' lang='lat' dir='ltr'><strong>illa</strong></span> <span class='ocrx_word' id='word_1_79' title='bbox 490 1735 617 1802; x_wconf 87' lang='lat' dir='ltr'><strong>praeter</strong></span> <span class='ocrx_word' id='word_1_80' title='bbox 640 1734 780 1784; x_wconf 86' lang='lat' dir='ltr'><strong>caeteras</strong></span> <span class='ocrx_word' id='word_1_81' title='bbox 804 1717 886 1783; x_wconf 89' lang='lat' dir='ltr'><strong>ratio</strong></span> <span class='ocrx_word' id='word_1_82' title='bbox 910 1717 1001 1782; x_wconf 89' lang='lat' dir='ltr'><strong>reddi</strong></span> <span class='ocrx_word' id='word_1_83' title='bbox 1026 1731 1159 1800; x_wconf 91' lang='lat' dir='ltr'><strong>potest,</strong></span> <span class='ocrx_word' id='word_1_84' title='bbox 1184 1716 1276 1798; x_wconf 91' lang='lat' dir='ltr'><strong>quod</strong></span> <span class='ocrx_word' id='word_1_85' title='bbox 1298 1713 1410 1796; x_wconf 92' lang='lat' dir='ltr'><strong>quire</strong></span> 
     </span>
     <span class='ocr_line' id='line_1_11' title="bbox 240 1827 1411 1910; baseline -0.004 -15"><span class='ocrx_word' id='word_1_86' title='bbox 240 1830 406 1896; x_wconf 92' lang='lat' dir='ltr'><strong>communi</strong></span> <span class='ocrx_word' id='word_1_87' title='bbox 435 1830 541 1896; x_wconf 91' lang='lat' dir='ltr'><strong>utitur</strong></span> <span class='ocrx_word' id='word_1_88' title='bbox 575 1846 612 1897; x_wconf 90' lang='lat' dir='ltr'><strong>ut</strong></span> <span class='ocrx_word' id='word_1_89' title='bbox 641 1829 807 1896; x_wconf 91' lang='lat' dir='ltr'><strong>communi</strong></span> <span class='ocrx_word' id='word_1_90' title='bbox 834 1829 884 1895; x_wconf 91' lang='lat' dir='ltr'><strong>uti</strong></span> <span class='ocrx_word' id='word_1_91' title='bbox 913 1829 1068 1908; x_wconf 89' lang='lat' dir='ltr'><strong>videtur,</strong></span> <span class='ocrx_word' id='word_1_92' title='bbox 1101 1849 1167 1894; x_wconf 93' lang='lat' dir='ltr'><strong>non</strong></span> <span class='ocrx_word' id='word_1_93' title='bbox 1201 1842 1308 1894; x_wconf 90' lang='lat' dir='ltr'><strong>autem</strong></span> <span class='ocrx_word' id='word_1_94' title='bbox 1338 1827 1411 1910; x_wconf 88' lang='lat' dir='ltr'><strong>jure</strong></span> 
     </span>
     <span class='ocr_line' id='line_1_12' title="bbox 240 1940 1410 2026; baseline -0.003 -20"><span class='ocrx_word' id='word_1_95' title='bbox 240 1942 395 2025; x_wconf 91' lang='lat' dir='ltr'><strong>propri0,</strong></span> <span class='ocrx_word' id='word_1_96' title='bbox 417 1957 450 2007; x_wconf 94' lang='lat' dir='ltr'><strong>et</strong></span> <span class='ocrx_word' id='word_1_97' title='bbox 467 1943 510 2009; x_wconf 88' lang='lat' dir='ltr'><strong>ita</strong></span> <span class='ocrx_word' id='word_1_98' title='bbox 528 1942 746 2026; x_wconf 90' lang='lat' dir='ltr'><strong>praescribere</strong></span> <span class='ocrx_word' id='word_1_99' title='bbox 762 1961 829 2008; x_wconf 95' lang='lat' dir='ltr'><strong>non</strong></span> <span class='ocrx_word' id='word_1_100' title='bbox 841 1942 945 2026; x_wconf 89' lang='lat' dir='ltr'><strong>magis</strong></span> <span class='ocrx_word' id='word_1_101' title='bbox 955 1963 1053 2024; x_wconf 89' lang='lat' dir='ltr'><strong>quam</strong></span> <span class='ocrx_word' id='word_1_102' title='bbox 1066 1940 1265 2007; x_wconf 86' lang='lat' dir='ltr'><strong>fructuarius</strong></span> <span class='ocrx_word' id='word_1_103' title='bbox 1281 1954 1410 2023; x_wconf 90' lang='lat' dir='ltr'><strong>potest,</strong></span> 
     </span>
     <span class='ocr_line' id='line_1_13' title="bbox 240 2052 1410 2137; baseline -0.003 -17"><span class='ocrx_word' id='word_1_104' title='bbox 240 2055 324 2120; x_wconf 93' lang='lat' dir='ltr'><strong>vitio</strong></span> <span class='ocrx_word' id='word_1_105' title='bbox 346 2054 573 2137; x_wconf 90' lang='lat' dir='ltr'><strong>possessionis.</strong></span> <span class='ocrx_word' id='word_1_106' title='bbox 619 2056 732 2120; x_wconf 90' lang='lat' dir='ltr'><strong>Altera</strong></span> <span class='ocrx_word' id='word_1_107' title='bbox 755 2054 835 2119; x_wconf 91' lang='lat' dir='ltr'><strong>haec</strong></span> <span class='ocrx_word' id='word_1_108' title='bbox 853 2054 864 2089; x_wconf 78' lang='lat'>³</span> <span class='ocrx_word' id='word_1_109' title='bbox 882 2053 977 2119; x_wconf 92' lang='lat' dir='ltr'><strong>etiam</strong></span> <span class='ocrx_word' id='word_1_110' title='bbox 1000 2073 1067 2119; x_wconf 90' lang='lat' dir='ltr'><strong>non</strong></span> <span class='ocrx_word' id='word_1_111' title='bbox 1086 2052 1322 2118; x_wconf 89' lang='lat' dir='ltr'><strong>contemnenda</strong></span> <span class='ocrx_word' id='word_1_112' title='bbox 1341 2065 1410 2132; x_wconf 91' lang='lat' dir='ltr'><strong>est,</strong></span> 
     </span>
     <span class='ocr_line' id='line_1_14' title="bbox 241 2163 1411 2249; baseline -0.007 -16"><span class='ocrx_word' id='word_1_113' title='bbox 241 2166 332 2248; x_wconf 89' lang='lat' dir='ltr'><strong>quod</strong></span> <span class='ocrx_word' id='word_1_114' title='bbox 361 2167 394 2230; x_wconf 96' lang='lat' dir='ltr'><strong>in</strong></span> <span class='ocrx_word' id='word_1_115' title='bbox 422 2166 678 2249; x_wconf 85' lang='lat' dir='ltr'><strong>praescriptione</strong></span> <span class='ocrx_word' id='word_1_116' title='bbox 709 2165 864 2247; x_wconf 91' lang='lat' dir='ltr'><strong>temporis</strong></span> <span class='ocrx_word' id='word_1_117' title='bbox 893 2166 988 2248; x_wconf 85' lang='lat' dir='ltr'><strong>cujus</strong></span> <span class='ocrx_word' id='word_1_118' title='bbox 1019 2163 1173 2229; x_wconf 88' lang='lat' dir='ltr'><strong>memoria</strong></span> <span class='ocrx_word' id='word_1_119' title='bbox 1196 2183 1262 2228; x_wconf 91' lang='lat' dir='ltr'><strong>non</strong></span> <span class='ocrx_word' id='word_1_120' title='bbox 1284 2177 1411 2241; x_wconf 88' lang='lat' dir='ltr'><strong>exstet,</strong></span> 
     </span>
     <span class='ocr_line' id='line_1_15' title="bbox 241 2273 1412 2359; baseline -0.005 -16"><span class='ocrx_word' id='word_1_121' title='bbox 241 2279 391 2359; x_wconf 88' lang='lat' dir='ltr'><strong>quamvis</strong></span> <span class='ocrx_word' id='word_1_122' title='bbox 412 2278 531 2344; x_wconf 92' lang='lat' dir='ltr'><strong>titulus</strong></span> <span class='ocrx_word' id='word_1_123' title='bbox 555 2292 587 2342; x_wconf 92' lang='lat' dir='ltr'><strong>et</strong></span> <span class='ocrx_word' id='word_1_124' title='bbox 606 2279 691 2342; x_wconf 88' lang='lat' dir='ltr'><strong>bona</strong></span> <span class='ocrx_word' id='word_1_125' title='bbox 710 2275 793 2342; x_wconf 87' lang='lat' dir='ltr'><strong>fides</strong></span> <span class='ocrx_word' id='word_1_126' title='bbox 811 2290 1082 2358; x_wconf 85' lang='lat' dir='ltr'><strong>praesumantur,</strong></span> <span class='ocrx_word' id='word_1_127' title='bbox 1105 2289 1211 2339; x_wconf 89' lang='lat' dir='ltr'><strong>tamen</strong></span> <span class='ocrx_word' id='word_1_128' title='bbox 1235 2273 1263 2340; x_wconf 92' lang='lat' dir='ltr'><strong>si</strong></span> <span class='ocrx_word' id='word_1_129' title='bbox 1287 2295 1320 2337; x_wconf 91' lang='lat' dir='ltr'><strong>re</strong></span> <span class='ocrx_word' id='word_1_130' title='bbox 1341 2274 1412 2356; x_wconf 85' lang='lat' dir='ltr'><strong>ipsa</strong></span> 
     </span>
     <span class='ocr_line' id='line_1_16' title="bbox 240 2384 1413 2480; baseline -0.003 -28"><span class='ocrx_word' id='word_1_131' title='bbox 240 2403 393 2480; x_wconf 87' lang='lat' dir='ltr'><strong>appareat</strong></span> <span class='ocrx_word' id='word_1_132' title='bbox 424 2388 558 2453; x_wconf 92' lang='lat' dir='ltr'><strong>titulum</strong></span> <span class='ocrx_word' id='word_1_133' title='bbox 592 2387 725 2452; x_wconf 93' lang='lat' dir='ltr'><strong>omnino</strong></span> <span class='ocrx_word' id='word_1_134' title='bbox 758 2388 886 2452; x_wconf 91' lang='lat' dir='ltr'><strong>nullum</strong></span> <span class='ocrx_word' id='word_1_135' title='bbox 910 2386 979 2451; x_wconf 91' lang='lat' dir='ltr'><strong>dari</strong></span> <span class='ocrx_word' id='word_1_136' title='bbox 1002 2405 1098 2468; x_wconf 89' lang='lat' dir='ltr'><strong>posse</strong></span> <span class='ocrx_word' id='word_1_137' title='bbox 1122 2401 1154 2450; x_wconf 88' lang='lat' dir='ltr'><strong>ct</strong></span> <span class='ocrx_word' id='word_1_138' title='bbox 1175 2385 1222 2452; x_wconf 90' lang='lat' dir='ltr'><strong>sic</strong></span> <span class='ocrx_word' id='word_1_139' title='bbox 1242 2384 1413 2450; x_wconf 86' lang='lat' dir='ltr'><strong>manifesta</strong></span> 
     </span>
     <span class='ocr_line' id='line_1_17' title="bbox 241 2497 1412 2581; baseline -0.004 -17"><span class='ocrx_word' id='word_1_140' title='bbox 241 2499 285 2565; x_wconf 90' lang='lat' dir='ltr'><strong>sit</strong></span> <span class='ocrx_word' id='word_1_141' title='bbox 319 2499 400 2566; x_wconf 89' lang='lat' dir='ltr'><strong>fides</strong></span> <span class='ocrx_word' id='word_1_142' title='bbox 433 2501 539 2580; x_wconf 88' lang='lat' dir='ltr'><strong>mala,</strong></span> <span class='ocrx_word' id='word_1_143' title='bbox 575 2511 658 2580; x_wconf 75' lang='lat' dir='ltr'><strong>qua‘c</strong></span> <span class='ocrx_word' id='word_1_144' title='bbox 691 2497 723 2562; x_wconf 94' lang='lat' dir='ltr'><strong>in</strong></span> <span class='ocrx_word' id='word_1_145' title='bbox 755 2499 880 2581; x_wconf 92' lang='lat' dir='ltr'><strong>populo</strong></span> <span class='ocrx_word' id='word_1_146' title='bbox 905 2498 1043 2564; x_wconf 89' lang='lat' dir='ltr'><strong>maxime</strong></span> <span class='ocrx_word' id='word_1_147' title='bbox 1067 2501 1159 2580; x_wconf 87' lang='lat' dir='ltr'><strong>quasi</strong></span> <span class='ocrx_word' id='word_1_148' title='bbox 1185 2517 1251 2564; x_wconf 92' lang='lat' dir='ltr'><strong>uno</strong></span> <span class='ocrx_word' id='word_1_149' title='bbox 1275 2515 1412 2579; x_wconf 92' lang='lat' dir='ltr'><strong>corpore</strong></span> 
     </span>
     <span class='ocr_line' id='line_1_18' title="bbox 243 2609 1412 2694; baseline -0.003 -19"><span class='ocrx_word' id='word_1_150' title='bbox 243 2625 399 2694; x_wconf 90' lang='lat' dir='ltr'><strong>perpetua</strong></span> <span class='ocrx_word' id='word_1_151' title='bbox 430 2630 499 2675; x_wconf 91' lang='lat' dir='ltr'><strong>esse</strong></span> <span class='ocrx_word' id='word_1_152' title='bbox 534 2625 706 2690; x_wconf 88' lang='lat' dir='ltr'><strong>censetur,</strong></span> <span class='ocrx_word' id='word_1_153' title='bbox 742 2631 781 2676; x_wconf 88' lang='lat' dir='ltr'><strong>ex</strong></span> <span class='ocrx_word' id='word_1_154' title='bbox 804 2609 929 2693; x_wconf 89' lang='lat' dir='ltr'><strong>duplici</strong></span> <span class='ocrx_word' id='word_1_155' title='bbox 952 2609 1083 2676; x_wconf 87' lang='lat' dir='ltr'><strong>defectu</strong></span> <span class='ocrx_word' id='word_1_156' title='bbox 1105 2609 1319 2693; x_wconf 88' lang='lat' dir='ltr'><strong>praescriptio</strong></span> <span class='ocrx_word' id='word_1_157' title='bbox 1340 2627 1412 2673; x_wconf 92' lang='lat' dir='ltr'><strong>cor-</strong></span> 
     </span>
     <span class='ocr_line' id='line_1_19' title="bbox 243 2719 1412 2804; baseline -0.003 -18"><span class='ocrx_word' id='word_1_158' title='bbox 243 2723 311 2787; x_wconf 92' lang='lat' dir='ltr'><strong>ruit</strong></span> <span class='ocrx_word' id='word_1_159' title='bbox 330 2723 353 2788; x_wconf 83' lang='lat'><strong>⁴.</strong></span> <span class='ocrx_word' id='word_1_160' title='bbox 399 2722 513 2786; x_wconf 90' lang='lat' dir='ltr'><strong>Tertia</strong></span> <span class='ocrx_word' id='word_1_161' title='bbox 536 2741 641 2802; x_wconf 90' lang='lat' dir='ltr'><strong>vero,</strong></span> <span class='ocrx_word' id='word_1_162' title='bbox 665 2721 742 2804; x_wconf 92' lang='lat' dir='ltr'><strong>quia</strong></span> <span class='ocrx_word' id='word_1_163' title='bbox 759 2742 809 2788; x_wconf 90' lang='lat' dir='ltr'><strong>res</strong></span> <span class='ocrx_word' id='word_1_164' title='bbox 830 2724 909 2786; x_wconf 91' lang='lat' dir='ltr'><strong>baec</strong></span> <span class='ocrx_word' id='word_1_165' title='bbox 932 2737 982 2786; x_wconf 91' lang='lat' dir='ltr'><strong>est</strong></span> <span class='ocrx_word' id='word_1_166' title='bbox 1004 2743 1108 2787; x_wconf 89' lang='lat' dir='ltr'><strong>merae</strong></span> <span class='ocrx_word' id='word_1_167' title='bbox 1129 2719 1311 2798; x_wconf 73' lang='lat' dir='ltr'><strong>facultatis,</strong></span> <span class='ocrx_word' id='word_1_168' title='bbox 1327 2739 1412 2798; x_wconf 89' lang='lat' dir='ltr'><strong>quae</strong></span> 
     </span>
     <span class='ocr_line' id='line_1_20' title="bbox 243 2831 1413 2915; baseline -0.003 -17"><span class='ocrx_word' id='word_1_169' title='bbox 243 2853 309 2898; x_wconf 93' lang='lat' dir='ltr'><strong>non</strong></span> <span class='ocrx_word' id='word_1_170' title='bbox 333 2832 588 2915; x_wconf 81' lang='lat' dir='ltr'><strong>praescribitur,</strong></span> <span class='ocrx_word' id='word_1_171' title='bbox 613 2847 651 2898; x_wconf 79' lang='lat' dir='ltr'><strong>ut</strong></span> <span class='ocrx_word' id='word_1_172' title='bbox 674 2831 759 2898; x_wconf 89' lang='lat' dir='ltr'><strong>infra</strong></span> <span class='ocrx_word' id='word_1_173' title='bbox 783 2832 1090 2899; x_wconf 87' lang='lat' dir='ltr'><strong>demonstrabimus.</strong></span> <span class='ocrx_word' id='word_1_174' title='bbox 1139 2832 1203 2897; x_wconf 89' lang='lat' dir='ltr'><strong>Sed</strong></span> <span class='ocrx_word' id='word_1_175' title='bbox 1226 2833 1338 2896; x_wconf 93' lang='lat' dir='ltr'><strong>nullus</strong></span> <span class='ocrx_word' id='word_1_176' title='bbox 1363 2845 1413 2895; x_wconf 93' lang='lat' dir='ltr'><strong>est</strong></span> 
     </span>
     <span class='ocr_line' id='line_1_21' title="bbox 243 2943 1478 3028; baseline -0.002 -20"><span class='ocrx_word' id='word_1_177' title='bbox 243 2943 318 3008; x_wconf 89' lang='lat' dir='ltr'><strong>finis</strong></span> <span class='ocrx_word' id='word_1_178' title='bbox 338 2944 547 3028; x_wconf 83' lang='lat' dir='ltr'><strong>argutiarum.</strong></span> <span class='ocrx_word' id='word_1_179' title='bbox 593 2943 722 3010; x_wconf 89' lang='lat' dir='ltr'><strong>Inventi</strong></span> <span class='ocrx_word' id='word_1_180' title='bbox 744 2959 822 3009; x_wconf 94' lang='lat' dir='ltr'><strong>sunt</strong></span> <span class='ocrx_word' id='word_1_181' title='bbox 845 2944 903 3026; x_wconf 93' lang='lat' dir='ltr'><strong>qui</strong></span> <span class='ocrx_word' id='word_1_182' title='bbox 925 2944 958 3008; x_wconf 94' lang='lat' dir='ltr'><strong>in</strong></span> <span class='ocrx_word' id='word_1_183' title='bbox 982 2945 1045 3009; x_wconf 94' lang='lat' dir='ltr'><strong>hoc</strong></span> <span class='ocrx_word' id='word_1_184' title='bbox 1070 2957 1261 3028; x_wconf 90' lang='lat' dir='ltr'><strong>argumento</strong></span> <span class='ocrx_word' id='word_1_185' title='bbox 1285 2963 1301 3008; x_wconf 91' lang='lat' dir='ltr'><strong>a</strong></span> <span class='ocrx_word' id='word_1_186' title='bbox 1321 2963 1412 3025; x_wconf 85' lang='lat' dir='ltr'><strong>prae·</strong></span> <span class='ocrx_word' id='word_1_187' title='bbox 1472 2980 1478 2990; x_wconf 93' lang='lat'><em>·</em></span> 
     </span>
     <span class='ocr_line' id='line_1_22' title="bbox 243 3054 1412 3147; baseline -0.002 -27"><span class='ocrx_word' id='word_1_188' title='bbox 243 3055 420 3138; x_wconf 90' lang='lat' dir='ltr'><strong>scriptione</strong></span> <span class='ocrx_word' id='word_1_189' title='bbox 443 3054 714 3147; x_wconf 87' lang='lat' dir='ltr'><strong>consuetudinem</strong></span> <span class='ocrx_word' id='word_1_190' title='bbox 734 3055 993 3140; x_wconf 84' lang='lat' dir='ltr'><strong>distinguerent,</strong></span> <span class='ocrx_word' id='word_1_191' title='bbox 1012 3071 1050 3121; x_wconf 94' lang='lat' dir='ltr'><strong>ut</strong></span> <span class='ocrx_word' id='word_1_192' title='bbox 1068 3055 1123 3120; x_wconf 87' lang='lat' dir='ltr'><strong>illa</strong></span> <span class='ocrx_word' id='word_1_193' title='bbox 1142 3055 1267 3120; x_wconf 88' lang='lat' dir='ltr'><strong>scilicet</strong></span> <span class='ocrx_word' id='word_1_194' title='bbox 1288 3054 1412 3118; x_wconf 89' lang='lat' dir='ltr'><strong>exclusi</strong></span> 
     </span>
     <span class='ocr_line' id='line_1_23' title="bbox 243 3165 1414 3249; baseline -0.002 -19"><span class='ocrx_word' id='word_1_195' title='bbox 243 3167 284 3232; x_wconf 89' lang='lat' dir='ltr'><strong>ad</strong></span> <span class='ocrx_word' id='word_1_196' title='bbox 305 3170 389 3233; x_wconf 87' lang='lat' dir='ltr'><strong>hanc</strong></span> <span class='ocrx_word' id='word_1_197' title='bbox 409 3165 633 3249; x_wconf 86' lang='lat' dir='ltr'><strong>confugerent.</strong></span> <span class='ocrx_word' id='word_1_198' title='bbox 679 3167 864 3234; x_wconf 87' lang='lat' dir='ltr'><strong>Discrimen</strong></span> <span class='ocrx_word' id='word_1_199' title='bbox 894 3182 1001 3233; x_wconf 89' lang='lat' dir='ltr'><strong>autern</strong></span> <span class='ocrx_word' id='word_1_200' title='bbox 1026 3167 1117 3248; x_wconf 94' lang='lat' dir='ltr'><strong>quod</strong></span> <span class='ocrx_word' id='word_1_201' title='bbox 1145 3166 1198 3232; x_wconf 91' lang='lat' dir='ltr'><strong>lric</strong></span> <span class='ocrx_word' id='word_1_202' title='bbox 1228 3180 1414 3231; x_wconf 90' lang='lat' dir='ltr'><strong>statuerunt</strong></span> 
     </span>
     <span class='ocr_line' id='line_1_24' title="bbox 243 3277 1413 3364; baseline -0.001 -21"><span class='ocrx_word' id='word_1_203' title='bbox 243 3298 319 3343; x_wconf 87' lang='lat' dir='ltr'><strong>sane</strong></span> <span class='ocrx_word' id='word_1_204' title='bbox 346 3279 521 3346; x_wconf 89' lang='lat' dir='ltr'><strong>ridiculum</strong></span> <span class='ocrx_word' id='word_1_205' title='bbox 546 3294 613 3345; x_wconf 89' lang='lat' dir='ltr'><strong>est:</strong></span> <span class='ocrx_word' id='word_1_206' title='bbox 639 3299 678 3344; x_wconf 94' lang='lat' dir='ltr'><strong>ex</strong></span> <span class='ocrx_word' id='word_1_207' title='bbox 701 3279 957 3362; x_wconf 89' lang='lat' dir='ltr'><strong>praescriptione</strong></span> <span class='ocrx_word' id='word_1_208' title='bbox 981 3281 1074 3364; x_wconf 87' lang='lat' dir='ltr'><strong>ajunt</strong></span> <span class='ocrx_word' id='word_1_209' title='bbox 1099 3279 1153 3363; x_wconf 85' lang='lat' dir='ltr'><strong>jus</strong></span> <span class='ocrx_word' id='word_1_210' title='bbox 1176 3277 1298 3358; x_wconf 89' lang='lat' dir='ltr'><strong>unius,</strong></span> <span class='ocrx_word' id='word_1_211' title='bbox 1322 3279 1413 3360; x_wconf 91' lang='lat' dir='ltr'><strong>quod</strong></span> 
     </span>
     <span class='ocr_line' id='line_1_25' title="bbox 242 3390 1414 3476; baseline -0.001 -21"><span class='ocrx_word' id='word_1_212' title='bbox 242 3390 283 3455; x_wconf 89' lang='lat' dir='ltr'><strong>ab</strong></span> <span class='ocrx_word' id='word_1_213' title='bbox 307 3411 346 3456; x_wconf 91' lang='lat' dir='ltr'><strong>eo</strong></span> <span class='ocrx_word' id='word_1_214' title='bbox 367 3390 532 3472; x_wconf 87' lang='lat' dir='ltr'><strong>aufertur,</strong></span> <span class='ocrx_word' id='word_1_215' title='bbox 556 3390 648 3456; x_wconf 88' lang='lat' dir='ltr'><strong>alteri</strong></span> <span class='ocrx_word' id='word_1_216' title='bbox 670 3391 825 3474; x_wconf 90' lang='lat' dir='ltr'><strong>applicari</strong></span> <span class='ocrx_word' id='word_1_217' title='bbox 845 3391 875 3455; x_wconf 85' lang='lat'><strong>⁵:</strong></span> <span class='ocrx_word' id='word_1_218' title='bbox 900 3390 960 3456; x_wconf 89' lang='lat' dir='ltr'><strong>sed</strong></span> <span class='ocrx_word' id='word_1_219' title='bbox 980 3411 1055 3456; x_wconf 92' lang='lat' dir='ltr'><strong>cum</strong></span> <span class='ocrx_word' id='word_1_220' title='bbox 1078 3390 1216 3472; x_wconf 90' lang='lat' dir='ltr'><strong>aliquod</strong></span> <span class='ocrx_word' id='word_1_221' title='bbox 1232 3392 1287 3476; x_wconf 87' lang='lat' dir='ltr'><strong>jus</strong></span> <span class='ocrx_word' id='word_1_222' title='bbox 1300 3391 1344 3456; x_wconf 88' lang='lat' dir='ltr'><strong>ita</strong></span> <span class='ocrx_word' id='word_1_223' title='bbox 1357 3391 1414 3456; x_wconf 90' lang='lat' dir='ltr'><strong>ali-</strong></span> 
     </span>
     <span class='ocr_line' id='line_1_26' title="bbox 243 3501 1414 3585; baseline 0 -19"><span class='ocrx_word' id='word_1_224' title='bbox 243 3502 297 3567; x_wconf 92' lang='lat' dir='ltr'><strong>cui</strong></span> <span class='ocrx_word' id='word_1_225' title='bbox 326 3503 508 3584; x_wconf 87' lang='lat' dir='ltr'><strong>applicatur</strong></span> <span class='ocrx_word' id='word_1_226' title='bbox 541 3518 577 3568; x_wconf 90' lang='lat' dir='ltr'><strong>ut</strong></span> <span class='ocrx_word' id='word_1_227' title='bbox 607 3503 698 3568; x_wconf 91' lang='lat' dir='ltr'><strong>alteri</strong></span> <span class='ocrx_word' id='word_1_228' title='bbox 721 3522 787 3568; x_wconf 93' lang='lat' dir='ltr'><strong>non</strong></span> <span class='ocrx_word' id='word_1_229' title='bbox 811 3501 998 3585; x_wconf 84' lang='lat' dir='ltr'><strong>auferatur,</strong></span> <span class='ocrx_word' id='word_1_230' title='bbox 1023 3517 1092 3568; x_wconf 93' lang='lat' dir='ltr'><strong>tum</strong></span> <span class='ocrx_word' id='word_1_231' title='bbox 1117 3503 1181 3568; x_wconf 92' lang='lat' dir='ltr'><strong>dici</strong></span> <span class='ocrx_word' id='word_1_232' title='bbox 1203 3502 1414 3568; x_wconf 89' lang='lat' dir='ltr'><strong>consuetudi-</strong></span> 
     </span>
     <span class='ocr_line' id='line_1_27' title="bbox 244 3614 1414 3700; baseline 0.001 -23"><span class='ocrx_word' id='word_1_233' title='bbox 244 3633 336 3678; x_wconf 92' lang='lat' dir='ltr'><strong>nem:</strong></span> <span class='ocrx_word' id='word_1_234' title='bbox 367 3615 460 3696; x_wconf 90' lang='lat' dir='ltr'><strong>quasi</strong></span> <span class='ocrx_word' id='word_1_235' title='bbox 493 3635 571 3681; x_wconf 92' lang='lat' dir='ltr'><strong>vero</strong></span> <span class='ocrx_word' id='word_1_236' title='bbox 603 3634 676 3680; x_wconf 91' lang='lat' dir='ltr'><strong>cum</strong></span> <span class='ocrx_word' id='word_1_237' title='bbox 697 3615 754 3700; x_wconf 84' lang='lat' dir='ltr'><strong>jus</strong></span> <span class='ocrx_word' id='word_1_238' title='bbox 776 3615 974 3700; x_wconf 88' lang='lat' dir='ltr'><strong>navigandi,</strong></span> <span class='ocrx_word' id='word_1_239' title='bbox 1007 3615 1099 3697; x_wconf 92' lang='lat' dir='ltr'><strong>quod</strong></span> <span class='ocrx_word' id='word_1_240' title='bbox 1129 3614 1346 3681; x_wconf 87' lang='lat' dir='ltr'><strong>communiter</strong></span> <span class='ocrx_word' id='word_1_241' title='bbox 1373 3615 1414 3679; x_wconf 85' lang='lat' dir='ltr'><strong>ad</strong></span> 
     </span>
     <span class='ocr_line' id='line_1_28' title="bbox 243 3725 1414 3809; baseline 0 -19"><span class='ocrx_word' id='word_1_242' title='bbox 243 3745 355 3790; x_wconf 91' lang='lat' dir='ltr'><strong>omnes</strong></span> <span class='ocrx_word' id='word_1_243' title='bbox 376 3726 553 3808; x_wconf 91' lang='lat' dir='ltr'><strong>pertinuit,</strong></span> <span class='ocrx_word' id='word_1_244' title='bbox 574 3726 715 3792; x_wconf 91' lang='lat' dir='ltr'><strong>exclusis</strong></span> <span class='ocrx_word' id='word_1_245' title='bbox 734 3725 806 3790; x_wconf 87' lang='lat' dir='ltr'><strong>aliis</strong></span> <span class='ocrx_word' id='word_1_246' title='bbox 828 3727 867 3791; x_wconf 91' lang='lat' dir='ltr'><strong>ab</strong></span> <span class='ocrx_word' id='word_1_247' title='bbox 889 3744 955 3792; x_wconf 92' lang='lat' dir='ltr'><strong>uno</strong></span> <span class='ocrx_word' id='word_1_248' title='bbox 979 3741 1175 3809; x_wconf 88' lang='lat' dir='ltr'><strong>usurpatur,</strong></span> <span class='ocrx_word' id='word_1_249' title='bbox 1192 3746 1259 3790; x_wconf 91' lang='lat' dir='ltr'><strong>non</strong></span> <span class='ocrx_word' id='word_1_250' title='bbox 1281 3745 1414 3790; x_wconf 92' lang='lat' dir='ltr'><strong>necesse</strong></span> 
     </span>
     <span class='ocr_line' id='line_1_29' title="bbox 243 3835 1414 3919; baseline 0 -19"><span class='ocrx_word' id='word_1_251' title='bbox 243 3837 287 3901; x_wconf 93' lang='lat' dir='ltr'><strong>sit</strong></span> <span class='ocrx_word' id='word_1_252' title='bbox 307 3836 460 3902; x_wconf 92' lang='lat' dir='ltr'><strong>omnibus</strong></span> <span class='ocrx_word' id='word_1_253' title='bbox 481 3835 588 3919; x_wconf 91' lang='lat' dir='ltr'><strong>perire</strong></span> <span class='ocrx_word' id='word_1_254' title='bbox 611 3851 771 3918; x_wconf 89' lang='lat' dir='ltr'><strong>quantum</strong></span> <span class='ocrx_word' id='word_1_255' title='bbox 796 3837 854 3901; x_wconf 92' lang='lat' dir='ltr'><strong>uni</strong></span> <span class='ocrx_word' id='word_1_256' title='bbox 877 3836 1036 3902; x_wconf 80' lang='lat' dir='ltr'><strong>accedit⁶.</strong></span> <span class='ocrx_word' id='word_1_257' title='bbox 1070 3837 1185 3902; x_wconf 88' lang='lat' dir='ltr'><strong>Errori</strong></span> <span class='ocrx_word' id='word_1_258' title='bbox 1205 3837 1282 3901; x_wconf 90' lang='lat' dir='ltr'><strong>huic</strong></span> <span class='ocrx_word' id='word_1_259' title='bbox 1305 3855 1414 3902; x_wconf 88' lang='lat' dir='ltr'><strong>ansam</strong></span> 
     </span>
     <span class='ocr_line' id='line_1_30' title="bbox 244 3946 1413 4032; baseline -0.001 -19"><span class='ocrx_word' id='word_1_260' title='bbox 244 3948 405 4014; x_wconf 89' lang='lat' dir='ltr'><strong>dederunt</strong></span> <span class='ocrx_word' id='word_1_261' title='bbox 433 3946 527 4012; x_wconf 93' lang='lat' dir='ltr'><strong>Pauli</strong></span> <span class='ocrx_word' id='word_1_262' title='bbox 558 3947 680 4028; x_wconf 89' lang='lat' dir='ltr'><strong>verba,</strong></span> <span class='ocrx_word' id='word_1_263' title='bbox 712 3967 779 4012; x_wconf 92' lang='lat' dir='ltr'><strong>non</strong></span> <span class='ocrx_word' id='word_1_264' title='bbox 809 3962 896 4013; x_wconf 93' lang='lat' dir='ltr'><strong>recte</strong></span> <span class='ocrx_word' id='word_1_265' title='bbox 926 3963 1075 4031; x_wconf 88' lang='lat' dir='ltr'><strong>accepta,</strong></span> <span class='ocrx_word' id='word_1_266' title='bbox 1100 3948 1159 4029; x_wconf 91' lang='lat' dir='ltr'><strong>qui</strong></span> <span class='ocrx_word' id='word_1_267' title='bbox 1182 3968 1256 4013; x_wconf 93' lang='lat' dir='ltr'><strong>cum</strong></span> <span class='ocrx_word' id='word_1_268' title='bbox 1278 3948 1319 4012; x_wconf 91' lang='lat' dir='ltr'><strong>de</strong></span> <span class='ocrx_word' id='word_1_269' title='bbox 1339 3949 1413 4032; x_wconf 88' lang='lat' dir='ltr'><strong>jure</strong></span> 
     </span>
    </p>
   </div>
   <div class='ocr_carea' id='block_1_5' title="bbox 247 4141 433 4150">
    <p class='ocr_par' dir='ltr' id='par_1_5' title="bbox 247 4141 433 4150">
     <span class='ocr_line' id='line_1_31' title="bbox 247 4141 433 4150; baseline 0 0"><span class='ocrx_word' id='word_1_270' title='bbox 247 4141 433 4150; x_wconf 42' lang='lat' dir='ltr'><strong>——a--ss-——n</strong></span> 
     </span>
    </p>
   </div>
   <div class='ocr_carea' id='block_1_6' title="bbox 244 4241 1413 4579">
    <p class='ocr_par' dir='ltr' id='par_1_6' title="bbox 244 4241 1413 4579">
     <span class='ocr_line' id='line_1_32' title="bbox 280 4241 1413 4306; baseline 0.001 -13"><span class='ocrx_word' id='word_1_271' title='bbox 280 4245 287 4276; x_wconf 93' lang='lat'><strong>¹</strong></span> <span class='ocrx_word' id='word_1_272' title='bbox 315 4246 339 4293; x_wconf 91' lang='lat' dir='ltr'><strong>d.</strong></span> <span class='ocrx_word' id='word_1_273' title='bbox 364 4247 381 4292; x_wconf 92' lang='lat' dir='ltr'><strong>l.</strong></span> <span class='ocrx_word' id='word_1_274' title='bbox 411 4247 455 4292; x_wconf 89' lang='lat' dir='ltr'><strong>ult.</strong></span> <span class='ocrx_word' id='word_1_275' title='bbox 491 4241 544 4304; x_wconf 72' lang='lat' dir='ltr'><strong>2p.</strong></span> <span class='ocrx_word' id='word_1_276' title='bbox 569 4257 591 4301; x_wconf 83' lang='lat'><strong>3.</strong></span> <span class='ocrx_word' id='word_1_277' title='bbox 610 4245 650 4292; x_wconf 91' lang='lat' dir='ltr'><strong>tit.</strong></span> <span class='ocrx_word' id='word_1_278' title='bbox 673 4259 713 4306; x_wconf 81' lang='lat'><strong>29.</strong></span> <span class='ocrx_word' id='word_1_279' title='bbox 731 4247 749 4292; x_wconf 94' lang='lat' dir='ltr'><strong>l.</strong></span> <span class='ocrx_word' id='word_1_280' title='bbox 769 4258 793 4302; x_wconf 87' lang='lat'><strong>7.</strong></span> <span class='ocrx_word' id='word_1_281' title='bbox 811 4245 837 4292; x_wconf 92' lang='lat' dir='ltr'><strong>in</strong></span> <span class='ocrx_word' id='word_1_282' title='bbox 855 4258 878 4293; x_wconf 94' lang='lat' dir='ltr'><strong>c.</strong></span> <span class='ocrx_word' id='word_1_283' title='bbox 891 4248 971 4305; x_wconf 88' lang='lat' dir='ltr'><strong>placa.</strong></span> <span class='ocrx_word' id='word_1_284' title='bbox 989 4247 1056 4294; x_wconf 85' lang='lat' dir='ltr'><strong>Rod.</strong></span> <span class='ocrx_word' id='word_1_285' title='bbox 1073 4245 1186 4302; x_wconf 88' lang='lat' dir='ltr'><strong>suarius,</strong></span> <span class='ocrx_word' id='word_1_286' title='bbox 1206 4247 1229 4294; x_wconf 88' lang='lat' dir='ltr'><strong>d.</strong></span> <span class='ocrx_word' id='word_1_287' title='bbox 1252 4259 1321 4294; x_wconf 90' lang='lat' dir='ltr'><strong>cons.</strong></span> <span class='ocrx_word' id='word_1_288' title='bbox 1341 4258 1367 4293; x_wconf 91' lang='lat' dir='ltr'><strong>n.</strong></span> <span class='ocrx_word' id='word_1_289' title='bbox 1388 4259 1413 4306; x_wconf 83' lang='lat'><strong>4.</strong></span> 
     </span>
     <span class='ocr_line' id='line_1_33' title="bbox 244 4334 1413 4396; baseline 0.003 -15"><span class='ocrx_word' id='word_1_290' title='bbox 244 4334 375 4382; x_wconf 79' lang='lat' dir='ltr'><strong>³Fachin.</strong></span> <span class='ocrx_word' id='word_1_291' title='bbox 397 4339 413 4383; x_wconf 90' lang='lat'><strong>1.</strong></span> <span class='ocrx_word' id='word_1_292' title='bbox 438 4338 461 4384; x_wconf 88' lang='lat'><strong>8.</strong></span> <span class='ocrx_word' id='word_1_293' title='bbox 480 4349 503 4384; x_wconf 90' lang='lat' dir='ltr'><strong>c.</strong></span> <span class='ocrx_word' id='word_1_294' title='bbox 521 4336 560 4383; x_wconf 74' lang='lat'><strong>26.</strong></span> <span class='ocrx_word' id='word_1_295' title='bbox 580 4347 603 4383; x_wconf 87' lang='lat' dir='ltr'><strong>er</strong></span> <span class='ocrx_word' id='word_1_296' title='bbox 626 4349 666 4393; x_wconf 80' lang='lat'><strong>33.</strong></span> <span class='ocrx_word' id='word_1_297' title='bbox 684 4338 789 4384; x_wconf 86' lang='lat' dir='ltr'><strong>Covarr.</strong></span> <span class='ocrx_word' id='word_1_298' title='bbox 811 4339 842 4385; x_wconf 91' lang='lat' dir='ltr'><strong>de</strong></span> <span class='ocrx_word' id='word_1_299' title='bbox 858 4349 967 4396; x_wconf 85' lang='lat' dir='ltr'><strong>praescr.</strong></span> <span class='ocrx_word' id='word_1_300' title='bbox 987 4351 1012 4396; x_wconf 94' lang='lat' dir='ltr'><strong>p.</strong></span> <span class='ocrx_word' id='word_1_301' title='bbox 1034 4351 1056 4385; x_wconf 88' lang='lat'><strong>2.</strong></span> <span class='ocrx_word' id='word_1_302' title='bbox 1072 4341 1093 4395; x_wconf 68' lang='grc' dir='ltr'><strong>ξ.</strong></span> <span class='ocrx_word' id='word_1_303' title='bbox 1111 4351 1133 4385; x_wconf 88' lang='lat'><strong>2.</strong></span> <span class='ocrx_word' id='word_1_304' title='bbox 1149 4351 1173 4384; x_wconf 93' lang='lat' dir='ltr'><strong>n.</strong></span> <span class='ocrx_word' id='word_1_305' title='bbox 1190 4340 1212 4384; x_wconf 90' lang='lat'><strong>8.</strong></span> <span class='ocrx_word' id='word_1_306' title='bbox 1228 4349 1253 4384; x_wconf 91' lang='lat' dir='ltr'><strong>et</strong></span> <span class='ocrx_word' id='word_1_307' title='bbox 1272 4341 1293 4395; x_wconf 68' lang='grc' dir='ltr'><strong>ξ.</strong></span> <span class='ocrx_word' id='word_1_308' title='bbox 1311 4341 1334 4384; x_wconf 89' lang='grc'><strong>8.</strong></span> <span class='ocrx_word' id='word_1_309' title='bbox 1350 4350 1374 4384; x_wconf 94' lang='lat' dir='ltr'><strong>n.</strong></span> <span class='ocrx_word' id='word_1_310' title='bbox 1391 4351 1413 4392; x_wconf 85' lang='lat'><strong>5.</strong></span> 
     </span>
     <span class='ocr_line' id='line_1_34' title="bbox 245 4426 1413 4478; baseline 0.003 -6"><span class='ocrx_word' id='word_1_311' title='bbox 245 4436 269 4471; x_wconf 85' lang='lat' dir='ltr'><strong>ct</strong></span> <span class='ocrx_word' id='word_1_312' title='bbox 287 4426 310 4471; x_wconf 91' lang='lat'><strong>6.</strong></span> <span class='ocrx_word' id='word_1_313' title='bbox 334 4426 344 4456; x_wconf 87' lang='lat'><strong><em>⁴</em></strong></span> <span class='ocrx_word' id='word_1_314' title='bbox 363 4428 464 4474; x_wconf 85' lang='lat' dir='ltr'><strong>Fachin.</strong></span> <span class='ocrx_word' id='word_1_315' title='bbox 479 4430 496 4474; x_wconf 93' lang='lat' dir='ltr'><strong>l.</strong></span> <span class='ocrx_word' id='word_1_316' title='bbox 513 4431 536 4474; x_wconf 87' lang='lat'><strong>8.</strong></span> <span class='ocrx_word' id='word_1_317' title='bbox 554 4441 576 4474; x_wconf 93' lang='lat' dir='ltr'><strong>c.</strong></span> <span class='ocrx_word' id='word_1_318' title='bbox 594 4431 633 4476; x_wconf 78' lang='lat'><strong>28.</strong></span> <span class='ocrx_word' id='word_1_319' title='bbox 661 4427 671 4458; x_wconf 81' lang='lat'>⁵</span> <span class='ocrx_word' id='word_1_320' title='bbox 689 4427 758 4475; x_wconf 81' lang='lat' dir='ltr'><strong>Aret.</strong></span> <span class='ocrx_word' id='word_1_321' title='bbox 773 4428 799 4477; x_wconf 93' lang='lat' dir='ltr'><strong>in</strong></span> <span class='ocrx_word' id='word_1_322' title='bbox 813 4429 880 4478; x_wconf 90' lang='lat' dir='ltr'><strong>rubr.</strong></span> <span class='ocrx_word' id='word_1_323' title='bbox 896 4427 921 4475; x_wconf 80' lang='lat' dir='ltr'><strong>li.</strong></span> <span class='ocrx_word' id='word_1_324' title='bbox 936 4431 967 4476; x_wconf 89' lang='lat' dir='ltr'><strong>dc</strong></span> <span class='ocrx_word' id='word_1_325' title='bbox 986 4443 1033 4476; x_wconf 88' lang='lat' dir='ltr'><strong>rcr.</strong></span> <span class='ocrx_word' id='word_1_326' title='bbox 1050 4429 1102 4476; x_wconf 87' lang='lat' dir='ltr'><strong>div.</strong></span> <span class='ocrx_word' id='word_1_327' title='bbox 1116 4431 1156 4476; x_wconf 87' lang='lat' dir='ltr'><strong>all.</strong></span> <span class='ocrx_word' id='word_1_328' title='bbox 1173 4429 1264 4477; x_wconf 89' lang='lat' dir='ltr'><strong>Balbus</strong></span> <span class='ocrx_word' id='word_1_329' title='bbox 1278 4431 1301 4476; x_wconf 90' lang='lat' dir='ltr'><strong>d.</strong></span> <span class='ocrx_word' id='word_1_330' title='bbox 1317 4430 1334 4474; x_wconf 95' lang='lat' dir='ltr'><strong>l.</strong></span> <span class='ocrx_word' id='word_1_331' title='bbox 1351 4442 1375 4477; x_wconf 93' lang='lat' dir='ltr'><strong>n.</strong></span> <span class='ocrx_word' id='word_1_332' title='bbox 1391 4443 1413 4476; x_wconf 88' lang='lat'><strong>2.</strong></span> 
     </span>
     <span class='ocr_line' id='line_1_35' title="bbox 245 4513 743 4579; baseline 0.008 -18"><span class='ocrx_word' id='word_1_333' title='bbox 245 4513 255 4545; x_wconf 67' lang='grc' dir='ltr'>θ</span> <span class='ocrx_word' id='word_1_334' title='bbox 273 4517 302 4562; x_wconf 89' lang='lat' dir='ltr'><strong>V.</strong></span> <span class='ocrx_word' id='word_1_335' title='bbox 321 4517 397 4576; x_wconf 90' lang='lat' dir='ltr'><strong>Vasq.</strong></span> <span class='ocrx_word' id='word_1_336' title='bbox 413 4529 494 4565; x_wconf 83' lang='lat' dir='ltr'><strong>contr.</strong></span> <span class='ocrx_word' id='word_1_337' title='bbox 511 4519 548 4566; x_wconf 92' lang='lat' dir='ltr'><strong>ill.</strong></span> <span class='ocrx_word' id='word_1_338' title='bbox 568 4533 590 4566; x_wconf 91' lang='lat' dir='ltr'><strong>c.</strong></span> <span class='ocrx_word' id='word_1_339' title='bbox 608 4533 647 4579; x_wconf 83' lang='lat'><strong>29.</strong></span> <span class='ocrx_word' id='word_1_340' title='bbox 663 4533 688 4565; x_wconf 91' lang='lat' dir='ltr'><strong>n.</strong></span> <span class='ocrx_word' id='word_1_341' title='bbox 704 4521 743 4574; x_wconf 84' lang='lat'><strong>38.</strong></span> 
     </span>
    </p>
   </div>
   <div class='ocr_carea' id='block_1_7' title="bbox 0 0 1788 5654">
    <p class='ocr_par' dir='ltr' id='par_1_7' title="bbox 0 0 1788 5654">
     <span class='ocr_line' id='line_1_36' title="bbox 0 0 1788 5654; baseline 0 0"><span class='ocrx_word' id='word_1_342' title='bbox 0 0 1788 5654; x_wconf 95' lang='lat' dir='ltr'><strong> </strong></span> 
     </span>
    </p>
   </div>
  </div>
 </body>
</html>
