3536 5692
395 653 458 720 334
717 656 763 701 ure
787 655 881 720 June
908 653 1092 701 renuunt.
1117 652 1197 700 ear.
1222 655 1280 700 xv.

393 809 534 892 turpiter
555 809 742 892 quaesitum
767 823 825 874 est.
872 808 959 874 Nam
983 822 1015 874 et
1037 827 1099 874 nos
1120 807 1199 874 huic
1225 807 1406 874 sententiae
1429 807 1566 874 libenter

390 920 613 1002 assentimus,
637 920 703 987 imo
724 919 822 986 etiam
844 919 872 986 si
896 918 967 984 fieri
988 933 1121 1002 posset,
1142 935 1180 985 ut
1192 919 1330 1003 injustas
1342 920 1565 1002 possessiones

391 1045 541 1098 tueretur
574 1030 706 1098 fortuna
738 1045 770 1096 et
800 1029 891 1114 longi
914 1027 1072 1112 temporis
1097 1029 1239 1096 firmaret
1259 1031 1461 1111 auctoritas,
1484 1031 1567 1096 utile

390 1156 499 1208 tamen
530 1161 601 1209 esse
621 1161 777 1226 negamus
806 1140 973 1223 quidquid
1000 1140 1040 1205 ab
1063 1141 1204 1207 honesto
1228 1155 1260 1206 et
1280 1142 1371 1225 justo
1393 1142 1565 1225 discrepat.

391 1253 476 1319 Cum
497 1274 577 1320 vero
600 1254 635 1319 in
656 1255 717 1320 hac
741 1253 936 1336 quaestione
956 1267 1069 1318 contra
1089 1272 1124 1317 se
1145 1272 1210 1316 rem
1235 1252 1354 1318 habere
1377 1253 1567 1319 certissimis

389 1364 576 1432 rationibus
594 1366 659 1450 jam
681 1379 758 1431 ante
781 1365 1029 1446 comprobatum
1053 1362 1120 1444 sit,
1144 1381 1277 1428 necesse
1299 1379 1349 1428 est
1374 1363 1461 1429 illam
1485 1383 1566 1446 qua-

391 1477 588 1559 lemcunque
623 1476 873 1559 conceptionem
904 1475 999 1541 velut
1025 1474 1193 1541 subtracto
1212 1472 1428 1539 fundamento
1451 1474 1566 1540 dilabi.

391 1587 519 1654 Contra
551 1585 637 1654 enim
670 1585 877 1654 verissimum
912 1601 962 1652 est
994 1586 1099 1652 nullas
1134 1583 1201 1650 fere
1234 1585 1462 1668 possessiones
1496 1605 1565 1651 esse

390 1697 618 1779 antiquiores,
643 1717 739 1780 quam
764 1717 849 1780 quae
879 1718 919 1762 ex
942 1697 1029 1762 bello
1060 1698 1291 1775 obvenerunt,
1315 1712 1348 1761 et
1370 1697 1404 1762 in
1427 1696 1479 1762 his
1500 1696 1565 1762 fere

391 1807 539 1892 gentium
563 1809 710 1876 omnium
733 1808 942 1874 securitatem
964 1807 1168 1889 consistere,
1192 1823 1230 1872 ut
1248 1807 1282 1872 in
1302 1805 1434 1875 Officiis
1447 1813 1455 1846 ¹
1470 1807 1565 1874 etiam

392 1918 530 1987 Tullius
561 1921 775 1986 demonstrat.
830 1920 947 2001 Itaque
979 1938 1075 2002 saepe
1110 1920 1196 2001 apud
1228 1935 1378 1985 auctores
1400 1920 1566 2000 occurrit,

388 2033 477 2116 juste
509 2031 672 2114 possideri
699 2030 865 2112 quidquid
896 2030 994 2096 armis
1025 2030 1068 2095 sit
1099 2045 1230 2113 captum
1263 2032 1304 2096 ab
1338 2031 1508 2098 hostibus:
1532 2032 1566 2096 id

388 2144 481 2226 justo
503 2142 628 2222 titulo,
653 2141 687 2206 id
707 2143 796 2226 Justa
819 2161 916 2208 causa
938 2141 980 2206 ad
1001 2159 1208 2208 successores
1228 2141 1417 2208 transmitti.
1466 2143 1567 2230 Quod

392 2251 500 2336 ipsum
522 2267 557 2318 et
576 2241 718 2318 Romani
744 2254 785 2318 ad
808 2254 988 2319 Auruncos
1011 2253 1052 2318 de
1076 2271 1152 2337 agro
1174 2253 1410 2318 Ecetranorum
1432 2273 1566 2336 respon·

392 2364 532 2445 derunt3
568 2363 627 2444 qui
660 2378 692 2428 et
714 2363 849 2429 Volscis
881 2363 992 2428 dixere
1021 2382 1088 2428 non
1110 2363 1219 2429 minus
1241 2365 1320 2430 haec
1344 2379 1454 2430 nostra
1473 2384 1565 2445 esse,

392 2495 490 2557 quarn
510 2494 594 2556 quae
617 2474 705 2540 dono
729 2473 931 2557 accepimus:
956 2475 1020 2539 hoc
1043 2472 1128 2540 forte
1150 2473 1284 2556 intuiti,
1305 2477 1397 2556 quod
1417 2475 1477 2557 qui
1491 2476 1565 2540 belii

392 2588 492 2654 altam
528 2585 694 2668 utrimque
731 2587 877 2652 subeunt
908 2584 953 2650 ita
987 2585 1082 2667 quasi
1118 2586 1307 2652 contrahere
1329 2586 1504 2663 videntur,
1529 2601 1567 2651 ut

391 2712 485 2779 capta
518 2697 636 2766 cedant
667 2695 899 2779 capientibus,
932 2716 992 2762 nec
1015 2697 1060 2762 sit
1081 2695 1232 2778 iniquum
1257 2717 1331 2762 eum
1355 2697 1414 2779 qui
1436 2697 1566 2764 vincere

394 2808 564 2890 voluerit,
598 2809 627 2874 si
659 2822 774 2874 contra
805 2807 984 2890 ceciderit,
1007 2807 1089 2874 victi
1112 2807 1195 2873 ferre
1217 2806 1395 2874 fortunam.
1440 2808 1566 2891 Operae

391 2918 533 3002 pretium
565 2933 615 2984 est
647 2919 717 3003 ipsa
740 2939 824 3002 quae
848 2921 931 2986 hanc
959 2919 991 2984 in
1015 2939 1081 2984 rem
1105 2934 1242 3002 usurpat
1264 2919 1450 3004 Dionysius
1471 2919 1566 2985 Hali-

392 3049 584 3098 carnasseus
613 3028 625 3066 ²
654 3031 755 3097 verba
786 3030 991 3097 describere:
1026 3031 1061 3094 in
1092 3030 1242 3098 oratione
1266 3030 1339 3096 Titi
1364 3030 1501 3116 Largii,
1522 3031 1565 3100 ότι

390 3149 525 3224 Ῥωμαῖοι
554 3147 720 3219 καλλίστας
743 3145 995 3226 ὑπολαμβάνομεν
1026 3148 1141 3222 κτήσεις
1172 3143 1243 3211 εἶναι
1276 3145 1327 3212 καὶ
1360 3144 1565 3218 arietariam,

390 3251 428 3328 de
450 3257 487 3323 aa
509 3258 711 3338 κασόσχωμεν
737 3257 856 3338 πολέμῳ
880 3256 1023 3336 λαβόντες
1043 3256 1094 3322 καὶ
1117 3256 1213 3338 νόμῳ,
1237 3257 1287 3322 arai
1308 3261 1359 3322 οὐκ
1389 3254 1426 3321 deu
1448 3255 1566 3334 ὑπομεί-

391 3391 493 3445 ναιμεν
523 3369 619 3450 μωρίᾳ
651 3367 704 3441 τὴν
732 3369 835 3448 aperta
863 3367 1029 3451 όφανόσαι,
1061 3367 1238 3449 παραδόντες
1258 3369 1338 3434 αὐτόν
1368 3374 1427 3439 τοῖς
1447 3368 1565 3431 dautu-

392 3477 502 3560 aradar·
532 3477 705 3552 κοινωνητέον
725 3502 759 3543 τε
781 3480 856 3544 adar
877 3477 927 3542 aui
950 3487 1009 3551 τοῖς
1032 3479 1066 3544 ἐκ
1084 3479 1191 3545 τούτων
1212 3479 1371 3558 γενομένοις
1393 3485 1568 3542 καταλιπεῖν

392 3588 602 3667 οὶνανιοόμεόα.
636 3593 684 3652 νῦν
709 3589 740 3654 δὲ
770 3588 956 3670 ὑπαρχόντων
986 3590 1037 3664 ἤδη
1068 3587 1265 3670 στερησόμεθα
1293 3589 1343 3654 καὶ
1370 3590 1489 3660 ἑαυτοὺς
1509 3583 1565 3652 dau

392 3699 547 3777 πολεμίους
569 3697 749 3781 &addaram
785 3696 931 3761 Romani
953 3698 1196 3762 honestissimas
1216 3697 1489 3782 justinianusque
1510 3715 1565 3758 eat

393 3806 558 3874 credimus
573 3813 808 3893 possessiones,
834 3829 917 3893 quas
940 3808 1019 3873 belli
1042 3808 1111 3895 lege
1129 3822 1247 3893 captat
1265 3808 1443 3888 habemus,
1464 3826 1566 3890 aeque

393 3938 470 3986 νσνο
494 3918 611 3984 iudaei
628 3932 824 4004 possumus,
848 3934 886 3984 ut
910 3920 1018 3985 stulta
1033 3919 1213 4004 facilitate
1235 3919 1400 3986 deleamus
1422 3921 1564 3985 uirtutis

394 4030 618 4108 monimenta,
651 4028 762 4094 eadem
792 4029 864 4096 illis
895 4029 1091 4111 reddentes,
1115 4031 1234 4116 quibus
1257 4030 1355 4095 semel
1374 4033 1565 4114 perierunt.

396 4133 464 4220 Qui
486 4158 563 4224 ergo
586 4142 624 4203 ia
646 4142 704 4204 huc
726 4146 890 4207 communi
913 4157 969 4228 ope
990 4140 1188 4208 certandum
1211 4140 1401 4221 credimus,
1426 4154 1464 4204 ut
1480 4140 1565 4224 ejus·

393 4249 482 4314 medi
505 4248 661 4333 plurima
695 4251 743 4318 ad
769 4267 918 4338 posteros
946 4253 1220 4338 transferamus,
1244 4273 1331 4318 aune
1353 4273 1439 4338 quae
1456 4263 1565 4338 parta

427 4496 435 4528 ¹
453 4495 499 4543 lib.
518 4510 539 4544 ν.
573 4494 584 4529 ²
601 4497 646 4544 lib.
664 4497 688 4545 6.
708 4497 746 4557 [p.
765 4497 822 4558 369.
837 4511 875 4547 vs.
894 4498 948 4558 27.]
