3552 5654
531 673 578 720 nu
600 673 694 740 June
721 671 906 720 annnonn.
934 671 1016 718 cnr.
1040 673 1124 720 v111.
1262 691 1266 701 x
1373 656 1414 735 89

239 828 387 912 privatus
417 846 554 910 poenam
585 827 696 895 delicti
726 842 877 909 expetere
900 826 1015 910 possit.
1061 827 1148 894 Cum
1169 827 1254 894 enim
1275 828 1413 895 doceant

240 939 388 1023 plerique
408 939 566 1023 puniendi
586 954 779 1023 potestatem
800 937 868 1004 soli·
880 937 1078 1021 reipublicae
1098 959 1301 1023 concessam,
1326 941 1413 1008 unde

240 1066 272 1117 et
294 1051 427 1134 publica
444 1051 568 1137 judicia
596 1051 772 1131 dicuntur,
795 1049 900 1118 videri
927 1065 1037 1134 potest
1060 1051 1187 1134 privata
1206 1072 1321 1119 manus
1344 1072 1414 1118 orn·

239 1162 319 1228 nino
343 1163 483 1230 excludi.
529 1163 595 1228 Sed
614 1165 678 1229 hoc
701 1162 906 1228 commodius
928 1162 1073 1245 expediri
1096 1182 1162 1229 non
1183 1178 1292 1246 potest
1315 1183 1416 1245 quarn.

240 1272 269 1338 si
295 1274 486 1356 videamus,
508 1274 590 1357 quid
609 1274 739 1341 licuerit
760 1272 941 1355 unicuique
965 1289 1038 1340 ante
1062 1273 1262 1357 respublicas
1284 1274 1414 1341 ordina·

240 1399 303 1450 tas.
360 1387 539 1469 Imperator
566 1405 644 1452 sane
678 1384 890 1453 Theodosius
921 1387 954 1451 in
985 1406 1023 1452 ea
1051 1386 1146 1470 lege,
1180 1387 1275 1471 cujus
1305 1386 1413 1452 verbis

242 1497 343 1578 paulo
366 1511 458 1563 antea
480 1497 652 1563 utebamur
673 1501 707 1578 ²,
731 1517 804 1563 cunr
831 1497 1030 1581 judiciorum
1054 1496 1200 1564 ordinem
1221 1496 1343 1564 idcirco
1364 1497 1414 1562 in-

244 1605 396 1673 stitutum
431 1607 533 1689 dicit,
566 1627 608 1674 ne
635 1595 699 1676 sibi
728 1609 870 1690 quisque
905 1607 1063 1674 ultionem
1095 1607 1316 1690 permitteret,
1350 1609 1414 1673 hoc

243 1718 363 1784 sentire
393 1719 547 1801 videtur,
579 1719 771 1812 priusquam
798 1719 853 1785 ille
872 1719 952 1785 ordo
974 1718 1145 1786 institutus
1167 1718 1256 1799 fuit,
1279 1718 1415 1802 permis-

242 1849 308 1897 sam
338 1830 478 1914 singulis
507 1830 685 1898 vindictam
719 1829 831 1898 fuisse.
885 1829 951 1896 Sed
982 1831 1045 1896 hoc
1075 1829 1305 1911 immutatum,
1337 1829 1415 1912 quia

243 1956 299 2007 aut
316 1941 368 2007 sui
392 1961 499 2008 amore
521 1956 577 2007 aut
597 1941 730 2008 alterius
751 1941 829 2007 odio
847 1941 965 2008 modus
984 1939 1077 2006 iacile
1097 1940 1330 2006 excedebatur:
1354 1961 1414 2008 nec

241 2054 346 2118 multo
376 2052 541 2119 diversum
571 2053 626 2119 hic
657 2052 825 2134 obtinere,
862 2071 958 2134 quam
990 2051 1023 2116 in
1050 2051 1097 2116 rei
1128 2050 1351 2117 vindicatione
1382 2067 1416 2118 et

243 2164 411 2230 exactione
441 2163 566 2245 debiti,
597 2183 681 2247 quae
711 2183 785 2230 cum
813 2162 891 2229 olim
921 2182 980 2246 per
1008 2182 1043 2228 se
1063 2162 1206 2244 quisquc
1230 2163 1414 2247 expediret,

240 2275 384 2342 vitandis
415 2295 500 2358 quae
532 2274 607 2342 inde
640 2289 820 2341 nascuntur
850 2273 1029 2357 periculis,
1061 2272 1185 2358 judicia
1207 2274 1318 2339 haberi
1338 2295 1413 2340 coe·

241 2406 331 2469 pere.
376 2385 552 2451 Lucretius
573 2386 585 2422 ¹
607 2386 740 2468 quidem
762 2388 845 2452 clare
865 2385 945 2450 satis
965 2386 1028 2450 hoc
1049 2384 1155 2467 ipsum
1175 2384 1349 2467 expressit:

307 2494 434 2561 Acrius
456 2515 497 2561 ex
521 2500 578 2560 ira
601 2496 690 2582 quod
709 2499 794 2560 enim
817 2515 849 2560 se
871 2500 1008 2582 quisque
1024 2495 1177 2582 parabat

309 2606 456 2687 Ulcisei,
479 2627 579 2693 quam
603 2628 689 2671 nunc
711 2627 892 2672 concessum
915 2619 962 2671 est
986 2605 1112 2694 legibus
1135 2609 1270 2691 aequis,

307 2717 406 2782 Hanc
430 2716 466 2781 ob
490 2737 558 2780 rem
582 2731 629 2781 est
648 2719 791 2781 homines
808 2730 999 2802 pertaesum
1021 2720 1057 2784 ve'
1079 2716 1184 2781 colere
1206 2737 1334 2784 aevum.

288 2827 334 2893 Et
357 2827 426 2910 ipse
459 2827 578 2892 Cicero
599 2827 633 2909 ³,
670 2847 766 2909 quem
798 2841 837 2893 ut
860 2827 960 2894 video
990 2828 1218 2911 theologorum
1247 2842 1413 2910 praestan-

241 2937 358 3006 tissimi
379 2939 439 3004 hac
463 2937 496 3004 in
519 2952 610 3020 parte
631 2957 697 3003 non
718 2940 872 3022 culpant,
897 2957 970 3003 cum
988 2938 1267 3022 Jusnaturaeesse
1280 2937 1414 3005 dixisset

242 3048 277 3115 id
306 3049 397 3132 quod
425 3048 521 3115 nobis
551 3068 618 3116 non
653 3049 786 3133 opini0,
832 3050 890 3114 sed
920 3049 1028 3115 innata
1060 3046 1112 3115 vis
1154 3047 1285 3129 afferat,
1331 3048 1416 3114 inter

242 3161 314 3246 ejus
347 3162 492 3244 exempla
522 3160 637 3228 statuit
664 3159 943 3241 vindicationem,
974 3179 1070 3242 quam
1102 3160 1221 3245 gratiae
1253 3159 1412 3243 opponit:

242 3292 278 3337 ac
301 3291 342 3339 ne
363 3271 445 3354 ·quis
476 3271 672 3356 ambigeret,
707 3287 865 3354 quantum
889 3291 927 3336 eo
950 3271 1081 3336 nomine
1099 3271 1232 3338 deberet
1252 3270 1413 3354 intelligi,

242 3383 359 3450 definit
380 3381 658 3464 vindicationem,
676 3397 740 3469 per
762 3404 862 3469 quam
882 3385 949 3450 vim
971 3396 1032 3447 aut
1051 3382 1282 3447 contumeliam
1303 3381 1414 3467 defen·

241 3494 344 3561 dendo
376 3507 438 3558 aas
470 3493 652 3560 ulciscendo
673 3494 909 3580 propulsamus
931 3514 953 3557 a
975 3492 1066 3558 nobis
1086 3505 1118 3558 et
1140 3514 1162 3557 a
1185 3495 1331 3573 nostris,
1355 3497 1415 3578 qui

242 3604 332 3669 nobis
352 3609 429 3670 cari
451 3625 514 3669 esse
532 3603 670 3685 debent,
689 3618 720 3668 et
734 3618 798 3690 per
820 3624 921 3689 quam
939 3617 1079 3690 peccata
1097 3606 1265 3689 punientes.
1293 3603 1414 3668 Civilis

243 3715 330 3799 apud
352 3713 507 3781 Tacitum
529 3717 560 3779 ⁴:
580 3715 671 3802 Jure
689 3719 854 3801 gentium,
877 3713 1000 3795 inquit,
1019 3728 1141 3800 poenas
1160 3728 1297 3800 reposco.
1321 3714 1413 3801 Quin

243 3825 327 3892 etin
355 3844 444 3891 sacra
472 3824 637 3890 historia¹
662 3825 799 3891 Samson
827 3827 986 3888 insontem
1016 3844 1047 3889 se
1067 3824 1275 3906 pronuntiat,
1299 3828 1328 3889 se'
1345 3825 1413 3889 Pa-

245 3935 421 4016 laestinos,
455 3939 514 4022 qm·
535 3955 567 4000 se
587 3934 675 3999 malo
698 3932 882 4020 affecerant
901 3934 1051 4019 conjugio
1070 3937 1269 4019 intercepto,
1293 3954 1413 3999 rursus

243 4046 328 4111 malo
350 4047 515 4132 afficeret:
540 4059 573 4110 et
593 4064 670 4111 mox
693 4058 854 4127 peractam
874 4043 1031 4109 ultionem
1052 4044 1113 4108 hac
1132 4043 1257 4118 ratione
1277 4059 1412 4126 tuetur,

275 4387 283 4421 ¹
303 4389 359 4438 dl.
377 4391 471 4438 nullus.
488 4390 518 4437 C.
536 4391 567 4437 de
582 4387 692 4453 Judaeis.
712 4388 754 4451 [C.
774 4401 796 4437 1.
813 4401 837 4450 9.
848 4387 898 4449 14]
933 4384 944 4418 ²
961 4389 979 4436 l.
996 4399 1019 4443 5·
1040 4383 1090 4450 [vs.
1107 4397 1178 4446 1147·
1195 4385 1264 4451 sqq.]
1299 4385 1310 4418 ⁸
1327 4389 1410 4438 dein·

242 4490 311 4528 vent.
325 4481 341 4526 l.
363 4493 386 4528 a.
405 4479 441 4542 [c.
462 4492 501 4537 ⁵³·
517 4483 538 4540 ξ.
557 4478 624 4544 idn]
645 4480 735 4528 Thom.
755 4492 777 4527 a.
793 4491 817 4528 a.
832 4493 858 4538 q.
875 4481 931 4527 108.
949 4489 996 4527 art.
1014 4491 1036 4527 a.
1051 4488 1076 4526 et
1092 4491 1115 4526 o.
1131 4491 1154 4526 a.
1168 4490 1192 4537 q.
1213 4481 1322 4535 asban.
1342 4493 1363 4530 1.
1379 4485 1411 4531 ad

242 4580 299 4618 tert.
334 4568 654 4636 ⁴}1nsor.1.4.[c.³2.]
689 4569 960 4634 ‘Jud.15.3.etrr.
1106 4567 1108 4572 '
