3552 5654
558 627 605 675 DE
631 629 723 696 JURE
749 627 931 676 PRAEDAE.
956 626 1034 674 CAP.
1058 625 1122 674 vll.
1381 623 1424 690 75

251 781 355 865 juriae
385 797 549 850 auctorem
583 784 813 867 rempublicam
846 797 902 849 aut
930 782 1152 867 magistratum
1171 795 1380 865 propugnant
1402 791 1424 846 ¹.

252 895 340 982 Quia
369 894 494 962 scilicet
522 894 609 980 leges
639 893 808 962 inferiores
838 911 876 961 ut
902 893 1038 978 septima
1068 909 1102 960 et
1132 892 1324 975 undecima,
1349 875 1423 957 cum

253 1027 293 1072 ex
324 1007 436 1090 regula
466 1005 560 1072 tertia
592 1020 625 1070 et
651 1020 766 1088 quarta
790 1007 957 1088 oriantur,
984 1007 1145 1089 praelatae
1168 1023 1224 1070 sex
1246 1003 1422 1086 primarum

253 1116 375 1199 alicui,
408 1136 492 1198 quae
524 1131 602 1181 sunt
622 1115 769 1182 Naturae
792 1132 824 1182 et
846 1113 1006 1185 Gentium
1025 1118 1137 1202 leges,
1161 1135 1201 1181 ex
1223 1115 1336 1200 regula
1358 1113 1422 1180 sci·

253 1229 331 1294 licet
353 1227 455 1312 prima
478 1242 511 1292 et
533 1229 696 1310 secunda,
730 1247 797 1294 non
821 1229 876 1312 jus
899 1226 1027 1292 faciunt
1045 1228 1102 1294 sed
1124 1215 1275 1311 injuriam
1299 1221 1323 1291 ¹.
1358 1223 1423 1290 His

254 1339 444 1405 constitutis
455 1340 588 1423 justum
615 1352 663 1403 est
686 1338 805 1403 bellum
828 1341 901 1421 his,
925 1341 984 1424 qui
1005 1331 1198 1406 voluntario
1215 1349 1363 1424 gerunt,
1386 1339 1423 1400 in
1435 1329 1512 1430 222¹·
1522 1328 1568 1430 ff·

254 1449 400 1538 singulos
431 1463 462 1514 et
490 1453 527 1515 in
561 1464 688 1536 remp,
711 1453 770 1534 qui
799 1469 923 1534 quaere
953 1451 1087 1534 cujusve
1117 1451 1339 1534 magistratus
1371 1450 1423 1511 in·
1505 1533 1511 1544 Ι

245 1561 381 1650 juria'm
397 1558 586 1645 fecerunt⁸
609 1573 640 1624 et
663 1563 699 1625 in
722 1575 853 1647 remp,
876 1548 961 1645 quae
975 1562 1075 1628 civem
1093 1547 1423 1643 injuriaeauctorem

253 1683 371 1735 tuetur
409 1674 509 1756 inque
540 1689 651 1736 corum
687 1673 853 1754 omnium,
886 1674 945 1756 qui
975 1673 1140 1754 injuriam
1162 1670 1323 1754 faciunt,
1356 1687 1422 1753 qua

252 1783 336 1853 tales
365 1795 467 1865 sunt,
499 1785 598 1846 socios
627 1795 658 1846 et
687 1781 847 1847 subditos.
893 1781 1028 1864 Proprie
1056 1797 1093 1847 ut
1115 1780 1258 1847 diximus
1279 1780 1334 1864 jus
1349 1797 1423 1845 -non

252 1908 417 1976 spectatur
450 1891 484 1957 in
517 1891 724 1960 subditorun
757 1891 965 1973 actionibus,
1011 1908 1174 1976 quatenus
1208 1891 1261 1958 isti
1295 1890 1424 1956 scilicet

252 2004 367 2089 agendi
399 2003 597 2087 principium
620 2024 639 2068 a
659 2024 695 2069 se
726 2023 793 2070 non
814 2005 947 2071 habent.
995 1993 1188 2088 Subjcctum
1207 2002 1292 2067 enim
1315 2000 1421 2086 juris,

253 2129 291 2182 ut
313 2131 386 2181 ante
396 2115 649 2200 attigimus,est
660 2117 837 2198 voluntas,
862 2135 946 2198 quae
969 2135 988 2180 a
1009 2114 1145 2181 rationis
1166 2112 1422 2196 apprehensione

252 2227 423 2311 dirigitur,
454 2224 619 2310 theologis
653 2226 749 2292 etiam
768 2227 969 2293 auctoribus.
1014 2226 1233 2291 Instrumenta
1256 2238 1360 2288 autern
1382 2241 1422 2286 ex

252 2337 357 2404 aliena
379 2351 480 2422 agunt
510 2340 692 2403 voluntate.
739 2339 804 2404 Sed
824 2337 1003 2404 notandum
1024 2335 1199 2414 subditos,
1223 2352 1420 2416 quamquam

252 2445 465 2514 instrumenta
475 2462 565 2524 sunt,
578 2466 647 2514 esse
659 2462 765 2514 tamen
776 2447 943 2528 homines,
956 2430 1104 2514 homines
1116 2460 1223 2512 autem
1236 2444 1298 2510 nisi
1312 2460 1352 2510 ert
1363 2461 1421 2510 sua

250 2557 421 2624 voluntate
432 2576 498 2623 non
511 2572 633 2643 agunt,
651 2573 741 2623 extra
752 2559 897 2626 actiones
907 2557 1034 2624 scilicet
1045 2559 1218 2624 naturales.
1242 2554 1421 2644 Quomodo

250 2661 354 2752 igitur
375 2669 437 2736 ista
459 2667 734 2735 conciliabimus?
779 2669 854 2734 Hoc
876 2669 974 2734 modo
994 2683 1032 2735 ut
1049 2668 1195 2734 dicamus
1213 2666 1419 2732 subditorum
1432 2693 1502 2740 Nm
1516 2691 1554 2740 a,

251 2780 453 2866 voluntatem
476 2777 543 2864 regi
564 2780 604 2844 ab
627 2779 855 2863 imperantium
878 2780 1067 2857 voluntate,
1092 2777 1204 2861 (quod
1224 2745 1542 2842 instrumen-‘¹⁴'⁶⁸⁸'‘

250 2890 293 2956 tis
322 2889 496 2976 convenit)
522 2889 567 2955 ita
601 2904 706 2955 tamen
733 2903 771 2954 ut
791 2889 874 2956 ratio
894 2908 961 2955 non
982 2903 1162 2974 repugnet:
1189 2888 1290 2969 idque
1312 2887 1419 2970 ipsum

251 3001 492 3084 quodammodo
511 3000 636 3086 justum
661 3020 743 3068 esse.
788 3001 984 3083 Exemplum
997 3000 1041 3068 sit
1052 2999 1221 3084 inservis,
1245 2998 1420 3081 dequibus

250 3116 353 3179 multa
383 3111 580 3179 Aristoteles
600 3114 621 3178 ⁴.
666 3111 753 3176 Nam
786 3131 860 3177 cum
893 3112 948 3178 alii
978 3132 1106 3178 omnem
1131 3110 1286 3178 virtutem
1321 3097 1419 3193 atque

250 3225 330 3290 adeo
350 3223 514 3311 justitiam
538 3241 634 3290 servo
658 3223 840 3306 eriperent,
863 3223 918 3288 alii
943 3224 1086 3289 eamdem
1107 3223 1310 3305 tribuerent,
1335 3241 1419 3305 quae
1461 3288 1465 3296 ,

250 3335 284 3402 in
305 3335 410 3401 libero
441 3333 573 3400 homine
604 3349 675 3416 est,
711 3334 855 3419 egregrie
879 3333 1054 3419 distinguit
1074 3335 1320 3418 philosophus,
1341 3353 1418 3400 cum

251 3445 332 3512 dicit
354 3464 420 3511 non
451 3444 628 3528 perfectam
653 3445 686 3511 in
707 3465 802 3512 servo
826 3446 1024 3530 desiderari,
1047 3446 1135 3511 sicut
1157 3446 1190 3511 in
1214 3445 1334 3526 coqui
1358 3446 1420 3510 im-

249 3573 364 3641 perat,
395 3557 454 3622 sed
488 3577 556 3623 eam
587 3576 671 3639 quae
703 3557 744 3621 ad
776 3577 857 3623 usus
891 3558 1026 3624 serviles
1047 3556 1225 3624 necessaria
1245 3571 1311 3622 est:
1335 3556 1418 3620 hanc

251 3684 357 3733 autem
379 3687 512 3750 parvam
541 3686 621 3733 esse.
667 3666 753 3733 Cum
775 3666 860 3732 enim
880 3687 996 3734 servus
1017 3667 1152 3732 rationis
1175 3666 1219 3734 sit
1238 3666 1418 3750 particeps,

248 3796 315 3844 non
349 3798 445 3862 posse
477 3797 550 3842 eum
581 3777 669 3842 omni
701 3778 825 3844 virtute
857 3777 1012 3859 spoliari,
1046 3797 1154 3860 neque
1183 3797 1263 3843 vero
1293 3779 1417 3844 homini

248 3887 352 3954 libero
374 3887 567 3970 adaequari,
591 3906 664 3952 cum
695 3905 762 3953 non
795 3886 914 3952 habeat
945 3892 978 3955 τὸ
1002 3891 1205 3970 βουλευτικόν,
1228 3891 1294 3955 uim
1316 3889 1418 3954 libere

248 3997 469 4065 deliberandi.
499 3998 619 4064 Partim
639 3997 758 4084 igitur,
782 4012 820 4063 ut
839 3997 947 4063 dicere
966 3999 1124 4082 occoepi,
1147 3999 1272 4065 ratione
1291 4000 1417 4077 utitur,

250 4213 440 4226 ——-—

281 4327 289 4360 ¹
307 4330 366 4379 Vid.
386 4332 477 4380 Thom.
496 4345 519 4380 a.
537 4346 561 4380 2.
578 4343 603 4392 q.
624 4346 679 4394 104.
697 4345 742 4382 art.
756 4346 779 4390 5.
797 4335 872 4394 Vasq.
888 4347 910 4382 c.
928 4348 950 4382 2.
966 4346 991 4382 et
1009 4348 1031 4382 c.
1050 4335 1090 4383 26.
1106 4348 1131 4383 n.
1153 4347 1192 4396 29.
1226 4331 1286 4382 'ex
1304 4337 1359 4394 lege
1377 4347 1416 4393 13.

247 4417 258 4451 ³
276 4421 306 4465 V.
320 4421 418 4469 Platon.
436 4422 522 4470 Alcib.
543 4437 564 4472 1.
598 4421 609 4453 ⁴
626 4425 658 4472 de
672 4438 726 4485 rep.
744 4426 761 4472 l.
783 4439 803 4474 1.
819 4439 841 4474 c.
860 4428 904 4474 ult.
922 4439 969 4486 per
985 4437 1076 4474 torum.
1094 4437 1118 4474 et
1137 4427 1168 4474 de
1183 4439 1246 4474 mor.
1265 4427 1295 4474 ad
1312 4426 1415 4476 Nicom.

247 4511 264 4556 l.
284 4512 307 4556 8.
322 4523 345 4558 c,
367 4524 403 4559 ια.
423 4511 461 4572 [p.
482 4514 553 4562 1160.
572 4528 595 4562 a.
616 4527 653 4564 vs.
672 4516 726 4577 ao]
1363 4502 1365 4506 ’
