3510 5710
840 692 1046 736 DOCUMENTA.

905 869 970 967 V.

652 1099 807 1157 Emsronn
830 1097 972 1159 scurrus
994 1099 1229 1160 Mnnsccrusrs.

779 1204 817 1261 A.
841 1200 926 1274 1603,
947 1203 1056 1261 Maur.
1077 1220 1107 1276 9.

840 1381 1033 1392 -—---..-.

394 1501 463 1559 Mos
495 1513 538 1561 est
560 1515 658 1576 regum
679 1513 709 1560 ct
730 1501 899 1576 Principum
921 1513 955 1560 ut
976 1501 1053 1559 inter
1074 1517 1103 1560 se
1124 1499 1325 1561 voluntatibus
1345 1512 1375 1559 et
1396 1503 1526 1560 consiliis

354 1603 541 1675 dissentiant,
562 1604 639 1664 unde
660 1604 842 1664 subditorum
863 1621 985 1678 corpora
996 1617 1025 1663 et
1035 1605 1111 1662 bona
1122 1603 1277 1678 plurimum
1289 1601 1384 1663 damni
1396 1607 1525 1681 capiunt.

355 1709 485 1766 Fortuna
506 1721 536 1767 et
557 1721 669 1783 tempus
700 1709 849 1783 praefecto
878 1719 977 1766 vestro
1008 1707 1081 1766 favit
1100 1720 1130 1767 et
1151 1711 1256 1766 laetum
1278 1709 1304 1766 el
1325 1708 1360 1767 ad
1381 1707 1429 1767 has
1460 1727 1525 1767 oras

353 1816 410 1873 iter
431 1831 549 1887 parans,
570 1830 670 1871 navem
692 1814 850 1870 Macadnte
870 1813 1035 1870 venientem
1057 1811 1087 1868 in
1108 1828 1206 1869 manus
1228 1807 1363 1870 tradidit:
1385 1811 1433 1870 sed
1454 1813 1525 1870 haec

352 1917 479 1976 obscuro
512 1928 541 1975 et
573 1916 725 1989 incognito
757 1915 840 1972 uobis
871 1915 926 1972 Dei
959 1912 1081 1972 arbitrio
1111 1915 1309 1988 contigerunt.
1351 1915 1410 1973 Has
1440 1916 1525 1973 vobis

352 2022 479 2080 lautitias
511 2018 590 2077 dono
620 2020 778 2087 mittimus,
808 2029 842 2077 ut
871 2019 997 2075 animum
1027 2029 1139 2090 gratum
1161 2029 1300 2076 testemur
1321 2018 1359 2076 ob
1381 2035 1429 2089 ea,
1450 2036 1525 2093 quae

352 2135 382 2182 et
404 2124 565 2198 praefectus
596 2134 691 2181 vester
712 2134 741 2180 et
762 2139 813 2180 vos
845 2122 900 2196 ipsi
931 2121 1079 2180 Lusitanis
1106 2122 1202 2179 verbis
1224 2121 1366 2194 polliciti,
1387 2139 1418 2180 re
1439 2120 1524 2180 fidem

353 2229 502 2286 servastis:
524 2227 608 2300 hujus
629 2227 705 2285 enim
726 2225 860 2284 beneficii
882 2226 1018 2282 memoria
1039 2226 1121 2283 nobis
1133 2242 1243 2298 semper
1254 2241 1385 2298 praesens
1396 2226 1524 2284 manebit

285 2331 287 2336 ’
352 2343 382 2390 et
403 2332 506 2400 faciet,
527 2342 561 2390 ut
582 2331 605 2388 si
627 2328 747 2404 quando
769 2331 826 2387 tale
847 2327 917 2403 quid
940 2330 1115 2402 contigerit,
1136 2345 1188 2386 nos
1198 2329 1282 2387 vobis
1294 2327 1369 2387 idem
1381 2341 1525 2403 praestare

353 2436 484 2492 velimus.
527 2436 607 2492 Haec
628 2450 706 2492 nunc
728 2431 843 2506 quidem
865 2430 1016 2490 sufficiant.
1057 2433 1135 2490 Deus
1156 2433 1338 2504 omnipotens
1360 2450 1412 2490 vos
1430 2436 1523 2490 salvos

352 2539 437 2597 faxit.
479 2539 610 2611 Scriptae
641 2538 671 2595 in
705 2537 811 2606 Curia,
843 2541 924 2593 ame
957 2535 1048 2593 Paulo
1079 2533 1233 2593 Mendesio
1254 2535 1392 2606 Varceia,
1413 2537 1524 2607 scriba,

351 2641 380 2700 d.
400 2659 431 2716 9.
451 2659 489 2700 rn.
510 2642 634 2711 Martii,
654 2657 730 2698 anno
754 2641 846 2711 1603,
867 2640 1027 2697 Malaccae.

759 2743 873 2817 Ruglos
896 2742 1087 2811 Frammanis‚
1109 2739 1238 2800 Andreas
1261 2739 1442 2812 Fernandes,

740 2847 916 2920 Dommingo
938 2844 974 2903 de
995 2845 1117 2916 Monte,
1139 2845 1217 2903 Isaac
1239 2843 1275 2902 de
1296 2846 1444 2919 Gusgago.

396 2949 571 3029 (Inscriptio
602 2950 687 3024 hujus
718 2951 856 3024 epistolae
886 2961 967 3007 erat:
995 2959 1121 3022 quatuor
1143 2947 1312 3019 Hollandis,
1332 2950 1384 3021 qui
1404 2947 1526 3008 comites

353 3056 472 3114 fuerunt
493 3055 657 3114 Lusitanis:
679 3071 751 3128 quos
773 3055 851 3113 Deus
872 3055 964 3110 salvos
985 3049 1090 3130 faxit).

839 3236 1034 3246 ————-

897 3351 985 3452 VI.

605 3589 759 3647 Emssoun
782 3589 961 3646 Pnnrrncrr
984 3587 1209 3647 Mnunccsusrs
1231 3605 1271 3646 no

645 3693 790 3765 Jnconuu
814 3691 1079 3751 Humsncncmuu.
1100 3707 1172 3751 noo.
1193 3708 1224 3750 u.

835 3873 1021 3884 ....------

391 3994 471 4052 Bella
492 3993 571 4050 varia
592 4003 621 4049 et
643 3990 730 4049 dubia
752 4001 837 4061 sunt,
859 4007 913 4050 nec
934 3991 1084 4064 quisquam
1105 4001 1219 4064 praeter
1241 3989 1334 4048 Deum
1356 3990 1390 4046 iis
1408 3989 1521 4047 exitum

351 4099 476 4157 faustum
497 4098 543 4153 vel
566 4095 724 4152 infaustum
747 4092 814 4151 dare
835 4105 951 4167 potest:
984 4095 1112 4151 homines
1133 4095 1208 4150 enim
1230 4109 1306 4150 mera
1328 4094 1521 4150 instrumenta

349 4214 426 4261 sunt.
468 4200 558 4258 Felici
580 4216 646 4256 casu
668 4197 774 4256 accidit
796 4209 829 4256 ut
851 4199 931 4256 navis
954 4198 1085 4271 inprimis
1107 4181 1245 4271 opulenta
1268 4197 1521 4268 tibioccurreret‚

349 4308 457 4379 repleta
485 4303 691 4360 mercatoribus
721 4301 789 4361 belli
820 4303 925 4375 ignaris
947 4313 976 4358 et
998 4303 1151 4359 mulierum
1173 4319 1207 4359 ac
1229 4317 1385 4375 puerorum
1418 4301 1520 4371 turba,

348 4425 421 4482 quae
444 4409 472 4465 in
496 4408 634 4481 periculis
656 4409 723 4480 plus
744 4407 858 4475 obesse,
879 4423 964 4477 quam
985 4404 1119 4479 prodesse
1141 4408 1223 4462 solet.
1244 4406 1346 4479 Itaque
1362 4417 1394 4463 tu
1406 4405 1520 4476 fruere,

348 4509 584 4585 quandoquidem
617 4510 694 4583 justo
726 4509 804 4567 bello
835 4521 935 4568 nactus
965 4526 1003 4570 es.
1046 4508 1100 4568 Sed
1122 4520 1216 4567 tamen
1237 4526 1320 4582 aegre
1341 4508 1419 4578 fero,
1439 4507 1519 4580 quod
