3546 5654
449 679 451 686 ’
522 711 569 758 ur
593 712 686 779 June
712 711 894 758 nunaunt.
921 713 999 759 car.
1025 715 1074 762 xr.
1329 714 1388 781 179

213 865 465 948 profiterentur,
489 865 580 946 quod
602 866 790 932 nocentium
816 885 917 951 genus
942 879 991 932 est
1013 869 1215 950 pessimum,
1238 865 1389 934 venirent

214 995 308 1060 saepe
328 977 362 1043 in
379 996 496 1054 naves,
520 975 660 1060 benigne
681 977 922 1060 acciperentur,
946 993 1102 1044 vocarent
1119 978 1281 1055 vicissim,
1305 998 1389 1059 quas

214 1086 337 1153 interea
369 1087 594 1171 proditiones,
628 1108 713 1168 quos
746 1088 840 1152 dolos
871 1088 1074 1169 struxerint,
1104 1109 1220 1172 operae
1249 1087 1389 1171 pretium

214 1212 264 1262 est
282 1197 414 1265 referre.
438 1197 643 1263 Rasadauma
662 1213 750 1278 etat,
773 1197 802 1266 is
822 1218 919 1280 quem
940 1198 1031 1279 dixi,
1055 1199 1180 1278 totius,
1200 1213 1238 1263 ut
1257 1198 1389 1279 quidem

212 1323 292 1374 tunc
327 1309 478 1375 Lusitani
511 1308 680 1385 ferebant,
700 1308 801 1393 Javae
824 1308 1021 1378 dominator.
1071 1309 1244 1375 Caeterum
1267 1308 1390 1392 regulis

214 1419 412 1500 obsequium
435 1419 692 1486 detrectantibus
716 1440 790 1485 cum
815 1421 902 1486 bello
922 1419 1151 1502 contenderet,
1176 1438 1242 1484 non
1258 1429 1388 1484 ‘tantum

215 1530 306 1613 regni
329 1549 476 1612 summa,
501 1529 559 1596 sed
583 1545 615 1595 et
638 1529 846 1597 fortunarum
870 1531 1008 1597 maxima
1030 1545 1120 1613 parte
1134 1530 1292 1597 excidisse
1304 1531 1392 1596 dice-

214 1641 322 1708 batur.
367 1641 434 1706 Res
468 1654 517 1705 est
548 1640 699 1707 audaciae
732 1643 826 1723 plena
849 1642 883 1707 in
907 1642 1039 1708 homine
1071 1641 1174 1707 nobili
1206 1656 1390 1724 paupertas.

214 1751 273 1816 Ille
296 1753 407 1833 itaque
437 1771 497 1834 pro
521 1751 609 1816 omni
634 1751 761 1835 jactura
784 1752 851 1816 duo
874 1752 952 1817 haec
974 1767 1100 1818 tantum
1125 1767 1389 1835 comparaverat,
1476 1761 1480 1774 ·

213 1880 375 1928 armorum
398 1861 568 1944 peritiam,
592 1877 715 1943 quanta
735 1863 769 1927 in
790 1863 861 1946 ejus
881 1863 987 1947 gentis
1005 1862 1136 1929 homine
1156 1881 1227 1928 esse
1245 1877 1389 1945 poterat,

214 1957 432 2056 singularem,
468 1987 501 2039 et
524 1973 616 2054 quod
637 1993 725 2039 nunc
749 1973 796 2038 ibi
820 1974 919 2040 rebus
942 1973 1119 2056 desperatis
1141 1974 1294 2040 ultimum
1317 1993 1391 2055 per·

214 2080 344 2166 fugium
366 2097 437 2164 est,
460 2084 695 2150 Lusitanorum
720 2084 928 2150 societatem:
952 2106 970 2149 a
990 2085 1112 2166 quibus
1132 2099 1201 2150 tum
1222 2085 1392 2151 colebatur

214 2193 311 2259 titulo
328 2195 545 2276 Imperatoris.
570 2195 668 2260 Hunc
689 2195 738 2260 illi
759 2210 880 2261 emtum
901 2195 934 2259 in
954 2195 1193 2261 Hollandorum
1214 2194 1390 2277 perniciem

214 2304 404 2370 Bantamum
437 2306 677 2387 perduxerant,
702 2306 760 2370 ubi
792 2320 861 2369 tum
884 2324 984 2372 naves
1012 2321 1102 2371 erant
1125 2305 1317 2385 Batavicae,
1341 2303 1391 2368 in·

215 2429 467 2496 struxerantque
478 2417 610 2496 dolum,
634 2431 672 2481 ut
691 2416 896 2480 Rasadauma
911 2415 1056 2482 invitatis
1076 2416 1117 2480 ad
1135 2417 1247 2497 epulas
1258 2413 1390 2480 navium

215 2525 356 2591 ducibus
371 2545 466 2606 mox,
487 2526 580 2608 quasi
593 2525 722 2592 eosdem
744 2527 937 2607 reduceret,
957 2545 1057 2592 naves
1070 2525 1249 2608 improviso
1263 2525 1388 2607 impetu

214 2635 408 2702 adoriretur.
466 2637 541 2702 Hoc
575 2635 757 2718 praefectus
791 2637 938 2701 Bantanri
985 2636 1056 2702 sive
1099 2635 1254 2718 prodicus
1297 2636 1390 2719 (nam

217 2746 335 2828 pupilli
360 2746 492 2830 cognati
524 2745 656 2811 nornine
678 2765 815 2830 regnum
839 2746 1084 2831 administrat),
1110 2747 1204 2830 cnjus
1228 2745 1390 2812 auxilium

216 2876 284 2921 eam
317 2857 359 2922 ad
389 2876 456 2922 rem
489 2855 642 2922 Lusitani
676 2872 914 2940 poposcerant,
948 2856 1088 2939 primum
1123 2877 1181 2938 per
1215 2856 1390 2936 nuntium,

216 2966 332 3032 deinde
365 2966 481 3051 legatis
504 2989 521 3033 e
545 2967 685 3032 navibus
718 2988 825 3044 coram
860 2967 930 3050 ipse
965 2967 1134 3032 indicavit.
1190 2967 1263 3032 Nec
1295 2985 1390 3032 secus

216 3098 313 3159 quam
345 3079 549 3160 praedixerat
581 3079 700 3144 evenit.
746 3079 932 3145 Invitantur
964 3079 1005 3144 ad
1036 3078 1225 3144 condictum
1258 3077 1390 3143 Batavi:

216 3203 382 3254 excusant.
415 3189 513 3256 Unus
535 3189 770 3256 Lusitanorum
794 3191 910 3256 Petrus
934 3189 1069 3270 Taid0,
1094 3190 1312 3273 gubernator,
1336 3189 1391 3254 dc·

215 3299 347 3366 vinctus
378 3301 515 3368 honesta
547 3300 789 3367 Hollandorum
820 3300 1059 3383 familiaritate,
1095 3301 1152 3367 tali
1176 3299 1316 3366 facinori
1341 3320 1391 3366 as·

214 3430 345 3477 sensum
368 3430 435 3477 non
458 3413 740 3479 commodaverat:
773 3413 860 3478 unde
888 3412 985 3478 veriti
1009 3412 1127 3478 caeteri
1151 3432 1191 3477 ne
1215 3411 1388 3494 perillum

217 3521 314 3587 dolus
345 3522 590 3604 enuntiaretur,
620 3525 768 3606 quinque
790 3543 926 3590 suorum
952 3543 1127 3608 enumero
1151 3524 1307 3604 mittunt,
1332 3522 1390 3603 qui

217 3652 366 3698 securum
400 3633 433 3698 in
466 3633 601 3700 aedibus
625 3634 694 3701 suis
719 3649 751 3699 et
773 3636 858 3700 lecto
882 3634 1067 3699 trucident:
1101 3654 1160 3699 nec
1182 3634 1295 3698 sceleri
1316 3653 1391 3698 suc·

216 3761 329 3808 cessus
361 3741 477 3810 abfuit.
522 3744 635 3825 Atque
669 3745 799 3810 interim
832 3746 921 3810 elusa
953 3743 1065 3809 fraude
1093 3743 1330 3819 Rasadaumam
1351 3741 1392 3807 ad

216 3854 390 3936 parandam
409 3874 519 3920 secum
530 3853 620 3933 vim,
641 3855 924 3935 exornandamque
936 3856 1068 3920 classem
1081 3853 1114 3917 in
1126 3853 1247 3935 oppido
1264 3853 1392 3936 Jacatra

122 3941 131 3957 ⁹
216 3966 409 4031 hortantur:
441 3963 498 4030 sed
525 3965 625 4047 hujus
653 3965 749 4030 etiarn
780 3963 908 4028 consilii
929 3964 1009 4031 ordo
1029 3962 1135 4028 omnis
1153 3983 1210 4045 per
1229 3961 1391 4028 Taidonis

217 4075 339 4142 mortui
366 4074 551 4141 ministrum
580 4072 745 4153 defertur,
770 4073 927 4155 quicum
950 4073 1124 4139 Hollandis
1146 4092 1275 4156 operam
1299 4093 1389 4139 suam

217 4186 417 4268 addixisset,
446 4184 650 4251 aLusitanis
679 4185 713 4250 in
749 4185 874 4268 oppido
905 4185 1062 4250 Bantamo
1090 4205 1148 4266 per
1168 4183 1236 4250 vim
1260 4199 1390 4266 ereptus

218 4309 251 4360 et
280 4294 395 4362 misere
428 4295 643 4363 discruciatus
675 4311 736 4362 est.
782 4295 951 4361 Videbant
984 4295 1052 4361 fere
1075 4295 1227 4360 Lusitani
1250 4315 1284 4360 se
1306 4294 1391 4359 nihil

219 4403 416 4487 effecturos,
439 4407 570 4475 favente
589 4407 719 4474 Batavis
738 4407 875 4490 prodico
902 4407 1125 4474 Bantamensi:
1150 4407 1256 4489 ipsum
1279 4406 1390 4486 itaque

219 4515 304 4582 dolis
339 4531 370 4582 et
404 4518 500 4585 donis
535 4519 783 4604 aggrediuntur:
817 4539 876 4584 nec
912 4518 960 4584 illi
993 4539 1010 4584 a
1043 4517 1267 4600 qualicunque
1298 4519 1390 4583 lucro

1201 4631 1259 4694 12*
