3546 5654
408 664 470 741 258
722 677 768 722 DE
792 677 884 742 JURE
909 677 1092 722 PRAEDAE.
1119 677 1187 723 CAP
1211 677 1277 722 XII·

408 832 530 899 tionem
553 851 625 896 cum
648 831 763 897 exsilio
785 845 842 897 aut
864 829 1013 909 infamia,
1037 831 1212 912 pleraeque
1237 850 1316 896 vero
1338 844 1474 896 mortem
1496 829 1577 896 irro-

410 956 498 1026 gant.
544 943 613 1008 Has
635 942 738 1027 igitur
759 961 879 1025 poenas
903 962 1001 1021 cum,
1025 956 1063 1005 ut
1086 961 1162 1006 mox
1174 940 1341 1020 dicemus,
1352 940 1479 1025 judicio
1493 941 1577 1027 exigi

408 1072 474 1116 non
507 1067 664 1134 possent,
698 1053 793 1118 annis
827 1053 954 1136 exigere
984 1050 1079 1117 licuit
1111 1057 1142 1115 ¹:
1174 1051 1336 1133 siquidem
1368 1067 1400 1117 et
1434 1073 1489 1118 eos
1519 1053 1577 1135 qui

408 1164 486 1229 alias
508 1163 647 1247 subjecti
669 1162 765 1230 nobis
788 1184 853 1228 non
875 1177 974 1244 sunt,
998 1163 1039 1228 ad
1050 1161 1256 1244 punitionem
1272 1177 1481 1245 peccatorum
1494 1184 1578 1245 quae

408 1273 441 1338 in
470 1294 529 1340 nos
564 1274 819 1354 commiserunt,
853 1288 939 1339 recte
970 1274 1057 1339 bello
1080 1273 1147 1356 peti
1170 1273 1426 1340 demonstratum
1449 1289 1522 1354 est,
1547 1290 1578 1340 et

409 1383 468 1466 qui
497 1385 586 1469 juste
617 1385 741 1450 bellum
768 1382 875 1468 gerit,
900 1403 973 1449 eum
996 1405 1055 1466 per
1077 1384 1185 1449 omnia
1206 1384 1330 1468 judicis
1350 1384 1497 1467 accipere
1519 1406 1579 1468 po-

409 1509 569 1562 testatem.
617 1495 786 1560 Hactenus
815 1494 855 1559 de
886 1493 1010 1560 causis:
1041 1495 1108 1579 jam
1131 1495 1172 1560 de
1193 1495 1345 1561 hostibus
1369 1495 1450 1578 ipsis
1467 1495 1578 1562 videa-

273 1623 309 1667 Ε,
323 1624 395 1688 congr.
409 1627 494 1672 mus.
539 1606 671 1690 Justum
704 1605 805 1690 igitur
837 1605 959 1670 bellum
988 1625 1057 1670 esse
1080 1606 1293 1688 probavimus
1316 1606 1349 1670 in
1373 1606 1522 1692 singulos
1546 1622 1579 1672 et

267 1674 309 1776 ἧι
324 1687 395 1723 ''³¹‘'
409 1717 442 1782 in
475 1715 731 1798 rempublicam,
767 1715 825 1797 qui
864 1736 990 1798 quaeve
1019 1717 1156 1800 cujusve
1186 1717 1392 1801 magistratus
1425 1688 1577 1803 injuriim

408 1825 582 1906 fecerunt,
617 1840 650 1892 et
681 1825 715 1891 in
735 1826 987 1918 rempublicam,
1018 1847 1101 1907 quae
1125 1827 1230 1893 civem
1254 1828 1390 1912 injuriae
1411 1845 1577 1898 auctorem

409 1952 538 2002 tuetur:
575 1937 720 2018 itemque
754 1936 788 2000 in
821 1956 932 2002 eorum
968 1936 1135 2018 omnium,
1171 1938 1230 2020 qui
1253 1938 1379 2005 faciunt
1402 1940 1577 2025 injuriam,

409 2048 516 2114 socios
548 2048 779 2131 subditosque.
824 2048 896 2113 Peti
929 2048 1031 2133 igitur
1060 2050 1147 2115 bello
1177 2065 1396 2132 potuerunta
1423 2053 1578 2119 societate

408 2161 520 2226 Indica
533 2161 772 2226 Hollandorum
796 2159 902 2242 primo
925 2161 999 2225 loco
1020 2159 1142 2244 singuli
1155 2160 1412 2242 Lusitanorum,
1437 2183 1577 2244 quorum

409 2272 569 2338 istasunt
591 2270 759 2350 facinora,
784 2290 867 2352 quae
888 2285 963 2336 ante
986 2271 1198 2337 narravimus.
1245 2273 1397 2338 Secundo
1418 2275 1491 2339 loco
1513 2295 1578 2340 res-

407 2383 562 2467 publica,
580 2383 650 2448 sive
671 2383 814 2464 populus
832 2381 1062 2448 Lusitanicus:
1081 2381 1164 2448 nihil
1185 2381 1269 2447 enim
1290 2399 1379 2450 vetat
1401 2387 1578 2468 quominus

409 2495 531 2558 bellum
562 2492 607 2558 sit
637 2491 800 2575 privatum
835 2513 875 2558 ex
902 2513 967 2557 una
996 2508 1109 2576 parte,
1133 2494 1303 2576 publicum
1328 2517 1367 2560 ex
1398 2501 1520 2581 altera,
1545 2516 1578 2567 et

406 2606 532 2690 iustum
566 2624 606 2668 ex
638 2624 673 2669 ea
705 2617 796 2685 parte
821 2623 885 2684 qua
907 2604 1072 2686 privatum
1099 2619 1169 2694 est,
1194 2621 1231 2671 ut
1253 2607 1374 2673 bellum
1399 2610 1577 2677 Abrahami

410 2715 566 2782 adversus
596 2734 711 2798 reges,
742 2713 826 2780 forte
859 2728 892 2780 et
924 2714 1065 2780 Davidis
1099 2730 1213 2782 contra
1242 2718 1386 2786 Saiilem.
1429 2720 1577 2804 Populus

409 2842 515 2892 autem
545 2825 757 2891 Lusitanicus
792 2825 913 2891 bellum
943 2826 1064 2891 meruit
1098 2827 1220 2910 duplici
1253 2829 1294 2894 de
1328 2851 1435 2897 causa.
1482 2833 1576 2898 Prior

408 2953 479 3020 est,
504 2938 596 3019 quod
618 2937 688 3019 ipse
709 2958 767 3020 per
788 2957 823 3001 se
846 2957 946 3019 perve
969 2937 1177 3022 magistrat-us
1200 2960 1278 3007 suos
1300 2941 1579 3029 Indicisnegotia-

409 3048 538 3114 toribus
570 3048 721 3132 injuriam
754 3046 843 3114 fecit.
898 3047 1022 3112 Omnes
1046 3046 1057 3082 ¹
1080 3048 1223 3116 fatentur
1255 3052 1478 3120 universitatis
1509 3077 1579 3122 esse

410 3181 445 3226 ea
478 3158 587 3239 facta,
619 3178 703 3239 quae
734 3157 869 3240 publico
902 3159 1042 3224 consilio
1066 3160 1272 3248 acciderunt3
1297 3181 1353 3231 aut
1377 3167 1472 3232 etiam
1496 3190 1580 3250 quae

409 3291 428 3336 a
450 3273 572 3354 majore
595 3283 685 3352 parte
708 3283 765 3334 aut
787 3269 1029 3354 magistratibus
1051 3271 1179 3338 decreta
1193 3290 1292 3356 sunt,
1317 3279 1407 3360 quod
1428 3301 1487 3346 nos
1500 3284 1578 3350 alibi

251 3405 291 3450 aa
313 3406 396 3470 aratos.
410 3380 717 3448 demonstravimus.
760 3380 899 3445 Publico
933 3377 1073 3447 consilio
1101 3383 1219 3450 missus
1241 3387 1456 3472 Emmanuel,
1480 3393 1578 3462 frater

246 3459 396 3560 iiffl'arm‘
410 3495 482 3578 ejus
502 3493 560 3574 qui
584 3491 678 3558 Goae
699 3492 922 3574 praesidebat,
947 3513 1021 3559 cum
1041 3494 1202 3579 navibus,
1228 3513 1265 3563 ut
1277 3499 1462 3568 Hollandos
1471 3507 1577 3588 primo

410 3606 521 3672 eo'rum
544 3604 689 3671 adventu
711 3605 798 3670 bello
821 3618 1095 3687 persequeretur,
1120 3605 1185 3673 imo
1210 3623 1242 3674 et
1261 3604 1577 3699 ineosvindicaret,

251 3738 310 3786 aaa,
324 3740 394 3787 anta.
410 3717 468 3800 qui
488 3737 597 3782 secum
622 3715 935 3798 persequi‘nollent.
982 3717 1120 3782 Publico
1143 3720 1282 3786 consilio
1306 3724 1387 3789 aliae
1410 3741 1443 3791 et
1467 3731 1577 3810 plures

320 3813 321 3819 ἵ
410 3829 527 3894 iterum
557 3847 675 3906 naves,
709 3826 820 3892 accitis
852 3842 884 3892 et
913 3828 1172 3895 Castellanorum
1200 3833 1357 3915 auxiliis,
1381 3835 1414 3901 in
1438 3837 1579 3908 Batavos

153 3959 154 3962 ¹
251 3956 583 4013 aeaut-marmantur.
639 3939 778 4006 Publico
809 3940 949 4008 consilio
981 3954 1092 4006 coacta
1115 3943 1272 4010 terribilis
1304 3944 1359 4010 illa
1382 3949 1495 4015 classis
1515 3953 1578 4018 sub

410 4053 543 4119 Andrea
572 4052 782 4133 Furtadone,
807 4072 890 4133 quae
913 4051 1097 4117 Hollandos
1128 4073 1238 4119 omnes
1261 4070 1293 4121 et
1314 4059 1372 4138 qui
1394 4060 1577 4130 Hollandos

407 4179 594 4248 receperant
619 4163 658 4228 ad
689 4163 943 4228 internecionem
967 4164 1098 4229 deleret.
1144 4165 1301 4249 Idemque
1332 4170 1476 4238 Furtado
1499 4195 1573 4240 cum

409 4321 650 4332 ——n-—a

441 4403 449 4435 ¹
468 4403 498 4449 V.
517 4415 539 4450 c.
559 4415 582 4450 2.
599 4403 630 4449 ad
647 4415 699 4462 reg.
717 4415 741 4461 9.
755 4411 779 4448 et
795 4401 863 4449 Vict.
880 4402 911 4449 de
927 4398 983 4457 jure
1001 4401 1071 4448 belli.
1086 4414 1111 4448 n.
1129 4415 1165 4458 13.
1183 4415 1207 4450 et
1226 4417 1264 4464 19.
1291 4401 1434 4455 ²1³an0rm.
1452 4411 1483 4457 ad
1495 4411 1575 4461 Cous,

406 4496 460 4541 Bas.
479 4497 553 4544 Alex.
570 4495 593 4542 6.
609 4507 679 4542 cons.
701 4495 804 4555 13.,Jas.
822 4492 847 4539 in
865 4496 882 4540 l.
900 4493 1000 4540 civitas.
1016 4493 1037 4540 si
1052 4505 1113 4540 cert.
1129 4507 1180 4553 pet.
1200 4494 1243 4556 [D.
1262 4511 1299 4544 ra.
1318 4511 1339 4544 1.
1357 4501 1409 4560 27.]
