3546 5654
353 677 414 722 202
659 673 706 718 DE
730 673 823 736 JURE
850 671 1033 718 PRAEDAE·
1060 673 1141 720 CAP·
1168 674 1216 718 xi.

353 827 448 912 genio
479 825 586 892 felicis
615 824 736 909 patriae
766 825 930 910 gratulari.
996 826 1081 892 Nam
1118 846 1191 891 cum
1223 826 1368 911 Jacobus
1405 827 1523 892 Hems-

351 938 502 1005 kerckius
534 938 567 1003 in
601 958 654 1004 eas
686 937 832 1004 venisset
862 952 971 1021 partes
994 953 1026 1004 et
1049 937 1162 1003 Patani
1194 953 1401 1021 versaretur,
1437 938 1523 1005 unde

352 1069 516 1116 accessum
550 1049 592 1115 ad
621 1068 728 1134 regem
758 1048 854 1133 Jorae
887 1049 1072 1128 ambiebat,
1103 1067 1298 1132 responsum
1330 1069 1442 1134 arege
1474 1064 1524 1115 est

351 1179 418 1226 non
450 1160 549 1226 modo
580 1180 638 1244 per
670 1159 803 1241 literas,
836 1160 894 1251 sed
926 1180 983 1243 per
1007 1159 1137 1225 fratrem
1160 1160 1295 1227 Siackae
1315 1160 1523 1243 Principem,

351 1287 526 1338 venturum
545 1271 609 1338 sibi
628 1272 721 1337 illum
741 1271 980 1356 gratissimum,
1003 1287 1113 1355 patere
1130 1291 1283 1356 regnum,
1306 1285 1416 1354 patere
1435 1292 1524 1338 com-

352 1381 487 1448 mercia:
512 1383 645 1465 quaesi
667 1382 821 1449 inviseret
840 1403 875 1448 re
902 1383 973 1466 ipsa
995 1397 1225 1467 percepturum
1246 1397 1279 1448 et
1297 1398 1413 1448 terram
1433 1401 1522 1448 suam

352 1494 429 1578 plae
447 1495 583 1560 caeteris
601 1497 789 1578 opulentam
807 1493 1050 1574 mercimoniis,
1074 1514 1157 1576 quae
1177 1493 1291 1560 Batavi
1312 1507 1522 1576 expeterent,

354 1620 386 1672 et
406 1605 513 1689 ipsum
537 1626 572 1672 se
599 1608 704 1672 multo
733 1606 848 1688 aliter,
870 1625 967 1688 quam
996 1619 1142 1672 caeteros
1168 1605 1325 1672 Indorum
1353 1603 1524 1687 Principes

353 1716 528 1782 animatum
559 1716 791 1799 affectumque.
837 1717 1043 1801 Perspectam
1068 1716 1132 1784 sibi
1152 1716 1392 1783 Hollandorum
1413 1714 1524 1794 fidem,

354 1847 414 1893 nec
453 1827 635 1912 quidquam
664 1827 825 1912 praeferre
856 1827 988 1895 illorum
1018 1827 1201 1910 amicitiae,
1235 1845 1320 1910 quos
1351 1841 1525 1911 cognosset

354 1953 418 2002 tam
443 1938 527 2006 fidos
547 1938 669 2018 sociis,
691 1959 787 2022 quam
812 1939 967 2005 hostibus
989 1939 1147 2005 invictos.
1193 1938 1327 2026 Quibus
1351 1937 1525 2003 intellectis

269 2099 273 2118 .
353 2049 506 2116 Lusitani
540 2051 674 2138 legatos}
697 2052 845 2117 Maiacca
868 2050 1051 2132 miserunt,
1085 2051 1232 2134 quinon
1256 2049 1353 2116 modo
1377 2069 1526 2134 regemn

354 2161 556 2228 commerciis
575 2161 770 2228 Batavorum
781 2161 954 2228 calumniis
964 2162 1183 2243 deterrerent,
1207 2163 1263 2228 sed
1273 2162 1394 2226 bellum
1407 2161 1524 2243 etiam,

354 2271 388 2336 ni
416 2272 610 2353 absisteret,
644 2271 872 2356 inexplicabile
899 2273 1112 2339 minarentur.
1169 2273 1218 2338 At
1244 2292 1285 2337 ne
1311 2271 1363 2338 his
1393 2271 1525 2354 quidem

354 2403 411 2448 rex
441 2397 553 2449 motus
586 2399 624 2449 ut
643 2384 801 2467 pollicitis
823 2385 1033 2466 abscederet,
1057 2385 1232 2468 respondet
1261 2383 1431 2450 Lusitanis
1457 2383 1526 2447 ani·

355 2513 467 2574 mose,
492 2510 631 2560 attamen
655 2516 695 2561 ex
718 2515 847 2578 aequo,
871 2495 904 2560 in
925 2497 1013 2562 hunc
1032 2494 1135 2561 ferme
1154 2495 1299 2560 modum.
1327 2494 1524 2580 Numquam

354 2604 418 2668 sibi
435 2620 635 2691 compertum
656 2606 741 2672 tales
764 2626 829 2673 csso
850 2606 1057 2688 Hollandos,
1082 2595 1196 2692 quales
1220 2627 1241 2671 a
1263 2605 1443 2671 Lusitanis
1459 2602 1526 2688 fin·

351 2731 538 2802 gerantur:
561 2730 729 2782 caeterum
759 2717 850 2783 illud
875 2717 1043 2800 audiisse,
1072 2718 1192 2784 illatas
1219 2719 1368 2804 injurias
1391 2716 1433 2780 ab
1456 2715 1511 2780 illi

347 2826 497 2908 sortiter
515 2827 711 2911 uindicari,
735 2828 824 2914 quod
853 2829 1009 2914 quomodo
1031 2829 1233 2915 culpandum
1255 2833 1322 2908 sit,
1346 2826 1526 2913 sequidem

354 2959 419 3002 non
448 2938 584 3006 ridere:
616 2953 718 3025 atque
738 2939 818 3005 adeo
838 2939 910 3005 illis
930 2944 1032 3005 etiam
1051 2938 1236 3024 confidere,
1258 2943 1340 3024 quia
1360 2940 1525 3025 injuriam

347 3047 468 3132 facero
489 3049 586 3117 nolit.
633 3051 671 3115 Si
699 3070 785 3136 quaa
816 3054 1017 3116 inimicitias
1044 3050 1223 3117 Hollandr's
1246 3071 1318 3115 cum
1348 3050 1526 3116 Lusitanis

355 3160 620 3243 intercederent,
642 3160 747 3227 idad
765 3183 798 3226 sc
820 3160 910 3226 nihil
921 3165 1117 3247 pertinere:
1130 3181 1186 3226 ner
1198 3181 1274 3228 uero
1287 3180 1427 3246 aequum
1440 3181 1526 3242 csse,

356 3284 394 3334 ut
413 3270 470 3336 illi
489 3272 554 3336 sibi
563 3319 576 3351 ,
600 3271 685 3357 quid
704 3293 761 3336 suo
781 3276 818 3337 in
839 3294 939 3360 ragno
950 3273 1071 3358 facere
1081 3272 1230 3353 deberat,
1239 3273 1526 3357 praescriberent:

355 3385 418 3446 imo
447 3386 571 3447 rectius
597 3383 803 3466 Lusitanos,
823 3397 861 3448 ut
882 3384 1157 3476 qui'Malaccam
1178 3396 1352 3464 tenerent,
1378 3383 1469 3465 (nam
1494 3396 1526 3446 et

356 3494 440 3559 hanc
471 3493 561 3559 avito
587 3494 661 3578 jure
692 3515 749 3561 rex
779 3495 834 3560 ille
866 3495 930 3560 sibi
953 3495 1123 3577 vindicat,
1147 3494 1208 3562 etsi
1237 3493 1445 3576 possessione
1471 3492 1526 3558 de·

326 3629 329 3636 ⁴
356 3606 488 3689 trusus)
511 3609 579 3670 suis
602 3606 727 3693 legibus
744 3610 938 3692 parituros.
969 3607 1079 3696 *Adeo
1102 3608 1182 3673 haec
1206 3605 1408 3670 offenderant
1434 3623 1527 3672 aures

355 3716 425 3782 veri
456 3715 683 3799 impatientes,
717 3731 755 3782 ut
784 3718 944 3784 continuo
975 3737 1076 3784 naves
1109 3717 1244 3783 bellicae
1262 3731 1328 3782 tres
1358 3732 1390 3782 et
1421 3716 1527 3782 fustae

356 3827 505 3910 quinque
524 3829 566 3894 ad
583 3828 687 3894 amnis
707 3830 778 3914 ejus
795 3829 886 3915 regni
906 3829 990 3895 ostia
1009 3829 1233 3894 mitterentur:
1256 3844 1327 3894 tum
1346 3843 1384 3894 ut
1402 3827 1525 3893 aditum

356 3941 486 4006 Batavis
505 3941 769 4023 praecluderent,
792 3954 861 4006 tum
884 3956 922 4007 ut
941 3941 974 4006 in
995 3942 1067 4025 ejus
1086 3939 1209 4006 littoris
1228 3941 1354 4005 accolas
1373 3939 1527 4004 caedibus

198 4068 389 4130 Ann01⁶03.et
409 4051 536 4136 praedis
560 4067 592 4117 et
614 4052 647 4117 in
671 4073 829 4119 summam
862 4052 1054 4120 Lusitanice
1087 4066 1321 4137 grassarentur.
1368 4051 1434 4114 Ista
1453 4051 1527 4115 Rex

357 4164 466 4229 omnia
496 4163 536 4228 ad
568 4164 864 4248 Hemskerckium,
897 4164 956 4247 qui
979 4179 1049 4230 tum
1073 4165 1114 4230 ad
1136 4164 1275 4230 insulam
1301 4162 1456 4228 Tiamaor
1476 4162 1527 4226 ul·

357 4292 451 4341 turus
483 4294 558 4342 suas
590 4275 823 4358 sociorumque
855 4275 990 4360 injurias
1023 4277 1158 4363 agebat,
1193 4275 1308 4341 sedulo
1340 4271 1529 4357 perscripsit

358 4388 493 4472 adjectis
516 4386 691 4470 precibus,
714 4408 755 4452 ne
766 4387 945 4469 beneficia,
971 4387 1100 4471 quaein
1113 4387 1299 4452 Hollandos
1312 4385 1527 4464 contulisset,

358 4499 421 4565 sibi
442 4499 542 4567 exitio
562 4519 632 4567 esse
651 4514 825 4582 pateretur.
849 4499 956 4586 Quam
977 4519 1029 4566 res
1047 4513 1157 4566 sancta
1177 4498 1220 4565 sit
1242 4513 1274 4563 et
1286 4511 1376 4582 grata
1386 4515 1528 4580 superno
