3536 5692
370 631 432 712 296
665 648 712 694 na
735 647 829 711 ‚inan
854 644 1039 692 rannone,
1065 645 1147 691 cnr.
1172 647 1252 694 x111.

224 823 260 868 aa
285 823 355 888 confr.
369 823 410 868 es.
456 802 576 867 Praeda
594 816 701 867 autem
721 800 799 866 belli
819 799 968 883 publici,
993 814 1030 864 ut
1053 798 1131 864 alibi
1160 799 1326 884 diximus,
1351 802 1544 886 simpliciter

211 876 355 990 iif'pf'r'if'
370 914 502 997 quidem
534 929 566 979 et
587 913 658 996 ipso
678 914 752 998 jure
774 911 957 994 acquiritur
978 911 1196 994 reipublicae:
1222 913 1279 978 sed
1308 928 1419 996 potest
1442 913 1544 998 assig-

368 1025 500 1091 natione
529 1025 662 1108 speciali
692 1040 750 1090 aut
770 1023 912 1110 generali
933 1025 1003 1107 lege
1028 1022 1133 1104 effici,
1158 1037 1196 1088 ut
1218 1023 1270 1089 his
1292 1023 1372 1107 ipsis
1394 1025 1542 1106 acquIra-

368 1152 441 1217 tur,
453 1158 510 1220 per
529 1157 615 1218 quos
633 1136 782 1220 praedam
805 1134 989 1218 respublica
1005 1134 1210 1216 acquireret,
1226 1139 1291 1200 'aut
1312 1149 1381 1200 tota
1401 1150 1458 1201 aut
1480 1156 1541 1218 pro

369 1263 471 1332 parte.
517 1247 768 1314 Consuetudine
801 1261 908 1312 autem
942 1245 1165 1312 vetustissima
1198 1245 1327 1310 Galliae
1357 1261 1390 1310 et
1412 1246 1541 1330 belgii,

211 1375 440 1426 Araxxlmum
472 1379 551 1426 vero
584 1373 616 1424 et
646 1361 716 1443 lege
746 1357 879 1441 speciali
914 1357 1110 1423 Batavorum
1154 1357 1225 1440 ejus
1257 1357 1416 1440 praedae,
1457 1377 1541 1439 quae

212 1428 350 1473 Instructiu-

211 1483 263 1580 ἕξω
264 1483 359 1582 few
369 1471 504 1554 publico
536 1471 670 1553 quidem
693 1470 845 1535 mandato
876 1483 968 1552 capta
998 1483 1067 1550 est,
1091 1468 1150 1533 sed
1172 1469 1212 1532 ab
1236 1468 1276 1532 iis
1296 1468 1436 1535 navibus
1460 1489 1541 1551 quas

211 1589 251 1635 ¹¹¹³·
370 1583 490 1666 privati
511 1583 729 1665 adornarunt,
752 1602 827 1664 pars
847 1581 963 1663 quinta
985 1580 1206 1664 reipublicae,
1231 1579 1355 1645 decima
1378 1579 1540 1663 praefecto

370 1694 467 1760 maris
499 1695 654 1760 debetur:
680 1693 771 1776 quod
802 1706 903 1758 restat
930 1692 964 1756 id
986 1692 1072 1757 inter
1092 1691 1306 1770 exercitores,
1329 1693 1538 1776 capitaneos,

370 1805 522 1871 officiales
543 1820 725 1886 nautasque
748 1803 908 1869 dividitur
928 1805 1021 1888 juxta
1044 1823 1150 1867 mores
1171 1818 1228 1868 aut
1249 1817 1343 1886 pacta
1364 1819 1536 1869 conventa.

369 1919 480 2006 Quare
501 1938 576 1984 cum
599 1937 697 1984 naves
720 1916 869 2000 propriae
892 1915 1016 1982 fuerint
1034 1915 1138 1999 ipsius
1161 1914 1349 1995 societatis,
1384 1915 1539 1980 navarchi

369 2044 401 2094 et
423 2043 541 2095 nautae
565 2047 678 2096 omnes
700 2027 865 2095 societatis
887 2027 1052 2110 stIpendio
1077 2027 1255 2110 conducti,
1288 2047 1375 2093 arma
1397 2049 1414 2093 a
1436 2028 1538 2093 socie·

369 2156 434 2206 tate
471 2141 604 2221 addita,
644 2159 741 2206 omne
787 2139 931 2221 denique
972 2139 1155 2222 periculum
1198 2154 1392 2221 sumtusque
1433 2140 1539 2206 omnis

368 2253 554 2319 societatem
588 2252 806 2336 spectaverit,
840 2271 899 2316 nec
933 2252 1032 2316 ullam
1064 2251 1245 2316 mercedem
1268 2251 1453 2334 respublica
1476 2252 1538 2334 ipsi

221 2383 257 2426 re
275 2386 353 2431 coroa.
367 2365 575 2448 promiserit,
609 2385 674 2430 non
707 2367 778 2448 lege
796 2378 921 2430 tantum
940 2363 1015 2443 illa,
1040 2362 1097 2427 sed
1120 2362 1285 2427 communi
1309 2363 1404 2427 etiam
1429 2383 1537 2446 recep-

207 2448 256 2497 ’φ’
275 2439 306 2484 Χ’
367 2492 470 2559 toque
499 2480 595 2563 jure,
622 2491 711 2542 extra
733 2476 768 2541 id
799 2475 891 2557 quod
913 2473 1097 2557 specialiter
1121 2489 1292 2557 exceptum
1325 2488 1373 2538 est
1394 2488 1426 2538 et
1446 2474 1539 2556 quod

367 2589 477 2654 nautis
507 2588 667 2667 debetur,
700 2587 818 2670 praeda
842 2585 947 2651 omnis
972 2585 1012 2650 ad
1033 2585 1222 2651 societatem
1248 2584 1400 2668 pertinet.
1447 2585 1539 2677 Con-=

209 2723 276 2768 nata
294 2723 317 2770 a.
333 2741 354 2782 9.
368 2700 461 2765 venit
492 2700 571 2765 haec
603 2698 771 2764 conclusio
794 2699 935 2782 primum
959 2717 1032 2762 curn
1063 2697 1223 2763 sententia
1244 2696 1392 2780 judicum
1415 2696 1539 2762 mariti-

209 2780 314 2887 we.
331 2794 354 2824 ⁶⁶
368 2831 519 2892 morum,
544 2810 602 2892 qui
625 2810 666 2876 ad
688 2808 942 2892 postulationem
964 2808 1131 2874 societatis
1150 2809 1296 2888 Indicae,
1319 2809 1444 2874 vocatis
1469 2829 1539 2873 om·
1613 2889 1620 2904 1

368 2921 466 2987 nibus
500 2942 640 3004 quorum
672 2921 706 2987 id
738 2921 891 2986 intererat
922 2935 954 2984 et
977 2941 1072 2985 causa
1095 2940 1134 2985 ex
1158 2920 1353 2986 eremodicio
1382 2921 1537 3004 cognita,

368 3033 623 3116 pronuntiarunt
636 3034 767 3118 justam
782 3031 947 3118 praedam
970 3053 1009 3096 aa
1023 3033 1107 3116 jare
1113 3046 1254 3117 partam
1273 3032 1384 3099 uideri
1395 3055 1407 3097 .·
1421 3033 1537 3098 deinde

368 3165 447 3210 vero
482 3164 556 3209 cum
590 3143 721 3209 decreto
757 3142 919 3208 Ordinum
951 3143 1165 3222 Hollandiae3
1200 3144 1259 3225 qui
1283 3163 1356 3208 cum
1380 3143 1536 3209 adversus

369 3255 512 3320 eamdem
536 3254 724 3320 societatem
755 3255 808 3338 jus
833 3253 904 3320 fisci
932 3253 966 3319 in
985 3254 1241 3320 controversiam
1261 3269 1456 3335 vocaretur,
1480 3276 1537 3338 ap·

367 3367 502 3451 probata
518 3367 636 3449 praeda
655 3365 765 3431 verbis
785 3385 883 3446 quam
904 3365 1260 3445 honorificentissimis,
1288 3366 1408 3449 fiscali,
1421 3386 1536 3449 quaes-

368 3478 495 3543 toribus
529 3493 560 3542 et
591 3477 719 3542 cunctis
742 3477 986 3561 magistratibus
1010 3477 1203 3558 edixerunt,
1227 3479 1276 3543 uti
1298 3499 1366 3544 eam
1387 3479 1536 3562 praedam

329 3648 342 3659 .
368 3604 400 3654 et
429 3609 513 3670 quae
536 3589 569 3653 in
592 3602 759 3671 posterum
779 3589 867 3671 apud
887 3589 986 3654 Indos
1007 3604 1221 3672 caperentur,
1246 3603 1357 3675 utpote
1377 3590 1455 3655 belli
1472 3605 1537 3675 pa-

367 3701 447 3765 bliai
468 3704 739 3784 consequentias,
760 3699 894 3765 arbitrio
918 3700 1080 3765 Ordinum
1104 3699 1344 3766 foederatorum
1363 3716 1394 3766 et
1407 3702 1538 3786 collegii

367 3812 520 3877 maritimi
561 3811 798 3893 permitterent.
853 3812 898 3876 Et
939 3813 1017 3876 haec
1051 3811 1184 3892 quidem
1216 3813 1257 3878 ad
1289 3812 1537 3895 explicationem

297 3982 300 3987 Α
367 3927 460 4008 ejus,
486 3944 570 4005 quae
594 3923 689 3989 initio
710 3922 877 4006 proposita
899 3921 983 4004 fuit,
1009 3922 1214 4004 quaestionis
1238 3925 1383 3989 sufficere
1408 3924 1537 3992 debent.

175 4007 183 4028 ⁹
235 4045 352 4092 Parslll·
368 4035 432 4101 Sed
464 4056 504 4100 ne
537 4034 612 4116 quis
636 4034 679 4099 sit
701 4031 885 4118 refragandi
907 4036 999 4099 locus
1022 4034 1211 4118 adjiciemus
1232 4049 1264 4099 et
1284 4035 1387 4100 illud:
1412 4035 1537 4101 etiamsi

368 4162 400 4212 et
423 4167 551 4212 causam
585 4145 747 4210 OrdInum
781 4160 813 4210 et
842 4145 992 4210 mandata
1014 4146 1054 4210 ab
1078 4146 1141 4210 hoc
1164 4145 1252 4211 facto
1275 4166 1463 4229 removeas,
1487 4147 1536 4211 ni-

366 4257 544 4323 hilominus
579 4257 701 4322 bellum
737 4276 803 4321 non
835 4257 961 4339 justum
996 4270 1122 4322 tantum
1150 4256 1276 4340 fuisse,
1300 4279 1414 4324 verum
1439 4259 1534 4325 etiam

364 4369 535 4453 publicum
564 4383 596 4434 et
629 4368 781 4451 praedam
808 4368 956 4434 societati
979 4369 1109 4434 Indicae
1133 4369 1348 4451 acquisitam:
1372 4369 1472 4452 idque
1495 4391 1534 4436 ex

365 4500 477 4547 eorum
496 4481 570 4564 jure
591 4480 713 4562 quibus
737 4479 845 4544 eadem
868 4479 1008 4546 societas
1029 4481 1228 4546 bellantibus
1249 4501 1306 4564 per
1327 4481 1534 4562 administros
