3546 5654
552 691 599 739 DE
623 691 717 760 June
742 689 929 738 PRAEDAE·
955 690 1110 738 cnr.x1.
1342 689 1403 753 175

232 867 298 914 non
331 846 511 915 avarissimi
543 845 715 925 homines,
747 859 784 910 ut
813 844 954 910 Batavos
984 843 1050 910 illis
1082 842 1164 909 locis
1195 857 1401 925 averterent,

231 975 288 1026 aut
310 958 417 1026 facere
437 957 658 1036 tentaverint,
682 971 738 1021 aut
757 955 851 1022 etiarn
870 954 1078 1038 perfecerint.
1103 955 1189 1021 Nam
1211 975 1246 1021 ea
1267 955 1300 1022 in
1312 971 1402 1039 parte

230 1070 345 1136 mundi
379 1090 417 1136 eo
452 1067 601 1154 graviora
634 1080 712 1132 sunt
743 1065 977 1132 Lusitanorum
1001 1064 1168 1146 facinora,
1198 1085 1295 1147 quam
1319 1086 1403 1147 quae

231 1180 310 1246 alibi
342 1179 574 1264 contigerunt,
608 1177 699 1259 quod
732 1177 822 1261 gnari
851 1175 918 1240 illic
941 1175 1080 1258 impares
1103 1196 1137 1241 se
1165 1176 1292 1242 viribus
1315 1177 1403 1258 pacis

232 1306 264 1356 et
285 1289 445 1356 amicitiae
468 1288 641 1374 imaginem
661 1287 862 1369 induerunt,
886 1307 951 1369 qua
972 1302 1004 1353 et
1024 1286 1087 1371 ipsi
1114 1287 1253 1354 tutiores
1275 1302 1403 1368 essent,

233 1415 266 1466 et
296 1399 448 1466 homines
477 1399 610 1466 minime
637 1400 740 1465 malos
769 1399 808 1464 de
842 1397 1022 1480 improviso
1051 1397 1159 1463 acrius
1190 1397 1403 1464 offenderent.

234 1511 367 1576 Summa
397 1529 546 1592 quaeque
566 1510 844 1594 perstringemus,
869 1529 935 1574 non
957 1523 1022 1574 tam
1043 1509 1247 1592 temporibus
1271 1509 1404 1592 (quam-

233 1641 331 1704 quam
351 1636 383 1686 et
402 1623 519 1688 horum
539 1621 622 1688 ratio
634 1621 828 1706 habebitur)
841 1639 937 1703 quam
952 1619 1049 1716 certis
1060 1619 1225 1703 capitibus
1236 1619 1402 1688 distincta.

232 1731 382 1798 Dicimus
406 1733 566 1814 populum
589 1732 786 1798 Lusitanum
799 1731 1014 1813 hominesque
1027 1730 1229 1813 Lusitanos,
1254 1752 1329 1798 curn
1346 1731 1405 1796 lic·

231 1842 274 1908 tis
304 1841 495 1908 criminibus
522 1862 641 1909 nomen
673 1841 830 1910 Batavum
860 1842 1100 1908 diffamaverint
1130 1844 1308 1925 hostesque
1327 1863 1405 1910 con·

230 1954 424 2034 citaverint,
459 1955 546 2020 unde
583 1955 803 2021 atrocissimae
831 1955 940 2020 clades
973 1971 1168 2021 consecutae
1198 1970 1298 2035 sunt,
1333 1969 1403 2021 tum

230 2080 394 2149 praeterea
416 2068 539 2134 mrrltos
561 2065 711 2132 homines
735 2067 876 2132 Batavos
901 2066 1077 2132 crudeliter
1098 2081 1130 2132 et
1152 2065 1326 2148 perfidiose
1349 2084 1405 2131 ne-

231 2178 361 2258 cuisse,
384 2178 452 2244 vim
476 2177 572 2242 etiam
594 2177 742 2242 bellicam
774 2197 839 2258 qua
862 2176 994 2258 publice
1018 2195 1083 2257 qua
1102 2176 1256 2258 privatim
1278 2176 1405 2258 priores

194 2277 199 2295 '
231 2289 405 2370 intulisse,
429 2288 474 2354 ita
495 2301 586 2353 utet
608 2287 764 2354 Indorum
788 2289 953 2368 populos,
978 2286 1069 2367 quod
1089 2305 1164 2350 curn
1185 2286 1315 2351 Batavis
1329 2307 1407 2353 con·

194 2419 202 2432 ¹
229 2400 427 2477 traxissent,
451 2397 538 2462 ferro
562 2412 661 2478 atque
684 2397 752 2480 igni
775 2411 902 2462 vastare
914 2395 1057 2479 aggressi
1069 2395 1145 2461 sint.
1170 2396 1288 2461 Sancte
1299 2411 1405 2462 autem

231 2508 390 2592 profiteor
410 2509 526 2573 horum
547 2527 598 2571 me
618 2507 701 2572 nihil
718 2509 954 2591 vulgaturum,
979 2506 1070 2587 quod
1093 2524 1160 2572 non
1183 2505 1407 2574 disertissimis

230 2619 429 2686 testimoniis
452 2617 700 2700 comprobatum
720 2618 789 2702 ipse
809 2617 958 2685 viderim.

724 2845 914 2893 PARSIL

233 3055 324 3102 aar.
350 3055 373 3102 1.
486 3035 717 3104 Carnuntas
743 3034 1297 3103 Lus1rarvonum1uBaravos.

232 3190 323 3238 aar.
348 3190 386 3238 11.
455 3172 625 3238 Sunmrssr
650 3189 689 3236 ru
714 3171 887 3237 Baravos
912 3190 1049 3240 nosrrts
1072 3192 1096 3238 a
1120 3172 1335 3238 Lustrarars.

231 3327 321 3373 aar.
346 3327 399 3374 ιιι.
424 3307 449 3372 F
452 3327 598 3373 nauuss
622 3326 673 3371 er
692 3327 868 3373 anamma
882 3306 1161 3375 Lusrrauonum
1175 3328 1214 3374 ru
1227 3307 1406 3375 Baravos.

232 3462 321 3509 aar.
346 3463 392 3510 rv.
448 3443 629 3511 Cauarum
653 3463 677 3509 a
701 3443 903 3510 Lustrarvrs
928 3463 1080 3511 anetum
1106 3464 1145 3509 ru
1170 3441 1352 3511 Barnvos.

233 3597 324 3646 aur.
348 3600 380 3645 v.
444 3578 602 3645 Bactrum
627 3577 904 3648 Lustranoaum
929 3600 968 3646 1n
993 3599 1129 3646 anrrcos
1154 3579 1403 3648 Baravonum

732 3791 911 3805 ——t-—nn

275 3931 419 3998 Primum
451 3948 529 4014 ergo
563 3930 641 4000 dum
665 3945 697 3998 et
719 3931 864 3998 Batavici
888 3953 995 4000 mores
1017 3933 1172 4001 Indorum
1196 3935 1348 4018 gentibus
1372 3951 1404 4002 et
1420 3956 1538 4006 aaran

232 4042 387 4108 Indorum
419 4060 524 4108 sermo
557 4039 688 4108 Batavis
719 4040 885 4127 incognita
917 4057 1030 4123 erant,
1054 4044 1169 4110 merito
1193 4044 1275 4110 nihil
1297 4045 1406 4114 visum

233 4167 283 4218 est
305 4151 457 4232 facilius,
480 4170 577 4233 quam
599 4150 724 4217 aditum
748 4152 880 4222 Batavis
899 4153 933 4218 in
951 4153 1119 4220 Orientem
1133 4155 1306 4222 calumniis
1317 4177 1408 4239 prae·

234 4263 383 4330 cludere:
426 4283 511 4345 quae
545 4262 606 4328 etsi
640 4262 854 4348 longissime,
886 4283 953 4330 non
984 4264 1089 4332 dicam
1114 4287 1131 4332 a
1154 4286 1254 4349 vern,
1289 4267 1346 4336 sed
1367 4270 1406 4335 ab

233 4373 322 4438 omni
343 4373 559 4440 similitudine
577 4373 646 4442 veri
670 4375 907 4456 abhorrebant,
929 4375 1025 4446 fidem
1049 4391 1155 4446 tamen
1179 4377 1327 4445 invenire
1348 4401 1409 4464 po·

235 4498 340 4550 terant
362 4484 449 4566 apud
471 4485 602 4569 ignaros
626 4502 658 4552 et
686 4506 752 4556 non
775 4486 916 4571 injuria,
938 4503 1014 4571 post
1036 4488 1272 4560 Lusitanorum
1297 4491 1329 4556 in
1354 4513 1408 4560 eas
