3536 5692
528 680 575 726 DE
598 679 692 745 JURE
718 679 902 726 PRAEDAE.
927 681 1007 727 CAP.
1033 681 1093 727 XV.
1333 683 1392 748 331

224 855 324 902 naves
343 855 418 900 cunr
438 832 513 899 dico
537 833 629 916 quasi
651 852 763 915 arces,
787 832 855 901 into
877 822 1000 917 oppida
1020 848 1053 900 et
1071 803 1204 916 quidem
1224 835 1395 904 hominum

222 948 298 1031 plus
319 945 623 1030 septingentorum,
645 944 783 1031 intelligi
816 965 873 1028 par
905 961 977 1027 est,
1011 945 1045 1013 in
1072 931 1191 1010 ⁴manus
1221 962 1394 1014 venerunt

222 1058 300 1124 Una
318 1057 360 1122 ad
378 1057 523 1121 Helenae
535 1055 674 1121 insulam
685 1076 702 1120 a
713 1056 871 1122 Cornelio
884 1056 1067 1122 Sebastiani
1079 1071 1228 1140 superata
1242 1058 1396 1122 Zelaudis

222 1167 371 1234 obvenit.
417 1167 532 1232 Altera
554 1181 605 1231 est
627 1165 695 1251 ipsa
719 1187 819 1250 quarn
849 1168 1105 1234 Hernskerckius
1135 1167 1281 1234 adduxit.
1323 1167 1395 1252 Jam

223 1278 317 1344 tertia
340 1278 382 1343 ad
404 1278 613 1343 Macaiintern
638 1296 655 1342 a
677 1278 818 1346 navibus
840 1278 1073 1346 Warwicianis
1100 1278 1187 1344 victa
1207 1294 1239 1344 et
1257 1278 1396 1362 spoliata

222 1405 280 1457 est.
304 1390 392 1455 lllud
409 1409 490 1455 vero
508 1390 614 1454 multo
634 1388 730 1454 etiam
750 1388 936 1470 illustrius,
961 1389 1052 1472 quod
1070 1404 1140 1456 tota
1159 1389 1270 1456 classis
1289 1389 1394 1468 victa,

217 1500 296 1584 Jora
319 1500 478 1579 liberata,
501 1518 558 1564 rex
582 1498 799 1566 amicissimus
819 1499 950 1567 obsidio
973 1515 1121 1566 exemtus
1141 1516 1202 1568 est.
1248 1500 1335 1566 Nam
1356 1521 1396 1565 ex

221 1614 327 1677 classe
348 1610 457 1676 eadem
475 1608 699 1675 Warwiciana
715 1629 813 1676 naves
831 1611 912 1676 duas
932 1631 1006 1676 cum
1024 1613 1132 1676 celoce
1147 1611 1292 1696 jacobus
1307 1610 1394 1677 Petri

222 1723 374 1788 Patanam
397 1721 578 1800 devehens,
597 1719 727 1805 reginae
749 1719 816 1786 illic
828 1720 1083 1805 propensissime
1094 1721 1127 1787 in
1137 1722 1277 1788 Batavos
1286 1722 1396 1788 studia

222 1833 430 1913 nutriturus,
454 1832 488 1898 in
516 1832 588 1916 ipso
613 1831 728 1898 itinere
754 1832 902 1916 Jorensis
925 1832 1016 1917 regni
1046 1852 1172 1899 amnem
1191 1853 1208 1898 a
1227 1833 1395 1900 Lusitanis

220 1945 323 2010 teneri
343 1944 458 2025 videt,
476 1942 534 2026 qui
555 1963 667 2008 secum
689 1943 846 2008 habentes
867 1945 1018 2028 galeones
1041 1945 1146 2025 duas,
1162 1942 1270 2011 iustas
1286 1960 1393 2011 autem

221 2055 367 2138 aliasque
396 2074 497 2122 naves
525 2056 639 2139 longas
670 2073 768 2138 supra
794 2054 913 2140 viginti
942 2055 1117 2138 quinque,
1141 2056 1249 2122 omnia
1269 2057 1394 2140 ingenti

222 2180 344 2232 terrore
378 2167 605 2249 impleverant.
652 2165 711 2231 Ille
742 2165 799 2248 qui
823 2186 863 2230 ne
882 2166 1043 2250 integrum
1069 2166 1201 2248 quidem
1222 2166 1285 2232 sibi
1310 2168 1394 2232 exis-

220 2278 358 2343 timabat
388 2276 515 2343 socium
546 2275 731 2359 Principem
761 2277 795 2342 in
824 2296 863 2342 eo
886 2277 1034 2359 periculo
1058 2275 1229 2356 deserere,
1252 2278 1395 2343 conserit

222 2409 388 2473 pugnam,
413 2408 497 2470 quae
520 2388 560 2452 ad
581 2407 687 2453 serum
719 2406 825 2469 usque
849 2386 933 2451 diem
960 2386 1177 2468 producitur,
1200 2388 1305 2454 donec
1325 2387 1394 2455 fusi

222 2501 333 2566 hostes
365 2501 467 2568 altum
497 2497 631 2579 petiere.
677 2498 753 2585 Qua
775 2513 846 2562 tum
875 2498 1051 2582 gratiarum
1080 2498 1209 2564 actione
1238 2518 1294 2563 rex
1323 2499 1393 2582 ipse

222 2631 328 2677 coram
354 2609 506 2676 victrices
527 2608 560 2673 in
592 2628 692 2675 naves
713 2607 892 2676 adveniens
924 2609 1088 2674 sociorum
1122 2608 1217 2674 fidem
1245 2610 1311 2694 jarn
1334 2611 1395 2675 ite·

221 2742 292 2787 rum
324 2737 476 2805 expertus
510 2720 687 2802 extulerit,
721 2721 856 2804 longum
888 2722 933 2786 sit
954 2720 1071 2786 dicere.
1116 2721 1171 2786 Ne
1189 2719 1237 2786 sic
1259 2721 1392 2803 quidem

222 2833 320 2915 satis,
356 2834 414 2899 sed
443 2833 560 2898 iterum
588 2831 757 2915 quaesitus
783 2831 889 2897 hostis
918 2847 952 2897 et
977 2833 1113 2915 longum
1135 2847 1211 2915 post
1233 2847 1394 2898 certamen

222 2947 394 3029 galeonurn
427 2959 568 3026 utraque
601 2957 780 3026 corrupta,
813 2941 859 3008 ita
880 2942 1012 3024 quidem
1036 2956 1074 3007 ut
1091 2942 1149 3008 vix
1170 2943 1321 3009 Lusitani
1344 2963 1393 3009 re·

221 3055 323 3140 migio
356 3054 540 3140 effugerint.
587 3053 658 3119 Tot
689 3053 790 3138 igitur
819 3068 949 3135 tamque
972 3055 1154 3137 praeclarae
1175 3053 1332 3120 victoriae
1353 3055 1394 3121 de

221 3165 390 3231 Lusitanis
422 3166 649 3249 contigerunt:
673 3179 705 3230 et
728 3179 806 3230 sunt
828 3163 886 3245 qui
911 3163 1018 3228 adhuc
1039 3182 1095 3228 eos
1116 3165 1311 3232 metuendos
1330 3187 1394 3249 pu·

221 3277 316 3343 tent?
329 3277 399 3342 Inro
421 3296 545 3360 perge,
568 3295 689 3359 perge,
703 3293 782 3359 gens
800 3274 931 3340 nautica
950 3290 983 3340 et
1004 3274 1088 3341 illud
1109 3296 1149 3341 ex
1171 3279 1305 3343 oraculo
1326 3297 1393 3344 non

221 3389 376 3474 Augusto
396 3387 474 3453 olim
496 3387 537 3452 ad
558 3385 694 3452 Actium
718 3391 753 3467 ¹,
774 3386 833 3452 sed
852 3386 914 3452 tibi
934 3385 1057 3452 dictum
1078 3401 1178 3470 puta:

309 3501 382 3565 Nec
404 3514 437 3564 te
459 3498 548 3584 quod
568 3498 685 3562 classis
707 3501 852 3562 centenis
876 3501 1021 3585 remigat
1045 3498 1111 3562 alis

352 3611 380 3676 T
379 3623 493 3675 crreat
505 3631 518 3674 .·
540 3611 648 3676 inuito
672 3608 805 3684 labitur
827 3607 892 3673 illa
914 3612 1006 3674 mari
1017 3630 1029 3672 .·

311 3718 469 3806 Quodque
489 3721 613 3788 nebunt
631 3733 759 3805 prorae
772 3723 980 3784 ‘centaurica
1004 3739 1091 3784 saxa
1114 3723 1303 3801 minantes,

352 3831 461 3916 Tigna
484 3851 569 3898 carra
593 3844 624 3895 et
642 3833 749 3915 pictos
773 3833 946 3914 experiere
969 3843 1085 3894 metus.

310 3941 459 4028 Frangit
483 3955 513 4006 ct
537 3941 669 4006 attollit
691 3944 782 4008 vires
804 3944 841 4005 in
865 3939 973 4004 milite
995 3960 1120 4020 causa,

355 4049 450 4134 Quae
471 4055 538 4116 nisi
549 4054 650 4136 justa
673 4053 805 4131 subest,
828 4055 958 4116 excutit
983 4071 1082 4116 arma
1100 4049 1227 4137 pudor.

264 4133 366 4248 Quoi
388 4164 540 4230 ultimum
558 4161 709 4246 profecto
730 4182 843 4228 verurn
866 4176 915 4228 est
938 4177 970 4226 et
991 4163 1057 4227 buc
1081 4161 1222 4228 maxime
1240 4163 1392 4246 pertinet.

221 4272 293 4339 Scit
310 4289 407 4340 nauta
420 4275 562 4340 Batavus
574 4293 720 4359 pugnare
739 4293 774 4339 se
785 4293 847 4358 pro
865 4273 1011 4358 gentium
1033 4274 1131 4358 Jure,
1150 4275 1262 4340 hostes
1280 4290 1391 4342 contra

221 4435 418 4448 .---.-...

255 4521 262 4552 ¹
282 4523 357 4582 Prop.
373 4522 419 4569 lib.
436 4535 461 4582 4.
479 4524 542 4582 eleg.
561 4521 584 4569 6.
603 4520 655 4585 [vs.
672 4533 714 4583 47.
732 4522 815 4585 seqq.]
