3552 5654
211 1755 282 1802 artic.
319 1788 326 1802 .

209 1822 277 1871 pars.
284 1811 319 1858 11.

360 648 421 712 152
682 653 729 698 ne
752 598 846 719 Jrina
870 652 1054 700 nunaunt.
1079 652 1159 700 cnr.
1184 653 1218 697 x.

356 803 512 887 assignati
534 819 611 870 sunt
632 809 662 887 ¹,
686 805 839 873 instituto
861 805 1020 887 Romuli,
1044 806 1136 889 quod
1157 802 1321 890 posterior
1343 819 1431 869 aetas
1454 802 1524 868 diu·

357 913 480 980 tissime
508 928 620 981 secuta
650 931 713 984 est.
756 919 845 985 Ante
864 917 1137 999 acquisitionem,
1163 935 1321 999 personae
1344 929 1448 980 certae
1471 927 1525 980 aut

356 1023 516 1090 incertae:
548 1041 679 1121 certae,
712 1043 751 1094 ut
784 1029 811 1095 si
834 1028 909 1111 quis
939 1029 1090 1094 tabernas
1117 1026 1280 1093 Romanas
1303 1027 1342 1092 ab
1362 1025 1525 1090 Annibale

357 1134 508 1218 emisset,
541 1151 578 1202 ut
609 1137 734 1204 Doloni
767 1138 843 1220 equi
875 1138 1018 1204 Achillis
1038 1136 1070 1203 ἐ
1102 1139 1267 1218 incertae,
1304 1157 1387 1219 quac
1420 1151 1525 1200 tamen

356 1259 444 1312 certa
462 1246 505 1312 sit
524 1247 657 1331 futura,
680 1264 767 1314 recte
789 1249 924 1330 donari,
948 1250 1084 1316 missilia
1108 1263 1298 1334 argumento
1321 1261 1419 1329 sunt,
1442 1265 1526 1328 quae

355 1359 472 1423 consul
499 1377 537 1423 eo
560 1360 669 1425 animo
691 1357 847 1445 projicit,
881 1375 919 1426 ut
940 1359 970 1426 ei
992 1360 1222 1444 acquirantur,
1253 1359 1442 1442 quicunque
1472 1375 1525 1421 ce-

354 1468 455 1548 perit,
479 1468 540 1533 etsi
559 1469 688 1554 ignoret
705 1470 775 1553 ipse
794 1471 877 1553 quid
895 1471 939 1538 sit
959 1471 1101 1554 quisque
1121 1487 1335 1554 excepturus:
1359 1467 1525 1551 quomodo

353 1577 450 1643 etiam
473 1579 667 1647 convivator
690 1580 782 1647 cibos
805 1583 1019 1648 convivarum
1043 1582 1132 1648 fecit.
1179 1581 1235 1647 Sic
1258 1582 1359 1666 igitur
1381 1593 1438 1645 aut
1459 1596 1526 1644 res-

211 1703 340 1803 onetlrln.
352 1689 484 1771 publica
515 1689 555 1754 fit
586 1691 737 1773 domina,
771 1706 833 1756 aut
856 1697 885 1756 is
907 1696 964 1757 cui
990 1693 1157 1778 praedam
1189 1690 1429 1778 acquirendam
1460 1688 1525 1753 illa

352 1803 551 1886 assignavit.
595 1801 782 1884 Dupliciter
812 1803 875 1869 hoc
907 1801 977 1868 fieri
1007 1817 1140 1886 potest,
1174 1818 1230 1868 aut
1261 1800 1418 1886 singulari
1446 1817 1525 1864 con-

352 1911 519 1994 cessione,
552 1927 610 1978 aut
640 1915 712 1998 lege
744 1928 919 1997 perpetua:
954 1934 1063 1996 neque
1096 1913 1180 1979 enim
1211 1913 1347 1979 dublum
1370 1925 1421 1978 est
1442 1908 1524 1991 quin

350 2022 404 2087 lex
427 2023 593 2090 dominum
617 2022 723 2090 saciat.
769 2024 936 2110 Singulari
960 2024 1194 2108 concessione,
1218 2039 1256 2090 ut
1279 2023 1408 2106 quoties
1431 2020 1541 2104 signo·

351 2131 428 2199 dato
451 2134 491 2201 ad
514 2134 728 2218 direptionem
751 2135 1004 2202 discurrebatur.
1028 2136 1118 2202 Idem
1143 2150 1176 2202 et
1196 2138 1269 2220 lege
1289 2133 1359 2200 fieri
1374 2144 1483 2214 potest
1495 2130 1525 2197 i:

351 2261 412 2309 nec
443 2245 507 2312 alio
539 2245 696 2311 differunt
728 2247 810 2326 ista,
843 2247 907 2314 nisi
940 2248 1033 2329 quod
1063 2246 1147 2332 legis
1178 2260 1334 2328 perpetua
1366 2241 1524 2325 quaedam

221 2361 292 2408 Nm
303 2363 340 2410 d·-
351 2355 434 2420 ratio
456 2371 527 2438 est,
551 2357 699 2439 aequitas
724 2356 863 2424 scilicet.
910 2357 1074 2440 Aequitas
1095 2357 1128 2423 in
1150 2377 1189 2422 eo
1209 2355 1362 2422 consistit
1379 2367 1418 2442 ut
1436 2356 1525 2418 lucra

220 2417 327 2465 claretis.

351 2485 427 2532 curn
460 2467 584 2532 damnis
616 2482 882 2551 compensentur.
929 2467 1015 2534 Sunt
1048 2483 1156 2534 autem
1189 2467 1305 2532 damna
1336 2485 1404 2530 non
1427 2463 1525 2530 unius

352 2577 479 2660 generis
502 2597 577 2642 curn
600 2578 663 2643 alia
685 2579 894 2672 nolentibus,
919 2579 982 2644 alia
1002 2579 1193 2646 volentibus
1213 2577 1374 2644 accidant.
1399 2576 1526 2642 Nolen-

350 2686 442 2754 tibus
472 2688 589 2754 accidit
615 2709 724 2754 rerum
744 2690 784 2755 ab
803 2689 955 2757 hostibus
976 2703 1159 2773 ereptarum
1179 2689 1322 2755 amissio
1366 2688 1525 2753 Volentes

351 2813 408 2862 aut
428 2817 558 2883 operam
578 2815 635 2865 aut
655 2820 734 2884 opes
757 2799 985 2884 impendimus.
1027 2801 1163 2866 Certum
1185 2814 1291 2865 autem
1314 2813 1364 2866 est
1377 2797 1524 2882 obligari

350 2910 569 2976 mandatorem
590 2911 790 2977 mandatario
813 2912 856 2976 ob
876 2911 1033 2996 jacturam
1056 2931 1141 2994 quae
1162 2931 1228 2977 non
1252 2909 1403 2993 quolibet
1426 2927 1523 2989 casu,

350 3021 410 3086 sed
430 3022 600 3088 occasione
623 3022 765 3088 mandati
790 3022 930 3106 contigit
948 3027 971 3089 ⁴.
995 3024 1047 3089 De
1070 3021 1166 3088 factis
1186 3021 1369 3100 sumtibus,
1391 3021 1470 3103 quin
1493 3033 1526 3083 et

293 3171 297 3186 ·
351 3131 386 3196 bi
403 3148 635 3216 recuperentur
651 3133 792 3199 mandati
813 3134 964 3219 Judicio,
982 3153 1159 3216 numquam
1181 3121 1365 3198 dubitatum
1386 3146 1446 3197 est.
1470 3129 1526 3222 Ad

352 3262 469 3326 operae
489 3244 666 3310 mercedem
688 3245 781 3326 quod
802 3245 934 3320 attinet,
964 3265 1000 3310 ea
1024 3246 1156 3327 quidem
1177 3245 1251 3329 jure
1270 3245 1418 3310 Romano
1439 3240 1525 3326 exigi

352 3373 417 3418 non
447 3368 556 3436 potest
587 3355 650 3422 nisi
681 3369 774 3438 pacta
806 3355 871 3437 sit,
904 3355 963 3422 sed
991 3376 1058 3422 non
1089 3377 1128 3423 eo
1156 3356 1264 3421 minus
1294 3355 1367 3441 jure
1390 3367 1525 3418 naturae

349 3528 545 3542 ——-——

386 3633 394 3666 ¹
413 3638 431 3683 l.
449 3635 510 3683 item
528 3635 549 3683 si
567 3637 735 3686 verberatum.
749 3638 770 3700 ς.
790 3652 813 3686 ι.
830 3637 857 3686 ff.
875 3639 907 3687 de
922 3638 960 3687 rei
978 3638 1049 3688 vind
1068 3637 1114 3702 [D.
1132 3639 1155 3687 6.
1177 3653 1197 3686 1.
1220 3638 1272 3700 rs.]
1291 3641 1308 3686 l.
1325 3636 1429 3686 Lucius.
1447 3635 1473 3684 ff.
1492 3637 1525 3684 de

348 3726 428 3776 evict.
452 3726 497 3787 [D.
523 3740 563 3774 ιι.
589 3740 612 3775 2.
637 3727 689 3792 11.]
712 3731 729 3776 l.
754 3728 779 3777 in
798 3729 872 3789 agris.
890 3729 915 3777 ff.
935 3731 966 3778 de
985 3744 1039 3790 aeq.
1059 3743 1108 3778 rer.
1125 3731 1194 3778 dom.
1214 3727 1258 3792 [D.
1276 3742 1318 3789 41.
1340 3742 1362 3776 ι.
1382 3726 1433 3790 ro]
1453 3729 1524 3774 Lam·
1614 3727 1616 3731 '

349 3819 415 3879 prid.
434 3819 509 3866 Alex.
534 3821 592 3867 sev.
619 3817 656 3882 [c.
681 3818 733 3882 sd]
769 3816 857 3868 ’Insa
876 3822 907 3869 de
925 3834 973 3868 rer.
992 3819 1045 3868 div.
1062 3821 1083 3882 5.
1100 3821 1151 3868 hoc
1169 3818 1276 3879 amplius
1296 3819 1327 3880 [1.
1346 3831 1369 3866 e.
1391 3830 1413 3867 ι.
1430 3817 1452 3880 5.
1469 3816 1523 3880 46.]

348 3907 360 3941 ⁸
383 3910 462 3958 Wilb.
486 3911 578 3957 Mattb.
601 3910 640 3957 De
663 3910 733 3958 bello
758 3908 826 3967 justo
849 3922 875 3959 et
900 3910 984 3959 licito.
1007 3924 1060 3970 req.
1087 3925 1110 3960 a.
1133 3925 1159 3970 p.
1178 3922 1202 3966 s.
1235 3909 1282 3958 ⁴1.
1301 3922 1359 3958 cunr
1377 3909 1483 3958 duobus.
1502 3908 1525 3968 5.

349 4002 447 4049 damna.
470 4000 497 4047 if.
520 4013 574 4060 pro¹
592 4001 672 4049 socio.
700 3999 743 4062 [D.
771 4014 810 4060 17.
836 4015 858 4050 a.
885 4013 926 4075 ῥα.
945 4001 966 4063 5.
986 4001 1022 4062 ³·]
1041 4003 1058 4049 l.
1076 4001 1098 4050 si
1116 4003 1280 4050 mandassem.
1297 3999 1324 4048 ff.
1341 3999 1459 4048 mandati.
1480 3997 1525 4061 [D.

351 4102 389 4148 ιγ.
409 4105 430 4139 ι.
451 4089 502 4153 15.]
523 4092 611 4139 lnnoc.
636 4091 662 4139 in
681 4104 704 4139 c.
721 4090 797 4140 sicut.
814 4092 840 4139 in
860 4090 927 4153 fine,
951 4093 982 4140 de
1004 4089 1110 4148 jurejur.
1130 4090 1269 4155 [Decretal.
1289 4105 1312 4139 2.
1331 4104 1371 4152 24.
1391 4089 1444 4154 29.]
1464 4089 1525 4137 silv.

348 4182 375 4229 in
393 4197 418 4230 v.
436 4183 543 4230 Bellum.
563 4197 584 4231 ι.
607 4185 629 4241 5.
653 4194 677 4241 7.
701 4185 784 4231 concl.
804 4195 842 4231 10.
861 4194 885 4231 et
902 4186 924 4242 5.
942 4195 980 4230 ιι.
998 4185 1084 4230 concl.
1103 4196 1126 4231 a.
1144 4194 1169 4230 ct
1187 4186 1209 4242 5.
1230 4196 1268 4242 13.
1287 4194 1311 4230 et
1330 4182 1357 4230 in
1375 4197 1401 4230 v.
1419 4181 1524 4230 Manda-

348 4282 410 4320 tum.
432 4273 454 4333 ς.
479 4272 502 4320 6.
526 4274 543 4320 l.
567 4272 589 4320 si
612 4285 685 4321 vero.
711 4277 732 4330 5.
748 4273 768 4320 si
792 4273 853 4320 mibi
871 4273 1037 4322 mandaveris.
1056 4273 1101 4334 [D.
1121 4285 1159 4331 17.
1181 4287 1202 4320 1.
1223 4286 1261 4321 12.
1278 4277 1301 4330 5.
1318 4271 1356 4336 9.]
1374 4275 1393 4320 l.
1409 4271 1453 4332 qul
1470 4284 1525 4319 mu·

346 4373 423 4410 tuam.
441 4366 464 4422 5.
483 4360 526 4410 lin.
547 4361 576 4424 [l.
595 4362 635 4418 56.
653 4365 676 4421 5.
694 4376 719 4423 4.
739 4365 771 4411 D.
790 4375 821 4410 eo
839 4361 891 4425 tin]
911 4365 929 4410 l.
947 4362 968 4410 si
987 4363 1043 4423 quis
1060 4363 1145 4412 alicui.
1163 4364 1184 4425 5.
1205 4363 1341 4424 impendia
1365 4363 1391 4410 is.
1406 4361 1525 4410 mandati.

349 4450 379 4515 [l.
400 4465 440 4511 27.
461 4457 483 4512 5.
506 4466 531 4513 4.
554 4455 586 4502 D.
611 4467 643 4502 eo
668 4452 730 4526 tit.].
748 4453 824 4502 Mart.
846 4455 924 4503 Laud.
949 4467 975 4514 q.
999 4455 1023 4502 6.
1041 4465 1066 4501 et
1083 4467 1125 4514 42.
1143 4453 1204 4502 silv.
1223 4455 1247 4502 d.
1266 4456 1321 4512 §.7
1349 4453 1433 4502 conel.
1454 4464 1478 4510 7.
1499 4463 1524 4499 et

347 4542 368 4603 §-
393 4557 429 4603 14·
