3536 5692
224 1658 264 1704 VI.

362 640 423 716 328
659 655 706 702 ou
729 655 823 722 Junn
848 653 1031 701 rrrnnuaa.
1056 655 1135 702 car.
1160 655 1217 702 xv.

361 807 538 890 plurimum
576 807 725 892 Hispano
764 810 888 894 negotii
920 830 977 892 per
1004 809 1129 876 Indiam
1158 810 1326 894 exhiberi,
1369 827 1407 876 ut
1433 811 1530 876 novis

361 919 500 985 subinde
520 920 668 986 cladibus
689 936 721 986 et
738 921 863 987 damnis
884 921 1056 1004 turbetur,
1080 922 1268 1006 praesertim
1290 925 1364 988 cu'm
1385 943 1469 1004 quae
1489 942 1541 986 ex·

362 1030 523 1096 contraria
541 1045 631 1114 parte
647 1031 850 1098 sustinentur
869 1032 1033 1114 impensae
1053 1034 1285 1117 rempublicam
1297 1053 1365 1099 non
1375 1047 1531 1110 onerent,

361 1142 452 1208 seda
471 1143 608 1225 privatis
626 1142 888 1224 proficiscantur.
934 1145 980 1209 Et
998 1143 1074 1225 quis
1093 1143 1157 1210 scit
1174 1165 1214 1209 an
1234 1143 1313 1210 felix
1332 1165 1389 1227 per
1407 1144 1531 1211 Indiam

361 1272 532 1320 successus
560 1273 637 1319 mox
667 1253 700 1320 in
719 1254 903 1320 Americam
922 1254 1047 1336 aliquid
1066 1256 1207 1321 audendi
1228 1257 1364 1322 daturus
1384 1256 1427 1321 sit
1447 1237 1532 1321 fidu-

359 1365 469 1430 ciam?
515 1366 617 1452 Quod
644 1365 672 1432 si
701 1365 849 1448 eveniat,
883 1365 966 1447 quid
992 1365 1081 1431 aliud
1111 1386 1209 1448 quarn
1239 1367 1356 1449 praeda
1384 1366 1530 1432 omnium

360 1477 505 1560 gentium
529 1477 591 1542 erit
609 1477 663 1542 illa
675 1497 715 1542 ex
727 1477 872 1542 omniurn
886 1476 1033 1561 gentium
1046 1476 1161 1560 spoliis
1173 1479 1312 1543 collecta
1323 1478 1529 1543 dominatio?

227 1588 427 1672 ProrremJam
449 1609 528 1655 vero
552 1589 581 1653 si
603 1608 717 1654 verum
741 1603 813 1670 est,
845 1603 883 1654 ut
910 1588 1054 1672 magistri
1078 1589 1178 1672 hujus
1201 1587 1247 1653 rei
1269 1588 1476 1671 praecipiunt
1496 1589 1529 1668 ¹,

338 1738 341 1742 -
358 1699 392 1765 in
416 1700 509 1765 utilis
531 1699 791 1766 consideratione
810 1698 905 1764 etiam
917 1700 962 1764 rei
974 1700 1160 1782 propositae
1173 1698 1361 1765 facilitatem
1374 1699 1529 1782 spectari,

358 1825 487 1876 struant
510 1811 558 1876 illi
581 1810 731 1893 quamvis
764 1810 1017 1893 pretiosissimas
1040 1813 1181 1891 classes,
1213 1825 1251 1876 ut
1273 1811 1382 1877 omnia
1404 1811 1528 1895 ingenti

358 1936 514 2005 apparatu
536 1936 704 2004 strepant,
721 1921 749 1986 si
774 1921 856 2003 quid
879 1922 976 2003 illos,
1000 1922 1027 1988 si
1051 1922 1133 2004 quid
1155 1942 1189 1987 se
1209 1921 1322 1988 Batavi
1342 1937 1528 2002 noverunt,

357 2033 440 2098 nihil
472 2032 610 2116 periculi
642 2047 701 2098 est.
746 2033 826 2098 Non
859 2032 961 2118 magis
993 2033 1142 2117 profecto
1175 2053 1272 2115 quam
1305 2033 1463 2099 Romanis
1487 2035 1527 2098 ab

358 2144 501 2210 exercitu
537 2143 697 2210 Antiochi
744 2143 836 2227 fuit,
871 2144 905 2210 in
940 2165 1007 2227 quo
1041 2143 1144 2210 facete
1178 2145 1295 2211 lusisse
1329 2145 1526 2210 Annibalem
1570 2233 1572 2236 Ι

356 2255 488 2321 scimus.
512 2256 597 2321 Nam
621 2275 694 2321 cum
718 2276 776 2322 rex
799 2255 848 2322 illi
860 2255 970 2339 copias
982 2275 1169 2322 numerosas
1182 2255 1288 2321 aureis
1299 2256 1527 2340 argenteisque

356 2367 498 2434 nitentes
511 2367 716 2452 insignibus,
740 2365 875 2434 falcatos
887 2387 1024 2449 currus,
1048 2367 1185 2432 turritos
1197 2368 1409 2450 elephantos,
1433 2366 1527 2447 equi-

356 2491 459 2543 tatum
491 2477 636 2558 fraenis,
670 2477 857 2561 ephippiis,
881 2461 1083 2558 monilibus,
1107 2477 1249 2561 phaleris
1271 2477 1525 2562 praefulgentem

356 2589 591 2673 gloriabundus
604 2588 791 2654 ostenderet
810 2602 842 2652 et
862 2579 1048 2671 quaereret,
1060 2610 1138 2655 num
1158 2589 1237 2655 satis
1256 2609 1326 2655 esse
1345 2590 1399 2654 illa
1419 2589 1527 2654 omnia

356 2699 515 2766 Romanis
544 2699 730 2783 judicaret,
755 2697 811 2764 ille
834 2698 891 2780 qui
913 2698 997 2766 nihil
1019 2700 1121 2785 magis
1145 2720 1242 2782 quam
1266 2699 1447 2767 imbellium
1467 2700 1527 2765 ho·

355 2811 477 2876 minum
503 2810 665 2895 ignaviam
690 2825 873 2891 spectaret,
898 2811 976 2876 satis
1000 2831 1069 2876 esse
1093 2810 1176 2876 dixit
1198 2811 1377 2889 Romanis,
1401 2810 1526 2875 etiamsi

355 2921 534 2989 avarissimi
547 2935 678 3003 essent,
698 2921 983 3004 interrogatusque
995 2921 1035 2986 de
1047 2921 1257 2988 contentione
1269 2921 1407 3000 virium,
1432 2921 1526 3004 quasi

326 3036 328 3040 ’
355 3031 395 3096 de
418 3030 580 3114 praesenti
603 3029 719 3112 praeda
746 3028 930 3112 respondit.
978 3030 1120 3097 Mutatis
1142 3032 1282 3098 vocibus
1304 3032 1429 3098 dictum
1453 3031 1526 3096 inri-

354 3143 515 3207 tabImur:
551 3139 717 3222 quidquid
739 3139 893 3205 Lusitani
915 3159 974 3221 per
995 3141 1120 3207 Indiam
1143 3159 1278 3226 parant,
1304 3143 1414 3227 specie
1437 3162 1526 3226 mag·

355 3253 514 3334 nificum,
547 3251 653 3335 pretio
686 3252 901 3332 opulentum,
935 3249 970 3314 id
1000 3251 1079 3316 satis
1112 3273 1181 3318 esse
1212 3254 1365 3335 BataviS,
1399 3252 1525 3319 etiamsi

355 3363 505 3448 plurimis
538 3362 646 3428 affecti
679 3361 804 3427 damnis
837 3382 904 3427 nou
932 3362 1092 3428 immerito
1115 3363 1260 3430 vicissim
1284 3365 1422 3447 plurima
1446 3384 1524 3431 con·

355 3475 537 3559 cupiscant.
584 3474 799 3539 Antisthenes
820 3473 831 3508 ²
851 3473 928 3538 olim
963 3475 1124 3558 eleganter
1154 3475 1196 3544 ὅτι
1228 3481 1274 3545 δεῖ
1295 3487 1355 3552 τοῖς
1376 3463 1524 3558 πολεμίοις

353 3591 489 3671 εὔχεσθαι
511 3589 642 3666 rapula
664 3595 795 3668 παρεῖναι
815 3589 902 3670 χωρὶς
922 3590 1062 3669 ἀνδρείας.
1092 3591 1205 3666 γίνεται
1224 3592 1283 3670 γὰρ
1303 3586 1390 3662 οὕτως
1414 3591 1446 3656 oti
1468 3595 1525 3654 τῶν

353 3700 477 3783 ἐχόντων
500 3700 585 3766 ἀλλὰ
604 3705 660 3772 τῶν
680 3698 865 3779 κρατούντων.
892 3695 1049 3761 Hostibus
1062 3696 1145 3760 bona
1158 3710 1196 3760 ut
1209 3695 1322 3761 adsint
1343 3695 1523 3782 optandum

355 3811 634 3875 estsinerirtute.
658 3806 712 3870 Sic
736 3808 820 3870 enim
839 3803 930 3887 fiunt
954 3828 1017 3870 non
1040 3807 1230 3871 habentium
1243 3807 1301 3872 sed
1309 3811 1524 3873 uincentium.

355 3919 401 3986 Et
427 3939 503 3984 sane
527 3918 585 4000 qui
604 3917 732 4002 judicio
755 3917 974 3999 comparabit,
998 3938 1094 3982 nemo
1117 3919 1210 3982 aliter
1233 3919 1362 3984 sentiet.
1410 3919 1523 3985 Naves

354 4033 493 4097 batavae
525 4045 649 4112 quanto
683 4028 825 4095 minores
853 4043 944 4093 tanto
969 4029 1120 4113 agiliores
1143 4045 1241 4111 sunt,
1265 4029 1376 4096 faciles
1399 4030 1523 4096 moveri

353 4144 393 4208 ad
425 4161 537 4208 omnes
569 4140 647 4206 belli
680 4154 736 4205 aut
768 4139 864 4206 maris
896 4159 989 4206 casus
1013 4155 1045 4206 et
1068 4160 1149 4222 quas
1179 4141 1295 4208 emissa
1322 4161 1363 4207 ex
1384 4142 1522 4208 adverso

351 4257 414 4320 tela
447 4254 579 4336 impune
613 4253 836 4334 supervolent.
883 4253 1018 4317 Illorum
1042 4253 1372 4337 maguaetardaeque
1395 4256 1521 4334 moles,

351 4407 534 4416 -——--

385 4487 392 4517 ¹
413 4487 490 4537 Arist.
509 4490 584 4536 Rhet.
605 4489 628 4535 d.
647 4490 716 4536 loco.
736 4487 774 4551 [p.
796 4489 867 4546 1363.
886 4502 907 4536 a.
926 4502 963 4538 vs.
984 4487 1036 4551 21.]
1073 4487 1171 4537 IStob.
1190 4492 1265 4538 Serm.
1289 4487 1341 4552 [54.
1359 4489 1413 4549 41.]
