3530 5656
380 651 436 693 VIII
884 651 1047 694 extrario.

380 826 476 882 locum
500 823 649 882 tenuerint
669 823 891 892 Mennonistac,
912 825 1042 882 homines
1064 824 1099 882 ab
1121 824 1199 884 omni
1221 825 1300 884 bello
1321 826 1418 886 alieni.
1448 828 1552 902 Itaque

380 927 410 985 hi
432 944 510 987 suam
532 925 652 1001 praedae
673 938 783 1000 partem
805 927 972 986 abnuerunt
993 931 1040 986 vel
1061 928 1211 1002 portiones
1232 927 1439 990 vendiderunt.
1460 931 1553 992 Fuere

380 1031 482 1100 etlam,
511 1030 561 1103 qui
590 1029 620 1088 id
641 1029 745 1089 fecisse
773 1047 831 1088 non
852 1031 1003 1102 contenti,
1023 1049 1127 1092 novam
1151 1032 1324 1092 Societatem
1345 1032 1471 1093 condere
1491 1039 1552 1094 vel·

380 1136 459 1203 lent,
486 1149 560 1207 quae
587 1133 676 1192 unice
704 1135 896 1207 negotiationi
924 1151 1041 1220 operam
1069 1133 1151 1194 daret
1178 1147 1208 1195 et
1236 1153 1252 1194 a
1281 1136 1364 1196 bellis
1385 1137 1552 1199 abstineret.

381 1238 422 1294 At
445 1235 623 1310 respublica,
643 1253 718 1310 quae
740 1236 857 1297 Indicae
878 1239 1070 1312 navigationis
1092 1240 1279 1314 privilegium
1299 1241 1391 1314 priori
1414 1242 1552 1300 societati

381 1351 575 1411 concesserat,
596 1357 701 1400 novam
718 1341 800 1400 aliam
818 1341 903 1414 juxta
917 1343 994 1400 illam
1016 1343 1155 1402 exsistere
1176 1360 1235 1402 non
1257 1344 1433 1418 patiebatur.
1465 1345 1551 1404 Hanc

274 1443 277 1457 ¹
381 1444 420 1503 ob
440 1460 552 1504 causam
573 1444 616 1504 illi
638 1460 699 1502 eam
720 1445 751 1502 in
773 1445 897 1504 Galliam
917 1446 1089 1515 transferre,
1109 1458 1139 1505 et
1161 1446 1283 1506 Henrici
1306 1447 1348 1506 IV
1360 1448 1466 1521 opibus
1484 1447 1552 1508 sub·

381 1547 445 1604 nixi
473 1545 602 1605 Indicam
630 1547 856 1620 negotiationem
885 1550 1013 1622 experiri
1041 1547 1242 1609 intendebant.
1290 1549 1346 1610 sed
1376 1566 1419 1608 res
1444 1561 1552 1610 eventu

381 1651 485 1708 caruit.
533 1649 658 1708 Ordines
686 1651 762 1710 enim
788 1652 848 1724 regi
869 1651 988 1726 ejusque
1008 1653 1146 1711 ministris
1167 1653 1301 1713 omnibus
1322 1652 1415 1712 modis
1437 1669 1552 1728 persua·

381 1770 460 1823 sere,
480 1765 514 1812 ut
536 1770 594 1811 rem
616 1752 782 1825 differrent,
802 1766 833 1813 et
856 1755 1028 1814 Societatem
1050 1773 1108 1814 non
1131 1767 1274 1814 crearent.

421 1858 530 1930 Magna
549 1874 615 1931 pars
636 1858 785 1916 hominum
813 1857 849 1916 de
869 1859 932 1932 jure
950 1857 1072 1932 praedae
1094 1861 1135 1920 ita
1155 1860 1314 1930 sentiebat,
1334 1857 1423 1934 idque
1444 1859 1552 1918 Grotio

298 1969 302 1975 ·
383 1959 418 2018 ad
449 1961 696 2020 Commentarium
725 1960 968 2020 conscribendum
994 1979 1089 2020 ansam
1117 1961 1228 2022 dedisse
1249 1972 1377 2035 apparet.
1418 1961 1554 2020 Fruinius

382 2063 541 2122 arbitratur
568 2080 633 2122 eum
661 2065 740 2124 hunc
770 2064 897 2124 laborem
920 2067 1080 2140 suscepisse
1101 2067 1163 2140 ipsa
1186 2066 1332 2124 Societate
1349 2076 1485 2134 auctore,
1505 2063 1552 2122 cui

383 2167 412 2224 in
441 2167 494 2224 hac
523 2185 608 2226 causa
638 2179 738 2228 orator
770 2168 905 2229 adfuerit.
949 2169 1109 2245 Utcunque
1130 2187 1158 2230 se
1180 2188 1212 2230 ea
1233 2187 1277 2230 res
1296 2171 1413 2239 habeat,
1432 2185 1470 2228 ex
1491 2169 1553 2242 ipso

384 2271 602 2330 Commentario
620 2271 738 2331 Indicae
760 2274 913 2332 SocietatIs
933 2290 1017 2333 causa
1038 2275 1185 2348 scripsisse
1205 2291 1269 2334 eum
1290 2273 1471 2334 manifestum
1493 2283 1555 2341 est,

383 2385 417 2432 ut
438 2373 604 2433 ostenderet
625 2374 757 2449 praedam
778 2377 814 2434 ab
837 2377 1048 2436 Hemskerckio
1070 2389 1185 2452 captam
1204 2378 1356 2438 Societatis
1374 2392 1450 2443 esse,
1467 2391 1553 2449 quam

383 2478 447 2550 jure
470 2489 501 2536 et
522 2479 552 2535 in
574 2491 723 2553 posterum
744 2480 892 2540 Lusitanis
912 2482 1021 2540 bellum
1041 2483 1185 2542 illaturam
1206 2493 1236 2542 et
1256 2480 1373 2556 praedas
1394 2479 1429 2538 ab
1450 2481 1484 2537 iis
1505 2495 1554 2538 ac-

386 2592 490 2639 turam.
531 2583 640 2640 Verum
668 2583 776 2641 Grotio
802 2596 836 2643 ut
857 2583 887 2643 ld
908 2584 992 2644 nobis
1013 2584 1213 2659 persuaderet,
1233 2586 1400 2645 universum
1419 2583 1463 2657 jus
1483 2582 1553 2641 belli

383 2685 587 2759 explicandum
616 2687 690 2746 fuit:
718 2687 772 2746 hac
801 2704 884 2746 causa
905 2690 980 2748 enim
1002 2691 1183 2763 quaestiones
1203 2689 1345 2763 plurimae
1364 2685 1554 2746 contineban-

384 2800 450 2858 tur,
471 2806 545 2864 quae
564 2791 651 2850 unice
672 2807 709 2850 ex
731 2791 794 2865 iure
815 2793 945 2866 gentium
966 2793 1106 2852 illustrari
1127 2804 1253 2867 possent.
1294 2794 1395 2865 Itaque
1415 2791 1445 2848 in
1462 2790 1554 2862 prima

384 2893 451 2951 libri
480 2906 562 2968 parte
590 2894 626 2953 de
647 2912 732 2954 causa
751 2897 842 2966 nihil,
863 2895 911 2954 sed
933 2897 1025 2970 ipsum
1046 2896 1091 2969 jus
1112 2895 1234 2970 praedae
1254 2895 1393 2967 exponit:
1415 2893 1485 2950 haec
1504 2907 1554 2962 ap·

383 2997 473 3070 pellat
498 2999 669 3071 Dogmatica
697 2996 733 3056 de
758 2999 822 3072 jure
849 2998 979 3072 praedae.
1004 2996 1049 3076 (c.
1080 3015 1105 3056 1.
1132 2999 1162 3055 in
1191 2995 1276 3074 fine.)

426 3100 564 3173 Sequitur
586 3103 675 3158 altera
696 3119 777 3175 pars,
804 3119 861 3176 qua
890 3102 973 3160 nobis
1001 3117 1097 3160 rerum
1125 3111 1215 3160 status
1233 3099 1312 3157 illius
1333 3096 1471 3170 temporis
1492 3094 1554 3156 des·

385 3203 526 3274 cribitur,
554 3204 685 3277 inprimis
716 3205 922 3263 Lusitanorum
949 3205 1068 3264 infestus
1097 3205 1193 3278 Belgis
1220 3203 1348 3272 animus,
1371 3217 1408 3260 ex
1428 3218 1488 3275 quo
1509 3200 1553 3258 illi

384 3307 414 3364 in
445 3305 556 3364 Indiam
587 3308 722 3382 navigare
753 3308 853 3382 ibique
884 3309 1057 3367 commercia
1087 3323 1226 3366 exercere
1252 3316 1422 3380 coeperunt.
1471 3305 1552 3362 Haec

385 3411 507 3468 Grotius
530 3411 678 3469 Historica
694 3423 791 3470 vocat.
833 3413 969 3471 FruinIus
991 3413 1086 3470 fontes
1107 3411 1289 3485 exploravit,
1310 3410 1445 3484 equibus
1462 3408 1553 3482 scrip-

385 3526 432 3572 tor
451 3515 628 3573 narrationes
646 3532 709 3576 suas
727 3515 838 3586 hausit,
858 3527 888 3574 et
909 3517 1051 3589 comperit
1072 3523 1204 3588 magnum
1225 3531 1291 3574 eum
1311 3512 1552 3572 documentorum

385 3632 536 3677 numerum
565 3629 632 3678 ante
660 3621 761 3677 oculos
798 3619 946 3688 habuisse,
973 3635 1046 3692 quae
1071 3629 1137 3692 post
1169 3635 1233 3677 eum
1262 3618 1422 3692 inspexerit
1453 3632 1555 3685 nemo,

385 3732 415 3778 et
441 3737 565 3793 quorum
593 3737 658 3794 pars
689 3733 803 3780 tantum
836 3723 969 3796 supersit.
1020 3723 1122 3796 Itaque
1158 3723 1202 3779 his
1232 3724 1323 3780 multa
1349 3721 1554 3786 continentur,

386 3841 462 3898 quae
483 3824 552 3882 alibi
575 3842 716 3899 nusquam
738 3829 875 3899 leguntur
896 3837 925 3886 et
946 3824 982 3884 ad
1011 3827 1160 3885 historiam
1192 3825 1309 3886 Indicae
1340 3821 1554 3884 Hollandorum

386 3930 579 4002 navigationis
601 3931 760 4004 pertinent.
799 3991 805 3999 ,

426 4034 496 4090 Post
520 4035 668 4092 Historica
690 4035 821 4107 sequitur
841 4046 930 4108 caput
947 4032 1167 4104 duodecimum,
1189 4034 1273 4108 cuius
1293 4033 1384 4106 major
1405 4048 1469 4105 pars
1490 4030 1555 4088 Ma-

387 4138 424 4194 ris
453 4137 538 4194 liberi
565 4138 653 4196 titulo
680 4139 831 4212 separatIm
860 4138 937 4197 edita
964 4150 1017 4198 est.
1058 4139 1203 4213 Opusculi
1225 4138 1310 4211 hujus
1331 4135 1417 4196 finem
1438 4147 1467 4194 et
1488 4150 1555 4208 pro-

386 4241 512 4315 positum
533 4241 694 4300 accuratius
717 4243 933 4316 cognoscimus,
954 4260 1019 4302 cum
1040 4242 1076 4302 ad
1098 4246 1194 4301 locum
1214 4240 1403 4309 attendiurus,
1424 4239 1474 4298 ubi
1496 4239 1555 4312 pri-

386 4361 462 4402 mum
491 4345 649 4418 legebatur.
690 4346 952 4405 Demonstrandum
979 4359 1040 4406 erat
1066 4348 1190 4417 Groti0,
1211 4346 1366 4404 Lusitanos
1387 4347 1472 4402 nullo
1492 4343 1556 4416 jure

386 4449 501 4506 Batavis
523 4449 630 4508 bellum
652 4450 760 4518 facere,
782 4449 860 4523 quod
883 4469 931 4510 sua
953 4450 1069 4510 Indicae
1090 4451 1296 4523 negotiationis
1318 4448 1471 4522 privilegia
1491 4448 1555 4505 vio·
