3552 5654
349 661 410 704 120
635 659 680 704 DE
704 659 797 723 Jultr.
821 657 1004 703 annuunt.
1029 657 1109 703 CAP.
1133 657 1213 703 vlll.

346 831 495 893 expresse
515 810 672 878 convenit
694 824 732 876 ut
751 810 985 891 redderentur,
1007 812 1088 877 haec
1110 824 1148 875 ut
1166 809 1244 875 belli
1264 785 1406 892 prdemia
1425 828 1524 891 penes

346 941 546 1003 possessores
569 925 731 988 manent¹.
764 921 906 988 Videtur
927 921 1043 1006 igitur,
1063 941 1135 986 cunr
1157 920 1309 1003 pactione
1321 920 1522 986 efficiendum

345 1032 389 1097 sit
411 1047 449 1097 ut
479 1033 702 1116 recipiantur,
732 1033 787 1117 jus
820 1051 991 1098 commune
1023 1033 1057 1097 in
1089 1031 1286 1098 contrarium
1311 1030 1522 1113 praecedere:

322 1142 409 1230 ¹hoc
432 1156 540 1208 autem
573 1142 664 1209 aliud
687 1163 756 1208 esse
780 1163 845 1210 non
866 1156 1001 1226 potest,
1025 1161 1121 1224 quam
1149 1161 1189 1206 ex
1220 1140 1320 1207 tacito
1352 1141 1521 1207 civitatum

201 1220 517 1320 ·l.‘l⁵.i'³¹‘''c0nsensu.
563 1254 677 1320 Potest
709 1268 742 1319 et
773 1254 857 1320 illud
879 1253 982 1319 eidem
1014 1253 1060 1318 rei
1093 1253 1290 1323 documento
1314 1271 1409 1333 esse,
1432 1252 1523 1334 quod

347 1383 457 1429 omnes
487 1384 540 1431 res
565 1384 649 1446 quae
673 1365 760 1430 bello
792 1363 966 1448 capiuntur
985 1379 1043 1430 aut
1065 1363 1099 1431 in
1122 1362 1324 1446 postliminio
1345 1376 1446 1442 sunt,
1467 1377 1524 1428 aut

347 1489 437 1539 extra
469 1475 719 1557 postliminium.
766 1475 804 1541 In
836 1475 888 1541 his
919 1495 1003 1557 quae
1033 1473 1269 1558 postliminium
1293 1491 1360 1539 non
1379 1473 1522 1552 habent,

347 1604 419 1650 curn
439 1600 569 1668 recepta
588 1585 629 1650 ad
648 1586 775 1668 priores
793 1585 945 1652 dominos
966 1604 1032 1651 non
1048 1585 1204 1664 redeant,
1223 1598 1347 1650 certum
1361 1598 1411 1650 est
1427 1583 1522 1648 amis·

345 1714 417 1760 sum
450 1714 519 1761 esse
546 1696 602 1779 jus
624 1695 761 1762 dominii
783 1696 963 1778 hostesque
995 1696 1146 1761 dominos
1166 1715 1200 1760 re
1220 1715 1297 1762 vera
1314 1692 1428 1760 factos.
1471 1693 1522 1759 Ea

347 1825 424 1870 vero
452 1825 537 1888 quae
565 1805 599 1872 in
620 1806 824 1888 postliminio
850 1820 927 1872 sunt
946 1826 1024 1890 uon
1047 1806 1081 1873 in
1113 1806 1258 1873 dominio
1285 1803 1521 1889 permansisse,

345 1916 403 1981 sed
423 1915 456 1980 in
478 1916 660 1982 dominium
680 1916 810 1982 restitui
830 1917 975 2000 putanda
995 1931 1096 1998 sunt,
1116 1914 1193 1998 quia
1213 1914 1450 1999 postliminium
1472 1915 1522 1980 di-

344 2027 430 2091 citur
458 2027 513 2111 ius
544 2046 615 2092 esse
632 2026 678 2092 rei
710 2026 844 2094 amissae
871 2028 1095 2109 alienataeque
1125 2026 1329 2110 recipiendae
1349 2026 1384 2109 ²,
1409 2027 1453 2091 ita
1483 2040 1522 2090 ut

343 2151 472 2220 recepta
495 2156 555 2220 pro
589 2137 631 2203 iis
652 2138 856 2217 habeantur,
891 2137 985 2220 quasi
1019 2138 1130 2203 hostes
1152 2157 1332 2219 numquam
1360 2137 1401 2204 iis
1423 2137 1521 2220 potiti

345 2261 452 2314 essent
462 2236 475 2312 ε’
485 2249 636 2330 clareque
648 2248 802 2314 traditum
813 2263 883 2329 est,
904 2248 963 2314 ubi
974 2247 1155 2314 dominium
1166 2247 1338 2330 retinetur,
1356 2247 1439 2313 nihil
1451 2265 1521 2313 esse

345 2377 429 2441 opus
459 2357 665 2441 postliminii.
710 2358 799 2423 Idem
829 2378 869 2424 ex
900 2378 939 2424 eo
973 2357 1086 2441 colligi
1117 2372 1251 2440 potest,
1276 2357 1354 2440 quia
1381 2359 1521 2424 redemta

345 2469 385 2532 ab
416 2468 568 2535 hostibus
598 2469 753 2534 dicuntur
782 2469 934 2552 protinus
965 2468 1035 2534 fieri
1058 2468 1268 2550 redimentis,
1291 2470 1350 2534 sed
1372 2468 1521 2535 offerenti

341 2573 485 2661 pretium
515 2579 569 2662 jus
588 2577 782 2661 postliminii
805 2579 885 2645 dari.
930 2579 1022 2646 Haec
1046 2594 1153 2645 autem
1177 2580 1287 2644 omnia
1308 2594 1373 2645 tam
1397 2599 1436 2644 ex
1457 2598 1520 2646 una

344 2705 457 2772 parte,
481 2709 579 2772 quarn
602 2709 641 2754 ex
661 2691 760 2755 altera
785 2690 933 2757 obtinere
955 2691 1149 2774 apertissimi
1169 2691 1254 2775 iuris
1277 2705 1326 2756 est
1340 2697 1364 2757 ⁸.
1389 2690 1435 2756 Et
1446 2710 1521 2756 sane

344 2801 434 2868 haud
453 2801 522 2868 scio
543 2821 583 2867 an
605 2803 671 2868 ulla
691 2793 735 2868 sit
758 2800 870 2885 natio,
896 2822 980 2884 quae
1004 2802 1097 2867 aliter
1115 2801 1289 2868 existimet.
1324 2801 1411 2866 Nam
1435 2802 1520 2868 etin

345 2932 434 2978 sacra
455 2911 592 2979 historia
609 2913 729 2996 praeda
749 2913 888 2980 Davidis
908 2913 1028 2979 dicitur
1047 2913 1101 2990 id,
1122 2913 1214 2995 quod
1236 2913 1346 2979 David
1357 2913 1522 2978 Ameleci·

345 3023 412 3104 tis,
429 3023 632 3088 Amelecitae
652 3037 761 3089 autem
783 3022 852 3090 suis
872 3024 1026 3091 hostibus
1043 3020 1269 3106 eripuerant*:
1288 3024 1374 3090 unde
1390 3038 1522 3107 apparet

346 3133 528 3199 dominium
557 3133 608 3199 bis
640 3151 709 3199 esse
742 3135 943 3200 translatum.
989 3135 1067 3200 Fuit
1089 3134 1152 3200 ista
1173 3133 1353 3202 doctissimi
1373 3133 1521 3218 Fulgosii

347 3243 531 3324 sententia,
562 3263 658 3325 quam
675 3244 776 3329 Jason
799 3244 950 3327 sequitur
962 3248 984 3311 ⁵.
1030 3245 1172 3311 Romani
1194 3245 1326 3328 quidem
1347 3247 1522 3312 observan-

346 3353 463 3420 tissimi
496 3355 671 3437 aequitatis
701 3355 844 3438 apertius
870 3356 934 3420 hoc
956 3355 1063 3438 ipsum
1087 3356 1340 3437 constituerant,
1364 3377 1461 3438 quam
1484 3370 1522 3422 ut

347 3464 510 3531 dubitatio
540 3465 780 3548 relinqueretur
802 3463 829 3533 ⁶.
872 3466 926 3545 Ne
960 3465 1123 3549 pontificii
1158 3467 1291 3550 quidem
1316 3467 1400 3552 juris
1422 3466 1522 3532 inter·

345 3591 455 3659 pretes
476 3575 487 3614 ⁷
509 3576 720 3644 dissentiunt.
766 3578 865 3644 Unde
890 3578 985 3660 sequi
1005 3577 1138 3644 videtur
1159 3578 1352 3659 subditum,
1373 3579 1432 3662 qui
1453 3580 1521 3643 bel·

381 3822 425 3870 11.
450 3822 471 3871 si
494 3823 556 3883 quid
578 3821 656 3871 bello.
673 3823 699 3872 ff.
722 3826 838 3886 decept.
858 3825 902 3887 [D.
921 3838 963 3888 49.
984 3837 1023 3881 15.
1039 3824 1092 3888 28.]
1112 3823 1200 3883 cujac.
1220 3828 1259 3875 ad.
1278 3829 1296 3875 1.
1319 3839 1341 3883 5.
1359 3826 1385 3876 ff.
1404 3829 1435 3876 de
1454 3839 1520 3888 pact.

350 3913 393 3978 [D.
413 3928 436 3962 a.
461 3913 511 3977 14.]
532 3915 771 3978 etObserv.l.19.
796 3929 821 3963 n.
844 3928 868 3974 7.
902 3913 913 3948 ²
930 3918 948 3964 1.
966 3915 1161 3976 postliminium.
1177 3917 1203 3965 ff.
1221 3918 1252 3966 de
1269 3929 1335 3978 capt.
1358 3918 1403 3980 [D.
1419 3932 1460 3980 49.
1480 3931 1519 3975 rs.

349 4005 402 4066 19.]
420 4005 476 4054 Cle.
493 4005 559 4065 Top.
579 4006 614 4067 [c.
637 4008 660 4054 8.
675 4009 697 4064 5.
715 4007 755 4064 ³6·
773 4004 823 4069 sq.]
844 4008 861 4054 1.
883 4006 910 4054 in
928 4003 1005 4054 bello.
1024 4010 1046 4066 5.
1064 4018 1170 4055 caetera.
1191 4007 1217 4055 ff.
1235 4021 1267 4056 eo
1284 4007 1324 4056 tit.
1344 4007 1374 4072 [l.
1393 4022 1433 4057 12.
1451 4012 1464 4068 5
1481 4008 1518 4073 6.]

347 4099 364 4143 1.
381 4110 432 4144 non
448 4096 545 4144 dubito.
567 4108 591 4145 et
614 4098 630 4144 1.
648 4099 743 4146 hostes.
765 4096 794 4160 [l.
819 4109 843 4156 7.
868 4108 894 4145 et
918 4099 935 4144 1.
963 4095 1015 4160 24.]
1036 4100 1061 4147 d.
1079 4100 1096 4146 1.
1114 4098 1140 4146 in
1158 4098 1236 4146 bello.
1253 4102 1275 4157 5.
1294 4098 1316 4146 si
1332 4099 1389 4159 quis
1409 4112 1520 4149 servum.

334 4187 379 4249 ·[1.
399 4201 437 4234 12.
456 4201 487 4234 eo
505 4187 545 4234 tit.
562 4189 584 4244 5.
602 4187 639 4248 7.]
675 4187 686 4219 ⁸
704 4189 769 4236 Fest.
788 4188 814 4235 in
833 4203 859 4236 v.
876 4187 1072 4236 Postliminium.
1089 4190 1114 4237 d.
1123 4191 1139 4235 1.
1156 4188 1182 4236 in
1197 4185 1273 4237 bello.
1282 4193 1304 4248 5.
1312 4191 1521 4239 manumittendo.

351 4275 384 4339 [5.
398 4276 434 4340 9.]
471 4276 482 4309 ⁴
500 4279 563 4324 Sam.
582 4290 603 4325 1.
620 4289 659 4334 30.
679 4291 719 4325 20.
753 4277 763 4308 ⁵
781 4290 887 4338 uterque
904 4279 966 4326 adl.
985 4291 1016 4326 ex
1035 4281 1085 4326 hoc
1103 4277 1166 4335 jure.
1183 4278 1208 4326 ff.
1228 4281 1260 4327 de
1277 4278 1334 4336 inst.
1353 4293 1377 4329 et
1397 4280 1461 4338 jure.
1476 4280 1521 4345 [D.

352 4381 373 4414 1.
395 4381 416 4416 1.
439 4367 475 4428 5.]
510 4366 600 4416 ⁶Inst.
625 4365 715 4427 quibus
737 4367 820 4416 modis
840 4366 878 4425 jus
900 4379 955 4428 pot.
973 4371 996 4426 5.
1014 4368 1058 4428 qui
1076 4366 1105 4416 ab
1122 4371 1188 4418 host.
1208 4368 1240 4433 [1.
1260 4385 1281 4418 1.
1302 4385 1339 4418 re.
1362 4375 1384 4430 5.
1406 4371 1442 4436 5·]
1463 4373 1520 4433 Dig.

349 4459 380 4504 cle
404 4469 471 4516 capt.
491 4469 548 4505 toto
569 4458 609 4505 tit.
629 4456 675 4520 [D.
699 4471 740 4519 49.
768 4459 817 4520 19.]
853 4455 914 4518 ⁷gl.
937 4459 963 4506 in
981 4472 1004 4507 c.
1020 4457 1060 4516 jus
1078 4461 1198 4518 gentium.
1218 4461 1302 4522 [Dect.
1323 4464 1390 4510 Grat.
1409 4477 1435 4523 p.
1453 4444 1476 4512 1.
1499 4477 1518 4511 1.

348 4561 372 4606 4.
391 4546 426 4609 9.]
448 4550 505 4596 l‘un.
522 4551 552 4596 ael
571 4563 591 4597 c.
612 4549 685 4598 sicut.
705 4551 735 4597 de
754 4547 858 4606 jurejur.
