3546 5654
522 668 568 713 DE
592 667 685 736 JURE
713 665 894 712 PRAEDAE.
920 667 999 713 CAP.
1026 666 1091 714 x11.
1336 666 1399 732 207

226 822 353 889 tellanis
383 821 478 888 etiam
510 821 542 887 in
574 821 786 888 Americanos
816 823 874 887 bas
897 820 1002 904 justas
1020 816 1168 902 potuisse
1187 817 1264 884 belli
1286 839 1399 888 causas

226 953 297 998 esse
330 950 363 1000 et
389 934 525 1000 caeteris
544 931 782 1016 probabiliores
812 928 961 997 Victoria
983 937 991 970 ¹
1013 943 1131 1013 putat,
1154 928 1182 993 si
1202 930 1399 1012 peregrinari

226 1059 258 1109 et
285 1046 400 1128 degere
421 1045 508 1128 apud
529 1044 605 1110 illos
627 1042 904 1126 prohiberentur,
927 1042 955 1107 si
981 1055 1166 1108 arcerentur
1189 1059 1206 1106 a
1227 1040 1401 1124 participa-

224 1155 315 1221 tione
346 1175 454 1220 earum
482 1173 611 1233 rerum,
636 1172 719 1235 quae
738 1153 812 1237 jure
834 1154 979 1238 gendum
1004 1165 1061 1217 aut
1081 1151 1227 1217 moribus
1255 1171 1401 1217 commu·

225 1265 280 1329 nia
308 1279 407 1344 sunt,
430 1263 458 1331 si
478 1263 633 1345 denique
656 1262 697 1328 ad
728 1263 919 1328 commercia
942 1282 1009 1329 non
1030 1262 1289 1328 admitterentur.
1334 1262 1401 1329 Cui

226 1374 331 1441 simile
351 1390 422 1457 est,
435 1374 527 1456 quod
546 1374 580 1440 in
601 1372 733 1442 Mosis²
749 1373 886 1440 historia
906 1389 938 1441 et
958 1373 1033 1440 inde
1052 1374 1139 1456 apud
1151 1372 1402 1458 Augustinum³

227 1483 385 1569 legimus,
400 1486 489 1571 justa
509 1486 595 1552 bella
614 1485 775 1552 Israelitas
796 1499 908 1550 contra
925 1485 1123 1550 Amorraeos
1141 1482 1302 1568 gessisse,
1325 1483 1402 1565 quia

228 1595 384 1662 innoxius
413 1596 569 1664 transitus
592 1596 836 1680 denegabatur,
861 1595 920 1678 qui
941 1596 1015 1681 jure
1044 1595 1204 1662 humanae
1236 1593 1402 1662 societatis

227 1707 425 1790 aequissimo
453 1723 563 1792 patere
586 1708 736 1776 debebat.
781 1707 827 1774 Et
848 1707 913 1773 hoc
934 1706 1068 1774 nomine
1091 1706 1252 1773 Hercules
1273 1705 1403 1772 Orcho-

227 1819 407 1886 meniorum
429 1819 465 1901 ⁴,
488 1819 606 1886 Graeci
638 1820 700 1885 sub
730 1819 978 1906 Agamemnone
1011 1819 1183 1902 Mysorum
1217 1817 1285 1903 regi
1318 1838 1404 1884 arma

229 1931 428 1998 intulerunt:
452 1931 547 2014 quasi
571 1931 672 1998 libera
695 1946 806 1998 essent
828 1931 1019 1998 naturaliter
1039 1930 1174 2009 itinera,
1198 1944 1236 1994 ut
1257 1929 1402 1995 baldus‘

228 2041 332 2121 dixit3
357 2057 619 2125 accusanturque
641 2062 659 2108 a
679 2041 854 2109 Germanis
888 2041 976 2125 apud
1010 2039 1166 2107 Tacitum
1195 2037 1208 2073 ⁸
1236 2040 1403 2120 Romani,
1465 2103 1467 2106 .

230 2153 322 2234 quod
342 2153 508 2235 colloquia
537 2172 801 2236 congressusque
834 2152 980 2235 gentium
1010 2164 1178 2231 arcerent,
1202 2150 1403 2232 fluminaque

230 2278 263 2328 et
286 2278 389 2330 terras
413 2277 446 2331 et
465 2265 590 2328 caelum
614 2261 856 2344 quodammodo
878 2261 986 2345 ipsum
1012 2261 1212 2328 clauderent.
1258 2261 1332 2326 Nec
1354 2263 1404 2327 ul·

230 2375 283 2438 lus
302 2373 422 2438 titulus
444 2371 643 2438 Christianis
664 2373 829 2453 quondam
851 2371 885 2436 in
898 2372 1077 2437 Saracenos
1096 2371 1200 2456 magis
1221 2371 1348 2453 placuit
1367 2371 1403 2452 ',

231 2500 329 2561 quam
354 2482 445 2564 quod
465 2502 524 2564 per
544 2481 619 2548 illos
640 2496 742 2549 terrae
761 2481 904 2566 Judaeae
927 2481 1018 2548 aditu
1041 2494 1239 2548 arcerentur.
1286 2479 1405 2564 Sequi-

231 2606 285 2657 tur
313 2611 353 2656 ex
380 2592 440 2658 hac
468 2592 629 2658 sententia
649 2592 850 2674 Lusitanos,
875 2592 1000 2660 etiamsi
1022 2592 1144 2658 domini
1167 2607 1275 2660 essent
1295 2612 1403 2658 earum

231 2703 425 2787 regionum,
445 2704 486 2770 ad
507 2724 588 2785 quas
605 2703 719 2770 Batavi
736 2703 1014 2787 proficiscuntur,
1037 2702 1189 2787 injuriam
1211 2718 1319 2770 tamen
1340 2702 1406 2768 fac-

231 2829 345 2896 turos,
370 2815 397 2882 si
421 2815 545 2882 aditum
569 2813 699 2881 Batavis
721 2829 754 2880 et
772 2829 948 2881 mercatum
966 2801 1224 2898 praecluderent.
1269 2815 1405 2902 Quanto

232 2924 334 3011 igitur
357 2926 506 3010 iniquius
533 2941 605 3008 est,
626 2929 777 2994 volentes
809 2927 938 3009 aliquos
963 2947 981 2993 a
1001 2925 1183 2992 volentium
1206 2927 1404 3008 populorum

231 3038 426 3104 commercio
452 3039 577 3104 secludi
605 3038 737 3104 illorum
768 3055 890 3121 opera,
914 3057 1054 3120 quorum
1085 3037 1119 3104 in
1150 3051 1312 3120 potestate
1344 3055 1404 3102 nec

231 3149 346 3231 populi
380 3149 434 3216 isti
466 3164 565 3232 sunt,
589 3169 650 3214 nec
673 3149 758 3216 illud
779 3149 910 3232 ipsum,
934 3169 999 3231 qua
1028 3148 1090 3214 iter
1110 3163 1184 3231 est,
1208 3148 1340 3231 quando
1361 3149 1406 3212 la-

231 3274 343 3326 trones
374 3261 469 3326 etiam
504 3275 536 3326 et
564 3261 685 3345 piratas
712 3280 779 3328 non
811 3260 876 3326 alio
904 3260 1006 3348 magis
1029 3261 1161 3327 nomine
1184 3260 1405 3340 detestamur,

233 3392 330 3453 quam
362 3373 453 3456 quod
479 3371 527 3438 illi
550 3372 720 3439 hominum
745 3372 830 3439 inter
852 3392 887 3437 se
908 3385 1108 3439 commeatus
1130 3371 1284 3438 obsident
1306 3387 1405 3454 atque

233 3483 400 3550 infestant.
445 3485 523 3551 Non
556 3503 626 3550 esse
657 3499 765 3550 autem
789 3483 968 3551 Lusitanos
1003 3504 1112 3551 earum
1130 3483 1277 3567 ¹partium
1302 3482 1407 3549 domi·

179 3665 183 3673 ,
224 3613 317 3685 ρος,
352 3595 394 3661 ad
425 3616 506 3678 quas
538 3595 653 3662 batavi
681 3596 863 3678 accedunt,
897 3610 976 3679 puta
1005 3594 1130 3679 Javae,
1167 3592 1406 3677 Taprobanae‚

231 3705 332 3788 partis
355 3706 511 3772 maximae
524 3707 776 3789 Moluccarum,
789 3706 970 3772 certissimo
986 3720 1180 3790 argumento
1197 3705 1405 3791 colligimus,

234 3817 311 3899 quia
328 3817 480 3883 dominus
499 3835 596 3883 nemo
620 3832 670 3884 est
693 3818 764 3901 ejus
787 3817 858 3898 rei,
882 3836 979 3899 quam
998 3835 1058 3883 nec
1082 3817 1151 3899 ipse
1172 3835 1328 3898 umquam
1348 3835 1407 3880 nec

241 4019 425 4032 m

268 4137 276 4170 ¹
295 4139 364 4188 Vict.
385 4141 416 4188 dc
441 4137 518 4187 Indis.
540 4152 566 4198 p.
586 4152 609 4185 a.
627 4151 652 4185 n.
673 4150 695 4185 1.
715 4151 738 4185 a.
757 4149 780 4194 3.
797 4149 822 4198 4,
842 4149 864 4192 5.
882 4137 906 4185 6.
925 4149 948 4194 7.
967 4137 1040 4206 Adde
1060 4137 1165 4184 covarr.
1183 4134 1209 4183 in
1226 4149 1249 4184 c.
1266 4147 1408 4196 peccatum.

234 4230 247 4290 S
265 4245 288 4291 9.
306 4245 332 4277 n.
350 4244 374 4291 4.
393 4228 444 4291 ibi,
461 4229 558 4289 quinta.
591 4224 695 4276 'Num
714 4242 737 4276 c.
757 4241 797 4275 20.
832 4226 843 4259 ³
862 4229 967 4287 August.
984 4229 1002 4275 l.
1019 4241 1044 4288 4
1062 4241 1087 4287 q.
1104 4240 1145 4287 44.
1160 4239 1236 4287 super
1254 4227 1329 4275 Num.
1345 4226 1407 4274 cita-

236 4331 276 4368 tur
300 4321 326 4368 in
350 4321 439 4383 [Decr.
464 4322 533 4367 Grac.
557 4333 583 4379 p.
607 4332 630 4366 a.
654 4331 694 4375 23.
718 4333 742 4366 2.
767 4317 803 4382 3.]
844 4316 1090 4379 ⁴sopn.·Trachin.
1129 4317 1241 4366 ⁵Cons.
1265 4319 1282 4365 l.
1305 4330 1328 4374 3.
1351 4330 1408 4379 293.

236 4410 360 4458 ‘Histon
381 4414 398 4459 1.
416 4424 438 4472 4.
460 4411 498 4473 [c.
516 4409 569 4474 ⁶4·]
605 4407 748 4458 ⁷Alciatus
772 4422 843 4459 cons.
867 4411 884 4456 l.
904 4423 928 4470 4.
950 4421 1004 4467 1³0·
1022 4407 1206 4458 eonomine.
1224 4420 1364 4468 peccatum.
1382 4423 1408 4469 p.

239 4514 261 4547 2.
277 4503 299 4558 §-
318 4515 341 4561 9.
359 4503 424 4549 Bart.
442 4503 481 4549 ad.
499 4503 515 4548 l.
537 4514 557 4548 r.
577 4503 606 4548 C.
625 4503 655 4549 de
673 4500 783 4562 paganis.
803 4501 846 4562 [C.
868 4514 888 4547 1.
909 4501 958 4561 11.]
1034 4509 1036 4514 ⁴
