3546 5654
526 645 571 690 DE
595 645 687 709 JURE
717 643 898 689 Punnnnn.
924 645 1003 688 CAP.
1028 644 1093 689 XII.
1352 642 1414 704 205

242 800 383 884 Anglis,
407 798 564 866 Venetis:
597 814 629 864 et
657 797 831 883 diligenter
849 796 926 863 vide
946 817 1023 862 num
1046 795 1128 879 quid
1149 795 1257 862 obstet
1283 795 1415 878 quomi-

242 932 326 992 nus,
351 911 378 978 si
400 930 433 977 se
455 931 505 978 res
526 911 571 974 ita
593 911 752 989 haberet,
775 910 893 992 praeda
910 910 998 993 justa
1022 927 1169 990 puraque
1192 908 1316 973 censeri
1339 929 1415 989 pos·

241 1038 303 1089 set.
327 1022 407 1089 Post
427 1022 585 1104 privatam
598 1040 727 1088 causam
740 1021 904 1103 publicam
919 1019 1083 1102 expende:
1109 1019 1142 1082 in
1155 1033 1295 1101 utraque
1307 1033 1413 1084 autem

241 1134 390 1217 inspice,
424 1132 506 1215 quid
523 1132 602 1198 belli
621 1132 812 1198 auctoribus
835 1152 895 1214 pro
919 1129 1082 1222 se,!quid
1102 1145 1211 1196 autem
1233 1149 1292 1212 pro
1314 1129 1414 1194 sociis

242 1243 388 1309 licuerit:
414 1242 530 1308 deinde
561 1243 602 1307 ad
629 1242 781 1309 subditos
804 1257 836 1307 te
859 1259 1015 1309 converte
1037 1242 1123 1308 etin
1147 1241 1287 1324 singulis
1306 1239 1414 1306 omnia

242 1373 411 1420 causarum
436 1373 552 1438 genera
575 1372 753 1434 omnesque
773 1353 981 1419 definitiones
1000 1353 1154 1436 expende.
1201 1353 1252 1417 Ac
1273 1351 1413 1434 primum

242 1466 283 1530 ad
304 1485 456 1548 personas
488 1464 579 1546 quod
600 1465 718 1530 attinet
742 1466 775 1545 ¹,
800 1485 873 1530 cum
897 1464 1015 1547 privati
1039 1464 1118 1530 belli
1138 1477 1333 1547 potestatem
1357 1482 1414 1529 na-

242 1590 315 1641 tura
347 1577 418 1660 ejus
447 1576 531 1661 juris
563 1576 693 1642 domina
723 1591 821 1660 atque
854 1576 1042 1659 imperatrix
1076 1575 1196 1640 nemini
1228 1575 1413 1640 mortalium

243 1703 361 1772 neget,
387 1687 574 1754 societatem
605 1687 753 1754 Indicam
777 1687 907 1754 excludi
929 1707 1025 1754 nemo
1055 1687 1194 1752 dixerit:
1218 1686 1310 1768 quod
1329 1685 1414 1752 enim

243 1800 381 1885 singulis
405 1801 565 1882 seorsim,
588 1800 674 1868 idem
699 1799 900 1866 coniunctim
924 1799 1076 1882 pluribus
1096 1798 1180 1883 juris
1204 1812 1262 1863 est.

286 1912 425 1978 Causam
455 1933 532 1996 ergo
554 1912 641 1977 unde
660 1912 782 1977 bellum
806 1912 912 1976 oritur
943 1912 1027 1994 (hoc
1055 1909 1139 1974 enirn
1166 1909 1312 1992 proxime
1337 1928 1416 1974 con-

242 2023 412 2108 sequitur)
443 2023 698 2107 investigemus:
725 2037 757 2087 et
776 2021 855 2103 quia
880 2021 1069 2087 monuimus
1091 2040 1211 2104 supra,
1236 2041 1319 2101 quae
1338 2040 1415 2086 cau·

243 2153 318 2215 sae,
352 2135 378 2201 si
410 2136 518 2218 Justae
552 2149 682 2214 essent,
716 2133 839 2198 bellum
871 2132 1022 2214 petitoris
1053 2132 1179 2215 iustum
1212 2129 1358 2196 facerent
1379 2129 1414 2212 ²,

243 2245 388 2324 easdem,
402 2247 429 2309 si
450 2245 485 2310 id
502 2247 557 2329 jus
578 2264 645 2309 non
669 2258 755 2308 recte
771 2262 846 2324 prae
861 2261 895 2305 se
915 2240 1047 2320 ferunt,
1058 2240 1219 2324 justitiam
1240 2241 1280 2306 ad
1302 2241 1417 2308 defen·

243 2374 348 2420 sorem
367 2353 566 2433 transferre,
587 2371 780 2434 quaeramus
800 2353 839 2418 ab
861 2351 941 2434 ipsis
959 2351 1149 2430 Lusitanis,
1164 2350 1245 2433 quid
1263 2350 1306 2416 sit
1325 2352 1416 2433 quod

244 2463 292 2527 illi
324 2485 341 2530 a
371 2463 528 2530 societate
560 2464 672 2529 Indica
695 2465 875 2546 postulent.
918 2462 999 2528 Non
1022 2461 1122 2528 dubie
1148 2462 1414 2545 respondebunt,

243 2576 307 2641 hoc
327 2595 428 2641 unum
451 2596 485 2640 se
508 2577 692 2657 postulare,
710 2593 751 2639 ne
772 2573 846 2656 quis
869 2588 995 2657 praeter
1015 2594 1050 2638 se
1071 2574 1110 2638 ad
1130 2574 1230 2640 Indos
1250 2575 1414 2640 mercandi

243 2707 340 2753 causa
363 2687 511 2753 accedat:
537 2687 628 2768 quod
650 2686 743 2752 etiam
770 2686 797 2750 si
818 2701 906 2752 recte
927 2685 1110 2777 diceretur,
1131 2703 1198 2750 non
1211 2699 1318 2750 tamen
1339 2705 1417 2752 con-

243 2799 337 2863 tinuo
370 2784 507 2864 insidiae
540 2812 572 2863 et
600 2796 724 2880 perlida
757 2795 922 2876 facinora,
952 2815 1035 2878 quae
1068 2795 1166 2861 modo
1190 2797 1415 2878 narravimus,

243 2923 483 2974 excusarentur.
530 2908 596 2973 Sed
617 2923 724 2974 tamen
746 2907 824 2989 quia
856 2909 947 2973 color
976 2908 1031 2973 ille
1062 2906 1102 2971 ad
1128 2908 1232 2972 multa
1254 2906 1415 2989 pertinet,

242 3020 276 3085 in
300 3020 371 3103 ipso
394 3020 486 3086 aditu
518 3019 736 3102 explorandus
763 3033 823 3084 est.
868 3017 1012 3083 Primum
1046 3037 1123 3102 ergo
1156 3017 1239 3083 illud
1269 3018 1415 3101 positum
1429 3040 1547 3088 noant.

243 3131 286 3196 sit
314 3132 387 3215 jure
417 3130 563 3215 gentium
594 3129 747 3212 primario
774 3131 934 3214 jubente,
967 3130 1063 3214 cujus
1082 3129 1165 3195 ratio
1189 3145 1345 3214 perpetua
1368 3146 1416 3196 est

243 3258 275 3307 et
307 3241 542 3324 immutabilis,
566 3242 664 3308 licere
687 3240 819 3307 Batavis
842 3223 1018 3322 quibusvis
1047 3261 1120 3306 cum
1142 3242 1295 3325 gentibus
1315 3261 1416 3327 nego-

242 3354 326 3420 tiari.
358 3354 480 3418 Noluit
504 3353 589 3418 enim
612 3353 703 3418 Deus
724 3373 761 3418 ea
781 3367 921 3432 cuneta,
946 3351 1068 3434 quibus
1089 3351 1158 3418 vita
1178 3352 1327 3437 indiget,
1347 3373 1416 3418 om·

241 3465 339 3531 nibus
359 3465 442 3531 locis
459 3465 667 3548 suppeditare
686 3479 849 3530 naturam:
866 3463 990 3530 artibus
1008 3463 1104 3544 etiam
1121 3463 1194 3531 aliis
1210 3464 1287 3530 alias
1305 3480 1415 3550 gentes

242 3577 333 3642 dedit
357 3578 524 3642 excellere.
558 3577 636 3663 Quo
657 3575 741 3656 ista,
765 3576 828 3641 nisi
849 3575 941 3657 quod
959 3574 1069 3642 voluit
1086 3591 1199 3641 mutua
1221 3590 1363 3662 egestate
1384 3591 1416 3641 et

242 3688 337 3771 copia
351 3689 508 3754 humanas
525 3687 631 3752 foveri
648 3687 828 3766 amicitias,
846 3706 886 3752 ne
903 3687 1024 3772 singull
1042 3705 1076 3752 se
1091 3701 1246 3769 putantes
1259 3688 1323 3753 sibi
1336 3666 1415 3771 ipsis

242 3799 412 3878 sufficere,
436 3799 499 3864 hoc
522 3799 594 3880 ipso
618 3798 833 3864 redderentur
853 3796 1087 3862 insociabiles?
1105 3796 1206 3863 Nunc
1226 3796 1415 3863 factumest

241 3927 279 3976 ut
309 3930 388 3994 gens
421 3911 520 3975 altera
552 3909 685 3974 alterius
716 3910 884 3992 suppleret
915 3907 1082 3990 inopiam,
1116 3907 1245 3974 divinae
1268 3908 1414 3993 justitiae

242 4023 421 4101 institut0,
445 4035 482 4086 ut
507 4039 545 4085 eo
575 4019 674 4085 modo
698 4018 805 4102 (sicut
827 4018 954 4084 Plinius
977 4017 988 4052 ³
1011 4017 1134 4102 dicit),
1159 4019 1249 4100 quod
1270 4019 1413 4103 genitum

240 4188 438 4197 -.-—.—.-

277 4291 284 4324 ¹
303 4307 335 4342 ex
354 4294 519 4343 conclusione
538 4282 639 4354 quinta,
656 4292 764 4342 articulo
783 4293 885 4354 priore,
902 4292 928 4341 in
945 4291 1033 4353 primis
1049 4291 1135 4340 verbis
1154 4303 1178 4340 et
1197 4304 1261 4350 quae
1279 4293 1310 4340 ad
1325 4293 1413 4340 horum

241 4385 482 4434 demonstrationem
504 4397 544 4434 ant
566 4385 764 4452 explicationem
782 4384 909 4445 pertinent
926 4398 983 4444 cap.
1000 4395 1083 4433 sexto.
1117 4381 1128 4416 ²
1146 4382 1172 4430 in
1188 4396 1211 4431 c.
1231 4395 1255 4440 7.
1270 4396 1322 4430 non
1337 4385 1412 4443 longe

242 4489 255 4522 a
270 4475 409 4535 principio.
445 4475 562 4536 'Paneg
580 4475 619 4538 (c.
637 4489 676 4537 29.
694 4479 716 4534 5.
733 4475 770 4539 a.)
