3546 5654
533 667 579 712 DE
602 665 696 732 June
722 665 907 712 PRAEDAE·
934 663 1013 710 CAP.
1039 664 1103 710 ΧΠ.
1331 665 1390 728 231

225 836 339 904 potum
361 841 401 887 ex
422 818 565 886 flumine.
611 819 711 885 Ratio
730 831 862 901 apparet
885 817 986 900 quia,
1009 838 1083 884 cunr
1114 817 1212 884 unius
1233 817 1279 884 rei
1300 834 1395 884 natu-

225 933 332 998 raliter
354 951 436 998 usus
452 946 561 998 essent
578 930 718 1010 diversi,
738 949 811 995 eum
832 930 989 994 duntaxat
1010 944 1122 1014 gentes
1141 927 1292 996 divisisse
1313 930 1396 994 inter

224 1063 259 1108 se
278 1044 448 1123 videntur,
472 1042 531 1126 qui
550 1042 621 1108 sine
640 1041 837 1125 proprietate
857 1041 1026 1106 commode
1050 1040 1160 1106 haberi
1183 1061 1248 1106 non
1268 1055 1395 1123 posset,

226 1171 339 1221 contra
370 1169 479 1220 autem
510 1173 582 1219 eum
611 1152 796 1236 recepisse,
821 1172 879 1236 per
903 1172 1000 1233 quem
1024 1151 1149 1217 domini
1171 1151 1318 1218 conditio
1342 1151 1397 1216 de·

223 1266 325 1332 terior'
342 1286 408 1331 non
428 1280 514 1331 essct
531 1263 650 1330 sutura.
676 1264 799 1328 Omnes
818 1263 920 1347 igitur
939 1261 1054 1328 vident
1073 1283 1164 1341 eum,
1183 1262 1242 1344 qui
1262 1263 1397 1328 alterum

227 1376 379 1461 navigare
411 1376 605 1458 prohibeat,
637 1376 730 1442 nullo
758 1375 831 1458 jure
856 1373 1006 1456 defendi,
1031 1394 1105 1442 cum
1130 1375 1277 1440 eumdem
1301 1374 1396 1440 etiam

224 1487 415 1571 injuriarum
448 1487 551 1553 teneri
583 1487 748 1570 Ulpianus
769 1492 778 1525 ¹
799 1485 941 1565 dixerit,
965 1485 1021 1550 alii
1045 1501 1152 1552 autem
1177 1485 1272 1552 etiam
1297 1485 1397 1552 inter-

225 1598 349 1663 dictum
373 1597 455 1664 utile
477 1598 646 1680 prohibito
670 1612 856 1680 competere
880 1597 1151 1666 existimaverint.
1199 1598 1244 1664 Et
1266 1597 1313 1662 sic
1338 1596 1398 1662 Ba·

225 1723 376 1774 tavorum
400 1709 539 1776 intentio
563 1709 729 1775 communi
749 1709 824 1793 jure
836 1708 977 1788 nititur,
1000 1729 1076 1774 cum
1089 1708 1252 1774 fateantur
1263 1706 1398 1774 omnes²

224 1821 416 1902 permissum
448 1820 585 1886 cuilibet
616 1820 650 1886 in
682 1820 762 1884 mari
785 1819 938 1903 navigare
961 1821 1058 1886 etiam
1084 1840 1101 1885 a
1124 1822 1217 1908 nullo
1247 1819 1398 1902 Principe

226 1931 394 2014 impetrata
426 1931 577 1997 licentia:
611 1932 703 2013 quod
735 1945 768 1996 et
798 1930 928 2015 legibus
958 1931 1150 2015 Hispanicis
1169 1932 1181 1967 ⁸
1201 1931 1321 1999 diserte
1344 1952 1399 1996 ex·

225 2061 376 2126 pressum
401 2057 462 2109 cst.

267 2154 414 2221 Donatio
445 2153 618 2222 Pontificis
650 2152 853 2232 Alexandri,
886 2171 970 2235 quae
999 2172 1016 2218 a
1039 2151 1210 2219 Lusitanis
1232 2173 1319 2220 mare
1342 2169 1400 2219 aut

223 2266 279 2349 jus
305 2266 481 2351 navigandi
509 2265 590 2334 solis
617 2264 680 2332 sibi
703 2263 974 2343 vindicantibus,
998 2283 1072 2328 cum
1096 2262 1296 2330 inventionis
1318 2263 1400 2330 defi-

226 2376 291 2440 ciat
322 2377 467 2455 titulus,
500 2375 645 2441 secundo
677 2376 753 2440 loco
787 2374 906 2440 adduci
937 2387 1065 2456 potest,
1088 2356 1167 2440 satis
1191 2394 1230 2440 ex
1253 2374 1293 2440 iis
1316 2394 1400 2457 quae

227 2501 300 2552 ante
332 2487 418 2552 dicta
450 2500 529 2552 sunt
558 2484 711 2552 vanitatis
735 2481 955 2552 convincitur.
997 2483 1143 2552 Donatio
1167 2484 1252 2552 enim
1273 2485 1400 2552 nullum

227 2599 326 2663 habet
347 2611 546 2663 momentum
571 2597 605 2661 in
628 2597 727 2662 rebus
751 2611 841 2662 extra
863 2595 1093 2662 commercium
1116 2595 1246 2678 positis.
1291 2595 1401 2682 Quare

228 2729 302 2775 cum
335 2728 421 2773 mare
453 2722 510 2773 aut
537 2709 591 2792 jus
615 2707 649 2772 in
673 2727 711 2772 eo
736 2706 911 2791 navigandi
934 2707 1102 2790 proprium
1125 2708 1208 2772 nulli
1231 2707 1400 2774 hominum

228 2839 298 2886 esse
321 2818 450 2904 possit,
475 2818 755 2901 sequiturneque
783 2817 852 2884 dari
876 2837 894 2882 a
916 2816 1077 2884 Pontifice
1100 2836 1207 2900 neque
1230 2837 1247 2884 a
1269 2818 1402 2884 Lusita-

226 2931 277 2998 nis
301 2931 404 3013 accipi
427 2929 584 3013 potuisse.
629 2929 797 2995 Praeterea
820 2949 893 2994 cum
916 2948 1014 3011 supra
1037 2931 1173 2995 relatum
1197 2929 1241 2994 sit
1263 2949 1303 2994 ex
1323 2949 1401 3012 pru·

227 3041 413 3108 dentiorum
447 3039 628 3121 sententia,
662 3041 780 3124 Papam
808 3060 875 3107 non
905 3060 975 3107 esse
999 3039 1168 3106 dominum
1190 3042 1400 3122 temporalem

227 3154 331 3222 totius
365 3153 475 3232 orbis,
509 3172 551 3218 ne
578 3151 675 3216 maris
699 3151 832 3234 quidem
858 3172 928 3217 esse
950 3151 1028 3218 satis
1052 3151 1264 3236 intelligitur:
1289 3171 1401 3234 quam·

228 3283 325 3346 quam
359 3263 420 3329 etsi
449 3263 483 3328 id
515 3263 773 3344 concederetur,
797 3278 905 3328 tamen
926 3263 980 3347 jus
1004 3282 1166 3329 annexum
1190 3262 1401 3331 Pontificatui

228 3375 261 3440 in
284 3395 392 3460 regem
417 3375 559 3457 aliquem
583 3389 640 3440 aut
662 3375 821 3458 populum
845 3395 906 3458 pro
929 3389 1020 3458 parte
1042 3376 1133 3440 nulla
1155 3373 1323 3442 transferri
1346 3375 1402 3442 de·

229 3487 378 3566 buisset,
402 3486 490 3552 sicut
516 3506 576 3551 nec
600 3485 774 3569 imperator
796 3501 909 3568 posset
932 3484 1059 3568 imperii
1082 3485 1134 3550 sui
1157 3486 1344 3568 provincias
1368 3486 1401 3553 in

229 3617 306 3664 suos
338 3606 425 3662 usus
447 3612 636 3663 convertere
668 3612 726 3662 aut
757 3617 817 3679 pro
841 3617 903 3662 suo
926 3595 1060 3664 arbitrio
1084 3596 1223 3664 alienare
1246 3603 1269 3663 ⁴.
1315 3597 1403 3666 Illud

228 3712 339 3774 saltem
372 3729 466 3774 nemo
498 3723 674 3792 negaturus
696 3721 769 3787 est,
793 3708 846 3772 cui
871 3707 998 3790 aliquid
1023 3707 1067 3774 sit
1090 3707 1233 3788 frontis,
1257 3728 1330 3774 cum
1347 3711 1402 3793 jus

229 3820 424 3904 disponendi
446 3820 478 3884 in
500 3819 734 3902 temporalibus
747 3818 900 3885 Pontifici
921 3838 1016 3885 nemo
1038 3820 1216 3899 concedat,
1233 3818 1297 3886 nisi
1319 3818 1402 3885 forte

229 4022 413 4031 Ἣ...

263 4141 307 4188 ¹l.
326 4155 349 4189 a.
367 4144 388 4199 ξ.
407 4140 428 4188 si
452 4139 508 4199 quis
533 4139 558 4185 in
581 4138 652 4186 mari.
671 4139 696 4186 ff.
714 4152 746 4186 ne
763 4131 825 4198 q'uid
843 4139 869 4186 in
887 4141 947 4186 loco
966 4135 1035 4198 publ.
1054 4139 1098 4199 [D.
1115 4151 1157 4198 43.
1177 4142 1200 4186 8.
1224 4153 1247 4187 a.
1265 4139 1286 4200 §.
1304 4138 1339 4202 9.]
1362 4141 1402 4188 Gl.

230 4234 262 4284 ad
286 4235 302 4278 1.
330 4246 350 4279 1.
375 4231 401 4278 ff.
424 4242 450 4279 ur
476 4231 501 4277 in
528 4230 630 4278 flumine
648 4231 764 4290 publico.
784 4230 827 4291 [D.
845 4243 886 4290 43.
908 4231 957 4291 14.]
994 4227 1093 4278 ’Bald
1111 4230 1136 4277 in
1155 4233 1171 4277 l.
1191 4230 1251 4277 irem
1269 4229 1358 4290 lapilli.
1378 4243 1401 4287 3.

224 4325 281 4370 col.
304 4321 331 4370 ff.
357 4324 388 4370 de
413 4335 461 4370 rer.
486 4322 539 4370 div.
567 4321 610 4384 [D.
638 4335 659 4369 r.
686 4325 709 4370 8.
736 4321 770 4383 3.]
801 4321 944 4370 Rodericus
970 4321 1074 4369 Zuarius
1099 4321 1225 4380 Hispanus
1244 4320 1270 4368 in
1288 4334 1359 4370 cons.
1381 4336 1402 4370 r.

222 4414 262 4462 ,de
286 4426 332 4460 usu
357 4413 439 4460 maris.
474 4411 485 4445 ⁸
509 4427 534 4473 p.
558 4427 580 4470 3.
606 4413 644 4461 tir.
670 4416 710 4462 28.
729 4416 745 4460 l.
769 4427 805 4460 ro.
823 4425 848 4461 et
869 4426 906 4460 rc.
950 4412 1046 4460 ⁴Vict.
1073 4411 1117 4460 ubi
1145 4425 1212 4471 supr.
1239 4426 1263 4460 n.
1290 4413 1329 4460 26.
1358 4414 1402 4475 [dc

232 4503 297 4550 lndis
319 4517 339 4550 1.
357 4516 417 4550 sect.
438 4518 460 4550 2.
478 4518 502 4550 n.
524 4503 555 4565 r.]

296 4615 314 4642 Ι
