3536 5692
366 673 429 736 294
677 673 724 720 oe
747 673 840 739 June
867 672 1051 722 Pannona.
1075 673 1154 719 ear.
1180 674 1260 720 xrrr.

366 827 543 908 sabantur‚
585 847 652 894 non
690 840 817 893 tantum
853 826 895 892 ob
931 826 1136 910 singulorum
1172 826 1313 892 facinora
1356 827 1541 912 impunita,

367 961 481 1006 verum
506 940 583 1022 quia
607 954 640 1006 et
662 937 781 1022 legatio
806 953 837 1002 et
858 956 957 1002 naves
981 938 1116 1021 publica
1139 939 1333 1005 auctoritate
1358 954 1391 1003 et
1412 941 1541 1007 decreto

368 1071 506 1132 eorum,
532 1050 590 1133 qui
613 1051 779 1115 Malaccae
803 1048 1013 1132 praesident,
1037 1048 1154 1116 missae
1177 1048 1278 1115 fuere.
1325 1050 1417 1137 Quid
1442 1051 1543 1136 igitur

368 1161 401 1226 in
445 1182 606 1228 caraccam
639 1160 872 1227 Lusitanorum
904 1160 998 1243 juxta
1031 1161 1179 1226 mandata
1213 1161 1368 1242 licuerit,
1405 1163 1541 1228 dubium

368 1292 438 1339 esse
470 1249 536 1338 non
568 1286 677 1357 potest
709 1270 896 1354 inspicienti
928 1285 985 1336 aut
1007 1272 1179 1338 codicillos
1205 1271 1382 1355 praefecti,
1408 1273 1467 1355 qui
1487 1276 1542 1359 jus

368 1385 521 1450 tribuunt
553 1384 649 1448 etiam
680 1383 720 1447 de
749 1382 898 1466 personis
928 1383 1115 1464 statuendi,
1150 1383 1242 1465 quod
1269 1385 1347 1467 plus
1382 1399 1453 1466 est,
1486 1402 1544 1453 aut

212 1515 358 1580 sgrpratnre-
370 1496 619 1576 centurionum,
644 1495 702 1578 qui
725 1495 764 1561 de
784 1495 901 1577 praeda
924 1495 1099 1577 expressim
1123 1496 1315 1576 loquuntur.
1350 1496 1543 1562 Mandatum

211 1569 358 1614 citationem·

210 1623 349 1722 [gam
370 1628 447 1692 ergo
468 1608 654 1673 habuerunt
674 1607 752 1672 belli
775 1606 906 1690 gerendi
919 1621 983 1672 tam
996 1605 1202 1689 praefectus,
1225 1627 1322 1688 quam
1334 1609 1543 1674 centuriones

211 1731 290 1830 m,
302 1739 350 1827 ‘ia
370 1734 402 1784 et
420 1739 477 1801 per
496 1718 569 1783 illos
589 1733 730 1798 nautae,
756 1735 841 1799 quos
860 1717 987 1783 scilicet
1008 1739 1047 1782 ex
1065 1718 1100 1782 vi
1118 1718 1259 1783 mandati
1272 1719 1542 1801 centurionibus,

211 1840 283 1937 {2512
302 1837 436 1936 [gnon
468 1829 575 1895 minus
608 1849 705 1911 quam
731 1829 764 1894 in
788 1829 935 1894 terrestri
971 1829 1115 1900 exercitu
1138 1832 1244 1914 legere
1267 1830 1372 1896 licuit.
1418 1831 1487 1918 Qui
1511 1847 1544 1898 et

367 1942 551 2025 juramento
584 1939 743 2006 formulae
776 1940 926 2005 militaris
959 1940 1065 2005 adacti
1099 1955 1198 2023 sunt,
1234 1961 1293 2006 nec
1317 1941 1402 2008 vitae
1426 1962 1544 2009 senec

369 2052 498 2135 corpori
521 2072 689 2135 parsuros,
714 2066 877 2134 quatenus
902 2052 1116 2118 exercitorum
1143 2072 1221 2120 usus
1248 2068 1281 2118 et
1302 2053 1542 2137 praefectorum

325 2231 327 2234 .
370 2163 503 2246 imperia
526 2177 707 2247 poscerent.
753 2164 857 2228 Recte
881 2163 993 2245 itaque
1018 2183 1091 2229 cum
1115 2163 1260 2246 Ulpiano
1280 2165 1291 2203 ¹
1313 2165 1456 2230 dicemus
1476 2186 1543 2232 non

370 2275 550 2342 navarchos
583 2289 709 2340 tantum
743 2290 775 2340 et
806 2275 1026 2356 trierarchos,
1061 2275 1118 2341 sed
1149 2289 1180 2341 et
1210 2289 1327 2341 nautas
1352 2291 1383 2341 et
1405 2277 1542 2362 remiges

370 2406 483 2452 omnes
505 2387 539 2451 in
569 2387 728 2452 classibus
752 2386 873 2452 milites
897 2405 976 2452 esse.
1025 2387 1091 2453 Sed
1113 2401 1145 2452 et
1168 2386 1254 2454 illud
1274 2387 1381 2453 notari
1408 2403 1542 2471 potest,

370 2499 522 2581 quamvis
552 2499 684 2581 propria
716 2499 756 2563 ad
785 2499 934 2581 praedam
967 2498 1117 2564 mandata
1149 2496 1289 2566 fuissent
1319 2502 1433 2582 nulla,
1466 2521 1541 2578 cum

369 2624 476 2677 tamen
496 2623 528 2674 et
547 2609 659 2675 classis
678 2608 863 2692 praefectus
885 2624 916 2675 et
928 2610 1060 2680 navium
1073 2610 1173 2675 duces
1186 2611 1396 2679 concessione
1409 2613 1541 2694 publica

367 2720 630 2806 jurisdictionem
663 2721 869 2801 obtinerent,
903 2721 1051 2802 potuisse
1084 2721 1212 2786 eosdem
1242 2742 1302 2804 pro
1325 2724 1448 2789 tuendo
1468 2726 1543 2809 jure

370 2832 577 2900 subditorum
599 2847 631 2899 et
649 2853 708 2900 sua
731 2832 962 2917 jurisdictione
991 2831 1024 2896 in
1046 2834 1231 2898 turbatores
1249 2834 1319 2918 ejus
1340 2835 1543 2916 LusitanOS,

371 2943 601 3012 deficientibus
619 2944 693 3011 aliis
703 2944 888 3029 judicibus,
914 2944 1169 3011 animadvertere
1183 2959 1214 3009 et
1226 2966 1277 3011 res
1289 2963 1401 3011 eorum
1413 2967 1541 3029 capere,

224 3089 313 3134 Du„
333 3057 582 3138 „praesertim
618 3071 656 3122 ut
688 3055 822 3121 tradunt
851 3055 1027 3137 utriusque
1054 3055 1138 3139 juris
1169 3038 1310 3122 consulti
1341 3053 1375 3138 ²,
1411 3059 1541 3125 decreto

210 3157 233 3240 ἴ,
251 3143 356 3242 ''w‘'
370 3168 592 3250 praecedente.
637 3167 818 3233 Praecessit
840 3182 947 3233 autem
977 3168 1143 3234 decretum
1168 3188 1186 3234 a
1207 3167 1374 3250 praefecto
1399 3183 1431 3234 et
1452 3170 1543 3251 quod

371 3278 400 3343 ei
421 3279 589 3345 adsidebat
610 3299 737 3346 summo
765 3279 896 3344 nautico
930 3279 1068 3344 consilio
1092 3279 1153 3344 rite
1175 3293 1353 3361 peractum.
1400 3281 1452 3345 Eo
1475 3279 1541 3346 fere

370 3390 468 3456 modo
491 3391 529 3456 C.
544 3390 692 3456 Pinarius
712 3392 723 3426 ³
744 3392 856 3457 Ennae
878 3391 911 3455 in
933 3389 1044 3456 Sicilia
1065 3390 1201 3456 relictus
1220 3410 1286 3455 non
1309 3390 1346 3456 u't
1358 3393 1470 3458 urbem
1484 3394 1542 3458 sed

371 3516 410 3567 ut
435 3501 633 3585 praesidium
657 3517 805 3587 regeret,
829 3523 904 3568 cum
933 3503 1100 3568 imminere
1122 3503 1360 3586 oppidanorum
1385 3503 1541 3570 defectio·

371 3633 443 3678 nem
465 3613 689 3696 prospiceret,
724 3635 833 3696 neque
856 3615 973 3697 populi
994 3614 1154 3692 Romani,
1179 3633 1220 3680 ne
1242 3615 1387 3681 consulis
1408 3616 1541 3699 quidem

370 3725 511 3791 adeundi
536 3740 621 3791 esset
648 3739 815 3808 potestas,
840 3725 1009 3809 perfidiam
1037 3727 1131 3792 istam
1152 3747 1219 3793 non
1240 3727 1393 3793 caedibus
1414 3742 1539 3796 tantum

225 3859 261 3902 rra
277 3858 356 3905 aaron.
370 3839 461 3903 ultus
485 3851 557 3918 est,
582 3837 640 3902 sed
663 3851 694 3902 et
717 3839 830 3902 urbem
854 3859 982 3904 omnem
1004 3838 1101 3904 militi
1123 3838 1337 3922 diripiendam
1359 3838 1458 3904 dedit.
1483 3839 1541 3904 Se-

224 3912 328 4012 if¹iri⁶p'
371 3949 485 4032 quitur
516 3949 593 4016 hinc
625 3970 698 4015 cum
728 3950 904 4016 auctoritas
932 3950 1065 4033 publica
1088 3965 1121 4016 et
1142 3971 1159 4016 a
1179 3965 1270 4033 parte
1291 3951 1488 4018 Batavorum
1510 3965 1543 4018 et

368 4141 570 4153 --ι-“

405 4248 449 4295 ¹1.
474 4260 494 4295 1.
519 4246 546 4294 ff.
568 4249 599 4294 de
622 4246 683 4293 bon.
701 4258 770 4306 poss.
789 4258 821 4292 ex
838 4255 896 4293 test.
914 4244 967 4292 mil.
986 4245 1031 4306 [D.
1051 4256 1091 4302 ³7·
1112 4243 1166 4308 ra]
1200 4241 1294 4292 ⁹Bart.
1312 4244 1339 4292 in
1357 4248 1374 4293 l.
1392 4247 1477 4295 hostes
1496 4247 1541 4309 [D.

370 4354 411 4402 49.
432 4351 470 4394 15·
487 4340 539 4399 24.]
557 4352 582 4385 n.
603 4350 641 4384 rr.
659 4348 684 4385 et
705 4351 743 4385 12.
761 4338 849 4385 innoc.
868 4336 894 4383 in
911 4350 934 4384 c.
953 4336 1023 4384 olim.
1043 4337 1073 4384 de
1092 4345 1151 4383 rest.
1170 4338 1236 4395 spol.
1253 4336 1368 4397 [Decrer.
1388 4351 1411 4384 2.
1430 4351 1468 4396 13.
1489 4339 1540 4400 ra]

369 4445 394 4478 n.
418 4445 442 4492 9.
466 4441 490 4478 et
513 4429 539 4477 in
563 4442 585 4476 c.
610 4427 684 4477 sicut.
709 4429 740 4476 de
761 4425 867 4483 jureiur.
892 4428 1004 4488 [Deerat.
1032 4440 1055 4475 a.
1082 4441 1122 4488 24.
1141 4427 1195 4488 29.]
1214 4440 1239 4474 n.
1258 4439 1280 4481 5.
1297 4438 1322 4475 et
1340 4425 1377 4474 ibi
1397 4429 1455 4476 Pan.
1474 4442 1499 4476 n.
1516 4441 1541 4490 9.

370 4519 381 4553 ⁸
398 4523 441 4570 Est
459 4520 525 4580 apud
542 4517 689 4568 Frontinum
705 4530 730 4566 et
746 4520 906 4580 Polyaenum.
