3536 5692
535 635 582 682 DE
607 636 700 702 JURE
726 634 911 681 Pannona.
938 633 1020 679 CAP.
1045 633 1127 680 xm.
1353 633 1413 700 271

242 793 382 875 primum
405 791 437 855 in
460 791 624 857 Albanum
648 787 758 868 etqui
779 807 854 854 cum
876 807 914 852 eo
937 800 1028 852 erant
1052 784 1215 868 Hispani,
1240 785 1357 852 deinde
1381 786 1415 852 in

243 904 368 987 Regem
397 902 609 984 Philippum,
642 899 702 980 qui
731 898 854 963 Comes
884 897 952 963 fuit
973 896 1170 961 Hollandiae
1192 909 1319 979 gestum
1343 910 1416 976 est,

244 1013 400 1080 disserere
432 1014 537 1095 maius
570 1010 613 1075 sit
645 1022 763 1091 coepto
797 1028 904 1090 opere.
950 1007 1072 1087 Neque
1106 1025 1186 1072 vero
1209 1025 1317 1071 meum
1340 1020 1418 1087 post

242 1138 293 1189 tot
317 1123 350 1187 in
375 1141 443 1186 eam
466 1141 533 1184 rem
558 1119 664 1184 editos
684 1117 877 1201 jamdudum
908 1117 1040 1182 libellos
1062 1116 1102 1181 ab
1127 1115 1199 1181 aliis
1222 1115 1304 1180 bene
1328 1115 1417 1179 dicta

244 1231 415 1295 invertere.
462 1229 529 1294 Sed
558 1228 650 1309 quod
681 1227 716 1292 in
748 1241 938 1292 transcursu
962 1226 1002 1290 ad
1024 1246 1090 1290 rem
1114 1240 1314 1308 praesentem
1338 1225 1418 1290 satis
1476 1301 1479 1306 ¹

245 1339 288 1402 sit
319 1357 384 1402 non
412 1339 536 1402 tacebo.
584 1335 801 1402 Manifestum
825 1351 874 1402 est
896 1337 1064 1401 Albanum
1088 1350 1121 1400 et
1144 1336 1312 1418 Hispanos
1334 1335 1419 1401 illud

244 1449 350 1531 palam
381 1447 584 1530 praedicasse
617 1447 684 1512 imo
718 1449 783 1512 lata
817 1446 977 1512 sententia
1010 1445 1240 1528 pronuntiasse
1261 1452 1294 1527 ¹,
1329 1448 1417 1530 leges

176 1564 182 1575 '
245 1577 358 1624 omnes
391 1573 423 1624 et
451 1559 525 1643 jura
556 1557 660 1640 patria
692 1557 861 1623 nationum
894 1557 1099 1641 Belgicarum
1129 1558 1223 1623 velut
1245 1557 1417 1623 commissa

244 1668 401 1752 Principi.
445 1670 519 1734 Nec
551 1685 658 1734 tamen
691 1669 782 1734 aliud
813 1668 948 1734 obtendi
981 1668 1115 1751 potuit,
1140 1687 1237 1750 quam
1261 1669 1417 1734 turbaea

242 1780 357 1863 paucis
387 1781 514 1862 editae,
548 1779 688 1846 consilio
720 1779 873 1862 privato,
909 1794 941 1844 et
963 1779 1074 1846 subito
1099 1779 1241 1861 quodam
1266 1780 1416 1863 impetu,

244 1891 301 1972 qui
323 1890 421 1956 simul
435 1905 543 1972 atque
563 1890 695 1976 reprimi
718 1889 830 1973 potuit
853 1911 871 1954 a
893 1890 1137 1975 magistratibus
1160 1910 1328 1973 repressus
1349 1907 1415 1957 est:

242 2022 310 2084 quo
332 2002 466 2067 crimine
486 2021 554 2068 non
576 2002 715 2086 obligari
736 2001 983 2068 universitatem
992 2002 1257 2087 jurisperitorum
1271 2001 1415 2068 omnium
1429 2007 1569 2107 ssjffifss'p

241 2113 506 2178 constantissima
528 2113 673 2181 assertio,
689 2127 738 2178 est
754 2110 777 2178 ².
802 2112 978 2197 Quidquid
988 2112 1089 2197 igitur
1101 2132 1140 2178 eo
1150 2113 1282 2179 nomine
1292 2112 1416 2179 factum
1429 2130 1518 2162 mm
1533 2095 1573 2161 1'·'

242 2240 310 2304 est,
335 2223 428 2305 quod
450 2223 575 2304 alioqui
594 2223 665 2287 fieri
685 2242 752 2288 non
771 2222 945 2302 licuisset,
970 2223 1004 2287 id
1022 2222 1172 2305 profecto
1183 2224 1342 2308 injustum
1353 2223 1417 2290 fuit

243 2333 409 2415 arcerique
429 2333 544 2398 debuit
563 2332 585 2398 ³.
610 2333 696 2399 Cum
708 2333 819 2415 itaque
830 2333 1006 2418 pertineret
1017 2334 1058 2398 ad
1068 2333 1210 2400 Ordines
1223 2348 1261 2398 ut
1271 2353 1414 2401 summos
1430 2352 1466 2395 n.
1485 2352 1533 2412 ng.
1553 2353 1574 2398 1.

243 2444 453 2528 magistratus
477 2445 575 2528 etius
586 2443 785 2526 reipublicae
796 2459 828 2510 et
839 2444 962 2510 civium
975 2443 1060 2509 tueri
1071 2444 1106 2524 ⁴,
1130 2444 1271 2510 officium
1284 2444 1413 2512 illorum
1429 2417 1499 2465 'um
1511 2405 1573 2452 Μ’

242 2553 308 2619 fuit
330 2553 504 2620 defendere
526 2554 759 2637 rempublicam
779 2556 936 2621 adversus
957 2575 1025 2619 eam
1047 2555 1139 2635 vim,
1164 2575 1262 2637 quam
1285 2571 1416 2621 externa

200 2709 204 2716 -
244 2685 330 2730 arma
360 2679 473 2731 contra
503 2667 591 2750 leges
620 2665 755 2730 inducta
786 2667 885 2731 rebus
915 2666 1037 2747 pacatis
1066 2666 1264 2732 intulerant:
1300 2667 1416 2733 deinde
1429 2692 1465 2736 n.
1476 2693 1525 2750 ng.
1538 2693 1559 2738 1.

243 2775 344 2843 vitam
366 2775 489 2842 civium
513 2792 545 2841 et
568 2775 793 2859 possessiones
814 2776 900 2842 tueri
921 2776 1077 2843 adversus
1101 2777 1223 2844 iudicia
1246 2777 1416 2862 illegitima
1429 2757 1453 2791 '³
1466 2746 1500 2791 Η·

243 2902 357 2953 contra
386 2886 521 2953 formam
551 2887 637 2972 J'uris
658 2886 839 2953 communis
862 2902 895 2953 et
914 2907 1022 2954 mores
1044 2887 1168 2971 patrios
1187 2888 1334 2954 admistis
1355 2890 1417 2954 ho-

242 2998 386 3064 minibus
419 2998 599 3082 peregrinis
630 2997 791 3064 exercita:
826 2998 966 3064 liberare
999 2999 1093 3064 etiam
1128 2999 1361 3082 rempublicam
1385 3015 1417 3066 et
1429 3021 1466 3065 rr.
1479 3021 1528 3080 og.
1539 3020 1574 3065 rr.
1656 3028 1661 3036 ¹

243 3109 334 3174 cives
361 3108 511 3193 singulos
542 3110 583 3174 ab
614 3110 840 3176 exactionibus
872 3110 1055 3194 ejusmodi,
1088 3131 1172 3192 quae
1199 3130 1266 3176 non
1289 3125 1416 3176 tantum

241 3219 370 3303 legibus
389 3219 512 3286 directe
533 3220 730 3301 obstabant,
754 3221 813 3288 sed
833 3237 866 3286 et
886 3222 1052 3288 communi
1065 3222 1234 3288 hominum
1247 3222 1415 3303 libertati,

242 3351 315 3397 cum
338 3330 521 3414 inducant,
556 3346 595 3397 ut
615 3332 742 3398 Doctor
766 3333 937 3416 Hispanus
955 3337 966 3368 ⁵
987 3333 1161 3416 loquitur,
1186 3333 1416 3417 expilationem

242 3457 447 3524 praesentem
471 3457 503 3507 et
522 3444 715 3509 servitutem
741 3443 907 3511 futuram:
931 3445 1090 3528 imprimis
1106 3466 1185 3511 vero
1198 3464 1328 3528 operam
1342 3447 1416 3512 dare
1430 3463 1573 3523 raugam.

1430 3533 1478 3562 cum
1497 3532 1547 3576 rag.

242 3567 280 3618 ut
302 3552 476 3637 diligenter
498 3544 705 3620 servarentur
726 3571 819 3640 pacta
840 3557 1048 3642 amaj0ribus
1061 3557 1202 3638 tradita,
1227 3557 1416 3640 Principum
1430 3571 1478 3617 111.

239 3663 425 3747 juramento
437 3663 563 3730 sancita
576 3679 608 3731 et
619 3665 755 3732 formam
768 3667 896 3750 imperii
908 3668 1127 3750 continentia,
1146 3688 1186 3732 ne
1199 3668 1249 3732 his
1261 3669 1416 3748 violatis,

279 3921 1417 3986 ¹mnmmmnmrmnmama²BmAMamnmsumffimpoem.

243 4011 288 4076 [D.
311 4017 352 4076 48.
380 4028 417 4076 19.
444 4014 494 4075 16.]
516 4016 567 4062 Bal.
591 4016 662 4075 quib.
683 4019 752 4064 mod.
768 4017 842 4066 feud.
860 4019 940 4066 amitt.
958 4033 982 4066 n.
1004 4032 1041 4076 13.
1059 4021 1135 4081 Jason
1154 4019 1180 4066 in
1199 4021 1216 4066 l.
1236 4017 1335 4068 civitas.
1353 4019 1377 4066 ff.
1395 4019 1417 4068 si

241 4115 303 4152 cert.
327 4115 380 4164 pet.
407 4105 451 4166 [D.
479 4119 519 4153 12.
545 4118 566 4153 r.
592 4105 644 4169 27.]
672 4109 752 4155 Andr.
778 4108 844 4156 Gall.
868 4111 899 4158 de
924 4123 987 4169 pace
1012 4110 1083 4170 publ.
1108 4111 1154 4157 lib.
1179 4124 1202 4158 2.
1221 4124 1244 4158 c.
1262 4124 1287 4172 9.
1323 4108 1382 4157 ³V.
1400 4112 1416 4157 l.

242 4195 408 4253 prohibitum.
434 4198 463 4243 C.
489 4197 519 4244 de
544 4195 599 4253 jure
625 4195 692 4245 fisci.
719 4198 761 4260 [C.
782 4211 819 4246 10.
840 4213 861 4246 1.
882 4200 917 4260 5.]
938 4202 955 4247 l.
977 4203 1099 4249 devotum
1122 4203 1151 4249 C.
1170 4203 1200 4250 de
1221 4213 1296 4248 meta.
1315 4201 1358 4262 [C.
1379 4213 1416 4248 ra.

241 4296 283 4343 40.
302 4284 336 4348 s.]
358 4297 382 4333 et
401 4287 537 4346 utrobique
555 4288 623 4340 Bart.
646 4301 670 4336 et
689 4288 715 4336 in
735 4299 807 4336 tract.
832 4291 863 4338 de
883 4291 968 4338 Guelf.
986 4303 1010 4339 et
1030 4290 1088 4339 Gib.
1107 4305 1132 4338 n.
1151 4295 1173 4339 8.
1208 4292 1219 4324 ⁴
1237 4294 1311 4352 Vasq.
1332 4307 1355 4340 c.
1374 4306 1416 4353 41.

243 4387 267 4420 n.
293 4387 332 4421 ao.
356 4388 380 4423 et
401 4389 454 4436 seq.
474 4389 498 4424 et
520 4392 543 4425 c.
571 4381 609 4427 18.
635 4392 660 4426 n.
685 4392 711 4436 7.
744 4379 754 4411 ⁵
778 4381 853 4439 Vasq.
878 4393 900 4428 c.
920 4384 942 4428 8.
961 4395 985 4428 n.
1005 4384 1027 4428 8.
1046 4393 1070 4428 et
1090 4396 1112 4430 c.
1131 4395 1154 4440 7.
1172 4396 1219 4442 per
1239 4395 1329 4432 totum.
1349 4396 1373 4432 et
1393 4399 1415 4433 c.

243 4476 285 4522 43.
304 4477 328 4510 n.
347 4467 371 4511 6.
