3530 5656
586 647 637 696 ort
657 648 750 717 Juxn
776 648 960 697 exornare.
984 649 1067 698 car.
1090 651 1143 704 ru.

715 802 921 870 CAPUT
952 803 1013 870 IV.

739 1006 923 1072 quassam
944 988 986 1054 ll.

274 1193 362 1239 ΑΜ.
387 1193 410 1239 1.
456 1173 516 1237 Au
541 1191 718 1238 anaspum
743 1191 887 1236 caxnxn
911 1191 1127 1256 xtrousuuo
1148 1191 1294 1258 Jusrum
1319 1190 1402 1252 sir,

275 1328 363 1374 Axr.
388 1327 428 1376 11.
735 1307 1009 1389 CrrxrsTmurs,

273 1463 364 1512 uxr.
387 1463 443 1514 ιιι.
696 1463 746 1510 ux
769 1442 1041 1526 Cxursrmmrs,

275 1599 364 1645 Aur.
388 1598 439 1644 tv.
750 1599 843 1646 oum
867 1599 974 1672 Juxta.

761 1794 957 1806 --——....

318 1955 480 2024 Confecta
511 1957 702 2044 quaestione
732 1959 772 2024 de
804 1959 915 2041 bello,
948 1962 1047 2026 altera
1069 1961 1108 2026 de
1136 1961 1253 2044 praeda
1281 1958 1445 2026 succedit:

275 2069 354 2134 haec
375 2068 524 2152 quaestio
545 2069 661 2135 similis
681 2069 806 2153 priori,
830 2085 863 2136 et
883 2090 922 2135 ex
940 2071 1049 2155 priore
1071 2071 1215 2156 expediti
1235 2085 1354 2156 potest.
1379 2069 1446 2136 Ubi
1460 2093 1606 2158 namugo-a-

275 2181 359 2246 enim
378 2182 503 2266 justum
527 2196 576 2247 est
597 2181 741 2264 aliquid,
761 2193 923 2264 quatenus
942 2183 982 2248 ad
992 2181 1094 2288 {inem
1110 2182 1238 2264 tendit,
1261 2186 1365 2249 multo
1382 2204 1447 2248 ma·
1460 2157 1606 2247 Ῐῖιῖῑιῗ”””“

274 2291 324 2378 gis
357 2291 432 2360 finis
463 2293 532 2376 ipse
561 2294 672 2378 Justus
704 2307 762 2360 est.
808 2293 934 2361 bellum
955 2309 1062 2360 autem
1081 2295 1206 2379 J'ustum
1228 2293 1349 2360 idcirco
1373 2311 1446 2377 est,

275 2403 353 2486 quia
376 2405 417 2470 ad
436 2404 520 2489 Juris
541 2404 745 2489 adeptionem
766 2405 871 2471 tendit
894 2407 914 2471 ¹.
959 2405 1060 2471 Etim
1080 2406 1198 2489 praeda
1224 2407 1280 2490 jus
1299 2420 1446 2472 nostrum

274 2536 332 2599 per
353 2516 474 2581 bellum
496 2515 729 2599 adipiscimur,
752 2531 791 2582 ut
810 2515 890 2581 mihi
913 2515 1045 2598 quidem
1067 2532 1151 2583 recte
1172 2516 1293 2583 dixisse
1314 2517 1448 2584 videan-

275 2642 353 2709 tur,
378 2627 437 2710 qui
457 2628 545 2712 justa
574 2629 658 2694 bella
682 2628 716 2692 in
744 2628 808 2693 hoc
828 2621 965 2692 maxime
985 2642 1103 2710 putant
1124 2627 1326 2710 consistere,
1357 2629 1448 2712 quod

275 2753 367 2824 capta
387 2739 584 2823 capientium
608 2737 689 2804 fiant
708 2737 743 2821 ¹,
768 2739 859 2821 quod
878 2752 911 2804 et
932 2737 1127 2805 Germanica
1149 2739 1227 2804 belli
1251 2760 1333 2805 voce
1363 2739 1446 2806 indi·

274 2866 365 2917 catur
377 2857 388 2891 ⁸
402 2866 435 2917 et
454 2850 580 2918 Graeca
600 2849 739 2929 Martis;
763 2864 813 2915 est
832 2864 940 2915 autem
957 2852 1064 2934 Ἄρης,
1088 2864 1126 2946 ut
1147 2849 1297 2931 videtur,
1320 2857 1446 2921 ἀπὸτοῦ

273 2965 368 3047 αἴρειν.
413 2962 566 3029 Praedam
597 2961 697 3046 igitur
729 2960 870 3044 aliquam
897 2961 1017 3046 justam
1041 2980 1111 3026 esse
1130 2980 1262 3027 necesse
1284 2976 1334 3027 est
1356 2968 1391 3042 ¹,
1414 2977 1447 3028 et

275 3073 407 3156 quidem
427 3074 510 3139 inter
532 3073 658 3139 easdem
681 3091 836 3156 personas
859 3087 892 3138 et
912 3071 1000 3138 omni
1026 3072 1139 3139 eodem
1160 3073 1257 3157 jure,
1284 3094 1351 3155 quo
1378 3074 1446 3138 bel·

274 3186 341 3249 lum
361 3186 487 3270 justum
509 3204 578 3251 esse
598 3184 901 3250 demonstravimus.
947 3183 1013 3250 Sed
1035 3183 1113 3266 quia
1134 3184 1218 3250 hanc
1240 3200 1362 3268 partem
1379 3185 1445 3251 dis·

274 3296 455 3379 putationis
484 3295 623 3380 intelligi
652 3296 789 3361 maxime
820 3295 976 3377 interest,
1004 3315 1112 3379 neque
1133 3315 1213 3361 vero
1236 3296 1352 3361 caeteri
1377 3316 1444 3362 eam

275 3421 535 3490 pertractarunt,
560 3405 618 3490 qui
650 3408 690 3473 de
719 3408 806 3474 bello
836 3407 1043 3474 commentati
1066 3423 1166 3489 sunt,
1200 3407 1310 3474 eadem
1340 3407 1445 3490 capita

275 3517 397 3600 quibus
411 3519 552 3602 priorem
570 3518 770 3585 absolvimus
791 3518 1035 3601 quaestionem,
1059 3518 1093 3585 in
1104 3520 1165 3584 hac
1177 3518 1271 3584 etiam
1286 3518 1444 3585 redordiri

274 3632 391 3712 placet.
438 3631 488 3696 Ut
517 3629 617 3715 igitur
644 3629 815 3696 videamus
838 3631 1005 3713 quomodo
1027 3631 1145 3714 praeda
1174 3629 1302 3698 divinae
1324 3633 1522 3720 volun-neq.
1536 3667 1577 3702 m

274 3741 331 3807 tati
352 3743 530 3808 secundum
551 3744 639 3827 leges
660 3742 871 3824 respondeat,
896 3739 1062 3807 sciendum
1084 3756 1135 3808 est
1155 3743 1235 3809 duas
1256 3743 1295 3808 ab
1316 3762 1352 3808 ea
1371 3709 1561 3827 ραν-’Μ

274 3867 321 3918 tes
345 3851 504 3921 contineri
524 3865 559 3933 ⁸,
582 3853 798 3936 privationem
819 3852 942 3919 scilicet
961 3851 1079 3935 prioris
1101 3853 1318 3936 possessionis
1338 3870 1371 3921 et
1392 3874 1443 3919 ac-

274 3963 484 4046 quisitionem
517 3961 652 4028 dominii
686 3962 775 4028 novi.
820 3962 870 4028 Ut
897 3960 980 4026 enim
1012 3963 1104 4047 eius,
1137 3959 1228 4045 quod
1260 3964 1341 4046 quid
1370 3978 1442 4045 est,

273 4075 356 4141 duae
379 4075 476 4140 simul
498 4073 623 4140 formae
644 4092 797 4140 essenon
817 4087 982 4157 possunt,
1004 4071 1048 4138 ita
1067 4092 1127 4139 nec
1148 4073 1292 4158 eJusdem
1313 4073 1359 4139 rei
1376 4074 1442 4140 duo
1539 4123 1543 4141 ,

307 4367 315 4399 ¹
335 4379 366 4416 ex
383 4370 467 4416 concl.
487 4381 508 4416 1.
525 4379 550 4418 et
566 4366 823 4418 demonstrationibus
839 4365 1060 4428 praecedentibus.
1078 4365 1144 4416 Vide
1161 4365 1237 4416 etiarn
1254 4366 1320 4416 infra
1334 4366 1362 4416 in
1377 4379 1441 4417 trac·

272 4468 325 4506 tatu
350 4460 381 4507 de
404 4457 463 4507 fine.
506 4455 517 4491 ¹
541 4461 600 4508 Pan.
624 4458 651 4512 in
677 4473 699 4508 c.
722 4458 795 4508 sicut.
818 4460 864 4510 ult.
888 4459 919 4508 de
941 4455 1045 4515 iureiur.
1061 4457 1199 4518 [Decretal.
1212 4471 1236 4507 2.
1251 4471 1291 4520 24
1307 4458 1360 4522 ap]
1377 4473 1402 4508 n.
1419 4473 1442 4510 a.

272 4546 285 4586 θ
300 4547 390 4610 xrilgn.
421 4547 434 4586 ⁴
449 4551 488 4599 Ex
505 4551 642 4600 demonstr.
658 4561 712 4611 seq.
745 4549 756 4581 ⁵
771 4549 868 4602 condet
882 4561 938 4598 curn
950 4547 1164 4604 demonstr-artif-
1181 4548 1282 4602 uartic.
1295 4553 1442 4604 1.eoucl.r.
