3546 5654
505 687 551 732 DE
575 687 669 752 JURE
696 687 878 732 Pannona.
904 687 983 732 CAP.
1010 687 1074 731 xli.
1308 685 1369 748 257

200 842 260 924 qui
288 839 388 920 facit,
413 855 450 905 ut
475 840 560 904 idem
583 839 638 904 ille
660 840 847 905 Alexander
870 840 1023 919 dicebat,
1048 839 1096 905 ad
1116 839 1371 903 internecionem

194 951 438 1038 persequendus
462 966 531 1031 est,
556 972 619 1014 non
643 963 680 1014 ut
694 952 811 1035 justes
838 951 961 1029 hostis,
986 948 1043 1014 sed
1063 963 1100 1012 et
1119 965 1297 1035 percussor
1319 969 1373 1016 ve-

200 1061 319 1146 neficus
343 1066 363 1129 ¹.
410 1063 550 1128 Restant
582 1061 719 1126 erimina
751 1060 834 1141 alia,
867 1059 895 1124 si
928 1059 1101 1140 conferas,
1134 1058 1282 1140 minora,
1316 1060 1373 1124 sed

200 1173 339 1258 insignia
363 1188 494 1252 tamen,
519 1172 546 1237 si
570 1191 628 1254 per
650 1191 684 1237 se
697 1170 924 1236 aestimentur:
947 1185 985 1236 ut
998 1172 1048 1237 vis
1059 1170 1208 1254 publica,
1226 1170 1370 1253 privata,

200 1299 336 1364 armata,
351 1285 512 1350 bonorum
524 1284 737 1364 raptorum²,
752 1296 784 1347 et
803 1281 863 1347 alia
877 1301 960 1363 quae
981 1301 998 1346 a
1018 1282 1105 1346 bello
1124 1281 1249 1365 injusto
1259 1282 1372 1347 abesse

200 1396 257 1462 vix
291 1409 445 1478 possunt:
486 1414 503 1458 a
536 1392 707 1459 Lusitanis
741 1413 806 1458 non
850 1391 994 1459 abfuisse
1038 1392 1177 1458 narratio
1214 1392 1370 1458 ostendit.

200 1506 322 1587 Neque
353 1505 436 1571 illud
459 1504 676 1570 omittendum
700 1519 771 1584 est,
796 1504 890 1570 etiam
914 1519 1092 1585 conatum,
1116 1518 1202 1570 certe
1225 1504 1258 1568 in
1286 1518 1372 1569 atro-

200 1616 370 1696 cioribus,
399 1615 508 1698 puniri
528 1622 559 1678 ³:
592 1614 679 1679 unde
709 1614 884 1696 Lusitani,
918 1615 1041 1696 quibus
1076 1615 1252 1696 quominus
1288 1629 1385 1690 totas,

200 1718 320 1793 elisses
352 1747 426 1791 cum
455 1725 646 1791 hominibus
679 1725 759 1808 ipsis
792 1741 966 1791 exurerent
998 1741 1030 1790 et
1061 1725 1179 1792 similia
1201 1728 1294 1808 plura
1316 1747 1372 1808 pa-

198 1852 343 1918 trarent,
378 1836 519 1902 felicitas
554 1851 692 1902 eventus
727 1835 857 1916 defuit,
892 1857 957 1902 non
981 1837 1142 1920 propositi
1164 1837 1371 1921 malignitas,

199 1950 282 2015 hatte
307 1949 409 2031 ipsam
442 1948 573 2032 impune
596 1945 682 2012 ferre
705 1967 772 2013 non
796 1948 928 2014 debent.
975 1949 1076 2035 Quod
1099 1948 1221 2014 Seneca
1244 1949 1372 2034 egregie

201 2060 360 2143 explicat:
386 2061 555 2144 Injerinrn
580 2063 640 2144 qai
655 2059 821 2142 fecturus
846 2073 917 2140 est,
932 2061 1008 2144 jem
1026 2059 1156 2143 focit⁴.
1200 2059 1311 2124 Latro
1324 2073 1371 2126 est

200 2175 300 2236 etiam
336 2185 515 2255 antequam
551 2190 669 2233 marrus
693 2173 870 2253 inquinet,
895 2173 977 2254 quie
1002 2169 1050 2234 ed
1071 2169 1280 2236 occidendum
1294 2171 1370 2255 jem

200 2296 355 2346 armatus
379 2295 449 2360 est,
480 2294 510 2344 et
534 2280 632 2344 habet
656 2279 822 2364 spoliandi
846 2293 947 2364 atque
969 2279 1195 2362 interficiendi
1216 2282 1372 2348 relente-

199 2407 262 2456 tern
282 2396 305 2456 ⁵.
355 2391 476 2455 Omnia
501 2390 626 2454 seelera
650 2393 750 2454 etiarn
776 2403 854 2454 ente
878 2387 1026 2474 effectum
1052 2394 1181 2476 operis,
1208 2406 1371 2476 qnantum

159 2520 161 2524 ·
200 2502 316 2586 culpae
339 2505 422 2565 satis
446 2515 516 2580 est,
536 2499 690 2585 perfecte
714 2513 792 2564 snnt
813 2498 838 2564 ⁶.
864 2499 909 2564 Et
929 2503 1069 2567 alterum
1092 2503 1318 2584 hocconstat,
1342 2503 1370 2568 si

200 2613 299 2676 homo
323 2611 420 2677 etiam
444 2611 527 2676 liber
550 2611 584 2677 in
608 2610 741 2676 alterius
765 2611 994 2676 contumeliam
1018 2613 1226 2696 offendatur,
1251 2635 1317 2681 non
1331 2615 1371 2680 ad

201 2743 274 2788 eum
298 2723 455 2788 duntaxat
478 2721 537 2803 qui
560 2721 724 2801 laeditur,
749 2721 808 2787 sed
828 2721 869 2786 ad
889 2743 963 2787 eum
986 2721 1081 2789 etiam
1109 2725 1167 2806 qui
1191 2745 1249 2807 per
1271 2726 1372 2811 hujus

200 2834 441 2915 quodammodo
474 2834 561 2898 latus
591 2832 714 2915 petitus
747 2847 818 2912 est,
854 2832 990 2916 injuriae
1014 2832 1274 2916 persecutionem
1299 2854 1372 2916 per-

199 2945 301 3009 tinere
323 2946 345 3010 ⁷.
391 2946 466 3031 Qua
500 2942 626 3009 ratione
659 2958 772 3009 contra
796 2941 979 3008 Lusitanos*
999 2945 1042 3008 ob
1072 2964 1130 3025 ea,
1167 2963 1250 3025 quae
1282 2943 1371 3011 Indis

199 3055 322 3120 inflicta
351 3070 429 3121 sunt
460 3057 565 3136 mala,
591 3053 767 3120 Hollandis
790 3056 883 3120 velut
906 3075 945 3119 ex
968 3075 1027 3120 sua
1049 3074 1188 3137 persona
1209 3055 1263 3138 jus
1285 3075 1425 3128 com-n.
1446 3084 1529 3149 aas...

200 3166 295 3248 petit.
342 3167 428 3231 Cum
462 3166 604 3248 denique
634 3166 833 3248 reipublicae
865 3182 897 3231 et
917 3165 1164 3250 magistratuum
1188 3166 1231 3232 sit
1254 3137 1530 3251 culpa,i›2¹¹·⁶'⁸¹²‘

197 3275 365 3342 manifesta
388 3297 523 3343 suorum
547 3277 671 3362 flagitia
690 3297 756 3343 non
774 3297 924 3344 coercere
937 3283 972 3357 ⁸,
999 3277 1115 3343 ultimo
1125 3280 1200 3343 loco
1211 3298 1372 3360 ponemus

198 3388 353 3454 delictum
383 3388 488 3454 totius
520 3388 636 3472 populi
669 3388 877 3470 Lusitanici,
902 3390 942 3454 ad
966 3389 1026 3456 ista
1049 3410 1133 3472 quae
1156 3389 1299 3455 diximus
1320 3388 1425 3460 fa-ax
1446 3415 1529 3460 arsen.

184 3499 307 3568 cinora
347 3499 565 3567 conniventis.
631 3501 759 3565 Horum
801 3500 947 3565 omnium
986 3500 1184 3581 criminum,
1224 3501 1251 3566 si
1283 3479 1521 3566 rectepmorum.

198 3625 338 3693 ponatur
369 3610 475 3693 ratio,
500 3611 549 3676 uti
574 3611 684 3696 gravia
711 3626 809 3694 sunt,
834 3612 878 3677 ita
901 3631 1023 3694 poenas
1046 3610 1142 3677 etiam
1165 3631 1277 3695 graves
1302 3632 1372 3679 esse

129 3706 134 3724 ⁰
198 3736 346 3804 oportet:
387 3743 470 3803 quae
508 3724 617 3807 legum
651 3721 798 3788 civilium
830 3722 1070 3789 existimatione
1104 3743 1225 3805 paucae
1260 3725 1372 3790 admo·
1384 3753 1531 3799 pamm...

160 3815 167 3832 '
198 3834 274 3899 dum
297 3834 381 3900 intra
408 3836 544 3900 mulctas
569 3833 778 3913 consistunt,
803 3854 876 3916 pars
900 3853 1014 3917 magna
1038 3836 1200 3899 bonorum
1224 3836 1371 3917 publica·
1385 3808 1532 3918 iiiiiis⁶“''

230 4059 237 4090 ¹
257 4063 328 4108 Curt.
348 4062 438 4108 eodem
455 4058 531 4106 libro.
551 4058 587 4119 [c.
605 4056 658 4120 45.]
696 4055 707 4088 ¹
724 4058 754 4104 V.
772 4056 830 4116 Dig.
849 4069 873 4104 et
893 4058 958 4105 Cod.
980 4070 1027 4117 per
1044 4068 1114 4104 totos
1133 4057 1231 4106 titulos.
1248 4056 1291 4120 [D.
1299 4060 1372 4119 48.6.
1457 4079 1464 4095 x

197 4162 222 4198 et
248 4163 271 4208 7.
298 4162 322 4198 et
340 4163 381 4212 43.
409 4150 447 4198 16.
466 4161 491 4197 et
509 4151 539 4196 C.
557 4163 581 4211 9.
602 4148 652 4210 rm]
688 4146 733 4196 ³1.
750 4147 812 4196 item
830 4147 898 4208 apud
914 4146 1069 4196 Labeonem.
1087 4152 1108 4207 §-
1129 4162 1150 4197 1.
1168 4149 1194 4196 ff.
1212 4151 1244 4197 de
1263 4148 1373 4207 injuriis.

197 4253 221 4288 et
247 4241 282 4288 ibi
307 4244 357 4290 Dd.
385 4240 429 4304 [D.
452 4253 494 4302 47.
520 4254 557 4288 10.
579 4238 628 4302 1s.]
650 4241 667 4286 l.
683 4239 705 4286 is
724 4238 769 4299 qui
788 4251 846 4287 cunt
865 4241 927 4286 telo.
943 4240 972 4286 C.
991 4241 1022 4286 de
1043 4239 1151 4288 sicariis.
1172 4239 1214 4300 [C.
1233 4255 1257 4302 9.
1278 4241 1316 4290 16.
1334 4241 1371 4305 7.]

195 4329 207 4362 ⁴
225 4334 256 4380 de
274 4332 310 4379 ira
326 4335 343 4379 l.
360 4346 381 4380 1.
400 4346 422 4380 c.
441 4345 465 4389 3.
491 4331 542 4380 ‘de
560 4329 645 4379 benef.
662 4332 681 4378 l.
700 4343 723 4385 5.
742 4344 764 4377 c.
777 4343 823 4390 ¹14.
841 4329 852 4362 ⁶
867 4330 893 4378 in
912 4330 1051 4390 sapientem
1070 4344 1121 4379 non
1139 4332 1229 4379 cadere
1247 4330 1373 4388 injuriam.

198 4435 221 4469 e.
238 4435 261 4478 7.
295 4419 353 4469 ⁷V.
378 4425 444 4470 Bart.
469 4423 495 4470 in
522 4424 539 4469 l.
567 4424 611 4470 ult.
637 4421 663 4468 ff.
687 4423 718 4469 de
737 4420 804 4481 priv.
823 4421 934 4469 delictis.
953 4423 998 4482 [D.
1016 4435 1058 4483 47.
1078 4420 1112 4484 1.]
1132 4424 1181 4470 Dd.
1200 4422 1226 4470 in
1240 4427 1262 4482 §-
1280 4425 1325 4472 sed
1341 4425 1372 4473 si.

198 4515 258 4560 lust.
285 4515 316 4560 dc
343 4512 451 4570 injuriis.
481 4512 512 4576 [Ι.
530 4527 554 4574 4.
574 4526 598 4573 4.
617 4515 640 4570 5.
659 4510 694 4574 6.]
732 4512 782 4560 ⁸c.
803 4513 929 4562 dominus.
950 4511 1039 4575 [Dect.
1060 4514 1129 4562 Grat.
1149 4527 1174 4574 p.
1192 4528 1215 4564 a.
1234 4527 1273 4572 23.
1293 4529 1316 4563 a.
1335 4516 1371 4578 a]

1160 4623 1197 4685 17
