3536 5692
334 633 396 694 266
653 649 699 694 oe
723 650 816 714 June
843 649 1026 697 runconia.
1051 650 1130 695 cnr.
1155 651 1219 697 xri.

333 805 524 872 volentibus
547 804 684 888 capitur.
729 804 807 870 Sive
838 804 940 890 igitur
963 807 1051 871 hunc
1080 803 1177 872 finem
1202 807 1357 872 volumus
1379 805 1503 888 fuisse,

334 931 373 982 ut
395 917 509 983 damna
541 935 574 982 et
603 931 731 982 sumtus
764 932 1010 1000 repararentur,
1035 919 1105 984 sive
1134 917 1230 984 etiam
1254 935 1293 986 ut
1315 920 1503 1004 iniquorum

334 1029 456 1094 malitia
478 1044 697 1109 averteretur,
722 1031 802 1094 alter
824 1029 945 1096 sufficit
968 1044 999 1095 et
1020 1045 1157 1112 uterque
1177 1031 1248 1098 sine
1272 1032 1374 1099 dubio
1393 1033 1504 1117 justus

188 1160 225 1204 aa
251 1162 321 1206 coner.
336 1155 394 1206 est.
441 1141 597 1208 Evolutis
620 1140 726 1206 causis
748 1141 923 1222 omnibus,
944 1143 1071 1226 justum
1096 1143 1158 1208 hoc
1182 1163 1250 1210 esse
1271 1144 1394 1210 bellum
1415 1145 1504 1210 Indi·

189 1215 230 1260 [γ’
335 1239 650 1318 caeHollandorum
671 1233 839 1319 so'cietatis
858 1252 892 1319 in
909 1253 1110 1334 Lusitanos,
1135 1255 1176 1320 ad
1195 1276 1281 1336 quos
1301 1255 1394 1322 navis
1411 1272 1505 1339 capta

188 1363 237 1462 ᾗ.
251 1364 324 1408 ‘ml-
334 1345 519 1447 pertinuit,
543 1366 819 1450 pronuntiamus3
847 1385 946 1448 quare
978 1380 1010 1431 et
1035 1366 1185 1449 praedam
1216 1367 1337 1450 justam
1370 1361 1514 1434 omnino

335 1476 458 1551 fuisse,
483 1492 521 1543 ut
552 1493 664 1544 nostra
687 1477 849 1561 principia
872 1478 1044 1543 declarant.
1090 1477 1229 1543 Etcum
1252 1478 1506 1546 evidentissimis

191 1591 236 1690 fia·
251 1592 322 1691 gagg:
335 1589 517 1656 rationibus
539 1590 795 1656 demonstratum
815 1589 880 1670 sit,
899 1590 1049 1673 praedam
1066 1609 1195 1656 omnem
1216 1611 1255 1656 ex
1270 1591 1357 1656 bello
1374 1591 1504 1674 privato

185 1709 211 1759 e·
227 1699 247 1743 1·
334 1719 441 1782 usque
464 1701 505 1766 ad
527 1700 630 1767 debiti
649 1700 903 1768 satisfactionem
924 1701 1030 1784 primo
1051 1701 1121 1785 ejus
1139 1701 1235 1781 lieri,
1253 1701 1310 1783 qui
1331 1700 1406 1768 belli
1422 1701 1503 1786 iusti

335 1826 449 1877 auctor
480 1827 552 1892 est,
584 1811 679 1878 facile
710 1812 906 1896 intelligitur
925 1832 1086 1878 caraccam
1113 1815 1196 1879 hanc
1225 1827 1402 1897 captasque
1422 1833 1504 1878 mer·

334 1941 411 2001 ces,
436 1942 517 2004 quas
540 1924 581 1989 ad
601 1923 704 1989 debiti
727 1923 927 1990 solutionem
948 1924 1094 1990 nondum
1117 1925 1263 1992 sufficere
1284 1925 1503 2006 ostendimus,

334 2034 484 2100 societati
516 2035 645 2101 Indicae
679 2054 749 2100 esse
771 2035 973 2118 acquisitas,
998 2058 1082 2119 quae
1105 2037 1174 2104 suis
1196 2037 1361 2103 sumtibus
1382 2038 1504 2103 bellum

335 2145 418 2210 illud
441 2145 690 2213 administravit.
713 2147 851 2213 Planum
875 2148 961 2213 enim
980 2147 1137 2229 fecimus,
1153 2167 1221 2216 non
1236 2149 1344 2216 minus
1361 2170 1401 2214 ex
1416 2149 1503 2215 bello

336 2256 485 2339 privato,
508 2277 605 2340 quam
627 2259 763 2342 publico
787 2260 937 2343 praedam
961 2260 1156 2345 contingere.
1201 2260 1327 2326 Verum
1347 2260 1443 2326 etiam
1455 2258 1503 2323 illi

335 2367 393 2449 qui
413 2369 521 2434 verbis
544 2369 752 2462 discrepant,
779 2371 820 2435 ad
843 2373 926 2437 hauc
950 2371 1173 2452 quaestionem
1196 2373 1287 2453 quod
1309 2371 1446 2450 attinet,
1470 2391 1504 2435 re

335 2478 403 2562 ipsa
435 2482 659 2548 consentiunt.
704 2483 862 2548 Fatentur
897 2483 982 2548 enim
1016 2503 1127 2547 omnes
1147 2484 1181 2565 ¹,
1206 2483 1234 2548 si
1263 2483 1366 2568 judex
1396 2483 1503 2562 desit,

335 2590 430 2656 etiam
462 2613 501 2658 ex
532 2592 706 2660 intervallo
735 2593 777 2659 ad
800 2593 1077 2677 recuperationem
1100 2615 1206 2659 rerum
1238 2608 1271 2660 et
1290 2594 1392 2659 debiti
1415 2613 1504 2660 com·

333 2703 578 2786 pensationem,
602 2707 636 2770 in
661 2725 758 2788 quarn
789 2719 822 2772 et
841 2720 970 2771 sumtus
989 2705 1149 2785 veniunt,
1174 2723 1225 2770 res
1245 2705 1503 2771 adversariorum

334 2815 405 2898 capi
428 2835 549 2899 posse,
581 2817 645 2883 nisi
667 2819 759 2900 quod
781 2816 931 2883 nonnulli
953 2816 1050 2882 certis
1073 2816 1203 2883 casibus
1226 2816 1400 2899 requirunt
1426 2817 1504 2882 sub·

335 2943 525 3008 sequentem
545 2928 666 3013 judicis
689 2927 901 2995 sententiam:
927 2947 1010 3010 quae
1033 2948 1107 2994 cum
1130 2929 1214 2993 hanc
1235 2928 1385 3010 praedam
1411 2948 1505 2994 secu·

176 3053 206 3150 ff
226 3052 276 3107 fine
295 3063 321 3112 p·
334 3052 368 3102 ta
390 3038 434 3104 sit
455 3041 546 3105 nulla
577 3040 777 3122 relinquitur
805 3039 978 3105 dubitatio.
1021 3039 1093 3124 Jam
1123 3059 1221 3118 vero,
1246 3038 1336 3120 quod
1364 3037 1504 3121 amplius

204 3117 321 3167 ’ΝΜ
336 3163 407 3232 est,
441 3151 560 3215 docent
591 3150 781 3216 scholastici
803 3151 838 3230 ²,
872 3153 1023 3236 quamtis
1051 3149 1170 3214 bellem
1202 3153 1247 3214 sit
1278 3150 1440 3234 injustum
1463 3169 1503 3212 ea

334 3283 461 3342 causa,
486 3265 619 3342 animo,
638 3275 838 3347 personare
861 3265 1090 3342 auctoritate,
1115 3275 1226 3326 tamen
1249 3263 1278 3324 si
1300 3280 1352 3324 res
1375 3259 1503 3340 subsit,

335 3375 417 3456 quia
449 3372 574 3436 seilicet
599 3385 664 3456 pro
696 3371 793 3436 rebus
825 3371 1008 3456 repetendis
1034 3371 1262 3455 factumest,
1288 3370 1438 3456 intellige
1463 3391 1503 3434 ex

335 3483 539 3564 intervallo,
573 3504 643 3546 eum
675 3486 735 3567 qui
766 3482 887 3546 bellum
919 3486 1021 3550 morit
1044 3485 1080 3546 in
1102 3486 1303 3547 conscientia
1326 3485 1505 3546 restituere

335 3614 398 3657 nore
421 3597 551 3673 teneri,
576 3596 642 3657 nisi
664 3596 828 3678 acceperit
851 3591 906 3660 uel
921 3589 1192 3674 damnificauerit
1212 3593 1307 3657 ultra
1327 3613 1426 3678 quam
1444 3589 1504 3657 ad·

334 3708 507 3772 terrarius
530 3705 688 3769 habuerit
711 3705 834 3789 injuste
856 3703 895 3769 de
917 3725 984 3769 sao.
1019 3703 1065 3768 Et
1081 3706 1161 3769 haec
1184 3703 1310 3769 ratione
1334 3701 1504 3768 societatis

335 3815 464 3881 Indicae
499 3816 764 3895 Hollandorum,
800 3830 961 3897 quatenus
995 3835 1054 3897 pro
1087 3835 1121 3880 se
1154 3835 1239 3880 arma
1265 3813 1393 3894 movit,
1417 3813 1504 3878 dicta

274 3917 278 3936 ’
336 3942 445 3992 sunto,
490 3927 615 3992 Eodem
638 3927 737 3992 modo
763 3927 843 4009 quin
866 3946 951 3992 arma
967 3946 1099 3992 movere
1115 3925 1261 4009 potuerit
1276 3944 1336 4008 pro
1355 3923 1503 4007 injuriis,

336 4059 420 4118 quae
447 4037 545 4104 sociis
576 4051 609 4103 et
638 4038 749 4104 amicis
779 4038 948 4121 ipsorum,
979 4052 1058 4120 puta
1085 4036 1234 4104 societati
1259 4035 1505 4114 Zelandorum‚

338 4254 524 4265 m...—

370 4407 427 4455 ¹V.
450 4409 492 4455 all.
515 4408 541 4455 in
565 4408 647 4468 princ.
663 4421 687 4457 c.
712 4421 749 4455 ιο.
772 4418 797 4456 et
823 4409 886 4456 adde
911 4409 977 4456 Bart.
1003 4409 1034 4456 de
1050 4420 1158 4467 repress.
1175 4421 1201 4466 q.
1216 4421 1240 4468 9.
1254 4420 1279 4454 n.
1294 4419 1319 4466 4.
1339 4405 1407 4454 circa
1422 4403 1505 4452 finem.

335 4495 345 4528 ²
363 4499 425 4546 Silv.
441 4499 467 4546 in
482 4514 507 4547 v.
521 4501 618 4548 Bellum
638 4511 660 4547 1.
675 4502 696 4556 ξ.
714 4512 751 4546 10.
996 4503 998 4508 '
