3530 5656
366 679 408 758 48
679 693 726 740 nn
748 693 841 759 Junn
866 692 1050 740 nnaannn.
1075 693 1145 741 can
1180 693 1233 738 ιν.

365 847 552 932 praecedit,
580 847 742 914 interdum
774 847 869 915 etiam
902 847 1075 916 comitatur
1095 848 1118 914 ¹.
1172 845 1316 913 Primum
1349 845 1431 912 enim
1462 845 1539 928 quis

367 975 417 1027 est
447 961 591 1027 hostium
622 959 681 1043 qui
712 960 812 1026 vitam
836 961 993 1026 duntaxat
1014 974 1156 1030 nostram
1178 971 1330 1042 appetat,
1354 976 1421 1024 non
1444 956 1538 1023 etiarn

365 1070 563 1154 facultates,
586 1087 730 1138 autnon
753 1071 854 1138 vitam
876 1071 990 1155 potius
1021 1072 1064 1137 ob
1086 1069 1191 1137 istas?
1217 1069 1341 1137 Merito
1363 1067 1462 1154 igitur
1482 1090 1538 1152 per

366 1184 486 1249 bellum
508 1183 543 1248 id
562 1183 655 1266 quod
674 1182 771 1250 nobis
790 1181 939 1265 quotidie
962 1181 1121 1266 eripitur,
1145 1197 1202 1248 aut
1222 1180 1423 1248 tantumdem
1445 1200 1538 1246 recu-

364 1295 550 1378 perabimus
572 1291 595 1363 ¹.
640 1294 740 1361 Unde
761 1293 925 1378 plerisque
948 1293 1056 1360 visum
1086 1307 1137 1359 est
1161 1293 1194 1360 in
1218 1292 1312 1359 bellis
1335 1291 1429 1374 quasi
1457 1291 1536 1357 taci-

365 1421 430 1473 tam
455 1406 637 1490 pactionem
669 1405 919 1490 permutationis
947 1405 1098 1472 accedere
1119 1407 1154 1486 ¹‚
1187 1419 1225 1471 ut
1252 1405 1320 1470 alea
1351 1402 1536 1470 certaminis

365 1533 504 1601 uterque
525 1532 698 1584 contentus
720 1516 823 1584 aliena
843 1532 993 1600 caperet,
1017 1536 1076 1583 sua
1106 1515 1287 1583 amitteret:
1311 1530 1349 1582 ut
1377 1514 1420 1582 sit
1446 1515 1534 1597 quod

366 1630 455 1713 apud
471 1629 691 1696 Menandrum
712 1639 724 1674 ⁴
746 1643 813 1696 est:

624 1746 648 1810 oi
667 1746 726 1828 γὰρ
746 1745 871 1817 θέλοντες
892 1744 1066 1826 antarctico
1084 1743 1125 1810 nai
1144 1746 1201 1808 τῶν
1220 1741 1315 1816 πέλοις
1341 1821 1344 1836 Ι

623 1855 861 1938 ἀποτυγχάνουσι
880 1851 1023 1928 πολλάκις
1042 1855 1204 1934 νικώμενοι,

623 1968 665 2032 τὰ
685 1965 767 2032 i'taa
788 1965 962 2047 πριςτιθέιισι
982 1973 1040 2039 τοῖς
1057 1968 1229 2050 ἀλλοτρίοις.

628 2071 696 2157 Qui
716 2077 950 2159 concupiscunt
970 2087 1089 2161 capere
1102 2075 1231 2142 nt‘cinas
1251 2089 1320 2161 opes

623 2185 785 2271 Persaepe
806 2185 846 2252 dn
868 2199 921 2271 spo
941 2184 1037 2252 clade
1057 2207 1130 2250 cum
1151 2190 1235 2255 aicta·
1253 2186 1405 2269 cadunt,

627 2295 783 2362 Alterius
805 2301 906 2362 etiam
927 2296 1209 2382 rebus·adjiciunt
1231 2319 1317 2364 suas.

409 2409 531 2492 Neque
565 2409 662 2494 longe
680 2407 757 2474 hinc
790 2407 857 2474 abit
890 2407 1140 2476 Aristotelicum
1172 2409 1256 2476 iliud
1274 2415 1305 2475 ⁸:
1339 2413 1432 2493 ὁγὰρ
1455 2412 1536 2492 νόμος

364 2524 506 2602 ὁμολογία
525 2524 569 2596 τίς
588 2523 684 2594 ἔστιν,
703 2523 732 2588 εἰι
754 2517 775 2606 ᾧ
797 2524 838 2590 τὰ
858 2525 939 2589 nanda
960 2522 1086 2604 πόλεμον
1107 2525 1287 2604 κρατούμενοι
1296 2531 1351 2590 τῶν
1362 2524 1536 2605 κρατούντων

363 2629 437 2699 εἶναι’
456 2642 558 2718 φασιν.
605 2631 670 2696 Est
698 2634 784 2695 enim
815 2630 869 2695 lex
894 2635 962 2696 ista
992 2634 1090 2716 quasi
1112 2651 1281 2696 consensus
1302 2631 1450 2715 aliquis,
1472 2651 1534 2714 qno

363 2741 445 2806 bello
472 2756 574 2828 capta
599 2764 663 2808 esse
684 2742 847 2808 dicuntur
876 2746 1089 2828 capientium.
1135 2742 1306 2823 Alterum,
1328 2742 1419 2824 quod
1447 2760 1534 2807 nunc

364 2852 486 2936 dicam,
505 2869 698 2937 perpetuum
720 2869 790 2935 est,
812 2872 872 2919 nec
893 2874 911 2919 a
933 2854 1020 2920 bello
1043 2867 1153 2937 potest
1172 2855 1294 2920 abesse.
1334 2853 1437 2940 Quod
1449 2851 1534 2918 enirn

363 2965 484 3031 bellum
517 2965 639 3049 geritur
672 2965 741 3032 sine
770 2980 882 3031 sumtu
912 2979 945 3030 et
968 2964 1036 3030 sine
1061 2964 1205 3032 damno?
1230 2965 1280 3030 Ut
1302 2963 1387 3030 enirn
1411 2978 1535 3028 caetera

363 3075 471 3140 omnia
502 3096 541 3140 ex
571 3090 652 3141 voto
683 3076 880 3157 succedant,
914 3076 1006 3159 quod
1035 3095 1214 3159 numquam
1238 3075 1381 3157 accidit,
1406 3073 1534 3141 interim
1574 3115 1581 3126 ·

362 3200 468 3251 tamen
491 3185 550 3268 qui
571 3186 691 3252 bellurn
714 3207 823 3272 gerere
843 3187 991 3272 cogitur,
1008 3187 1084 3254 arei
1097 3186 1293 3255 domesticae
1305 3185 1532 3270 procuratione

362 3312 526 3364 avocatur.
552 3297 659 3380 Atqui
683 3297 711 3364 is
735 3298 792 3382 qui
813 3299 903 3383 justa
925 3320 1012 3365 arma
1035 3299 1162 3383 induit,
1181 3301 1236 3385 jus
1257 3300 1353 3366 habet
1373 3314 1406 3364 et
1423 3299 1536 3364 damna

362 3408 471 3473 ornnia
497 3424 531 3475 et
552 3410 737 3494 impensas,
761 3425 800 3477 ut
824 3410 887 3476 sibi
911 3409 1020 3476 debita
1044 3409 1297 3495 recuperandi⁸z
1324 3411 1534 3494 quemadmo-

364 3520 441 3585 dum
470 3520 503 3585 in
535 3521 669 3605 judiciis
690 3520 877 3588 forensibus
897 3528 909 3569 ⁷
932 3537 964 3588 et
984 3522 1153 3606 dispendia
1176 3537 1208 3588 et
1228 3538 1357 3590 sumtus
1378 3543 1444 3589 non
1468 3520 1535 3586 litis

363 3631 479 3714 modo,
504 3631 562 3697 sed
582 3646 614 3698 et
637 3632 856 3700 exsecutionis
878 3634 917 3699 ab
935 3654 974 3701 eo
991 3634 1102 3700 sarciri
1115 3656 1254 3718 aequum
1268 3650 1335 3716 est,
1349 3633 1407 3717 qui
1420 3647 1535 3717 sponte
1585 3703 1590 3716 Ι

359 3743 426 3828 juri
447 3764 512 3810 non
531 3743 650 3828 paruit.
697 3744 784 3810 Hinc
804 3745 887 3811 illud
910 3761 977 3812 est:
1001 3750 1162 3832 impensas
1183 3746 1261 3812 belli
1282 3746 1351 3833 lege
1366 3750 1450 3818 uicti
1466 3767 1535 3810 sus·

359 3871 517 3942 capturus
537 3861 561 3924 ⁸.
606 3856 775 3924 Postremo
798 3872 922 3923 certum
946 3873 996 3923 est
1018 3878 1111 3940 eum,
1130 3857 1189 3940 qui
1203 3858 1294 3942 justo
1318 3858 1406 3924 bello
1431 3856 1536 3922 sciens

395 4139 403 4172 ¹
421 4156 448 4190 v.
470 4141 536 4190 infra
559 4155 582 4190 c.
603 4154 628 4201 7.
661 4117 748 4204 ima.
773 4145 843 4203 quod
859 4143 967 4204 quisque
983 4141 1056 4201 jutis.
1074 4153 1122 4192 tot.
1139 4143 1179 4192 tit.
1196 4143 1240 4204 [D.
1258 4156 1282 4190 2.
1301 4142 1336 4204 a]
1357 4141 1413 4190 Cic.
1430 4142 1461 4190 de
1481 4141 1537 4198 inv,

359 4232 377 4279 l.
402 4244 425 4278 n.
442 4231 504 4281 Silv.
519 4232 547 4280 in
564 4247 589 4281 v.
606 4233 712 4282 Bellum.
729 4247 751 4282 1.
766 4237 780 4294 5
799 4247 821 4282 1.
838 4235 923 4283 concl.
944 4247 965 4282 1.
998 4232 1010 4266 ⁸
1027 4235 1103 4294 Vasq.
1118 4248 1141 4283 c.
1157 4248 1181 4298 9.
1200 4246 1225 4281 n.
1246 4246 1284 4291 17.
1317 4231 1329 4264 ⁴
1348 4230 1401 4295 [ap.
1417 4232 1487 4280 stob.
1506 4231 1533 4279 in

360 4321 436 4369 florii.
458 4323 476 4369 1.
501 4335 539 4370 10.
560 4335 585 4370 n.
608 4321 643 4386 3.]
680 4322 691 4354 ⁶
715 4327 747 4373 de
771 4338 825 4386 rep.
843 4328 860 4373 l.
881 4339 902 4373 r.
920 4338 943 4374 c·
960 4326 984 4374 6.
1003 4326 1041 4388 [p.
1060 4337 1131 4382 1255.
1152 4340 1173 4375 r.
1190 4339 1228 4376 vs.
1245 4323 1284 4388 6.]
1317 4323 1413 4372 “Vico
1430 4321 1533 4380 dejure

360 4411 422 4460 belli
439 4427 464 4460 n.
485 4424 515 4471 17
532 4425 557 4462 et
576 4425 608 4470 50
625 4425 651 4462 et
669 4425 708 4476 54.
726 4417 792 4464 Bart
808 4418 839 4464 de
857 4430 965 4477 repress.
980 4431 1006 4477 q.
1023 4431 1039 4480 9
1057 4419 1089 4466 ad
1105 4430 1127 4475 s.
1147 4418 1222 4466 Mart.
1239 4417 1317 4466 Laud.
1334 4417 1365 4466 de
1382 4415 1451 4463 bello
1467 4428 1493 4474 q.
1512 4427 1534 4462 ι.

359 4498 447 4552 ⁷Inst.
466 4505 497 4552 de
514 4518 592 4565 poen.
613 4516 672 4553 tem.
688 4505 726 4553 lit.
748 4509 761 4564 5
789 4519 809 4555 ι.
835 4505 866 4571 [Ι.
889 4522 915 4570 4.
942 4507 993 4569 rs]
1019 4519 1044 4556 et
1061 4509 1090 4556 C.
1107 4510 1139 4557 de
1156 4508 1233 4556 fruct.
1251 4520 1275 4556 et
1291 4507 1329 4555 lit.
1346 4506 1405 4566 imp.
1426 4517 1472 4553 tot.
1493 4504 1532 4552 tit.

363 4593 405 4655 [c.
425 4605 449 4652 7·
469 4595 522 4657 su]
557 4593 650 4659 8Ιιιιι.
668 4598 685 4645 ¹·
703 4610 743 4655 aa·
763 4603 797 4654 tc·
819 4607 853 4658 ιι]
