3552 5654
560 709 606 754 DE
629 700 724 764 JURE
751 706 932 753 annuunt.
957 706 1037 753 CAP.
1062 707 1094 751 X.
1328 703 1387 766 129

218 865 355 930 dicitur:
388 882 528 946 quorum
558 878 736 948 utrumque
765 862 923 948 injustum
955 881 1026 928 esse
1058 859 1185 928 Socrati
1217 860 1251 924 in
1282 860 1388 943 primo

218 974 359 1042 Politice
388 973 567 1058 disputanti
598 981 607 1016 ¹
636 974 811 1040 credimus.
856 973 929 1038 Nec
963 973 1080 1056 effugit
1112 973 1387 1056 philosophorum

219 1101 327 1152 notam
356 1084 516 1151 Pindarus
534 1089 567 1164 ²,
591 1104 664 1149 cum
693 1084 845 1150 dixisset:
872 1089 929 1171 χρὴ
957 1089 986 1154 δὲ
1012 1090 1074 1154 acio
1095 1083 1196 1168 ἔρδοντ’
1217 1088 1389 1166 ἀμαυρῶσαι

217 1202 266 1265 τὸν
292 1199 398 1280 ἐχθρόν.
429 1192 569 1279 Quidvis
587 1196 707 1278 facere
724 1207 850 1280 oportet
878 1209 916 1258 at
943 1197 1114 1259 inimicam
1133 1192 1268 1279 perdas.
1314 1191 1388 1275 Ego

220 1321 254 1371 et
275 1306 426 1371 Tullium
445 1303 457 1339 ⁸
476 1305 593 1371 audio:
627 1306 713 1370 Sunt
743 1318 853 1371 autem
885 1304 1047 1390 quaedam
1081 1305 1182 1392 officia
1204 1307 1306 1368 etiam
1329 1302 1390 1368 ad·
1487 1367 1492 1382 ,

219 1437 333 1485 :tersas
354 1437 403 1481 cos
423 1415 611 1496 servanda,
636 1437 657 1480 a
676 1416 795 1501 quibos
813 1416 977 1500 injuriam
997 1418 1172 1500 acceperis.
1221 1413 1285 1478 Est
1304 1417 1389 1477 enim

220 1524 400 1591 ulciscendi
432 1539 464 1590 ct
488 1524 653 1610 puniendi
681 1524 804 1592 modas.
849 1526 895 1590 Et
913 1540 964 1605 te,
988 1525 1128 1591 secunde
1147 1523 1308 1604 Romule,
1332 1523 1390 1605 qui

221 1657 294 1702 cum
317 1635 577 1722 ludimagistrum
600 1635 780 1701 remitteres
799 1643 830 1700 ⁴:
866 1637 995 1716 Nobis,
1025 1636 1157 1720 aiebas,
1192 1649 1223 1699 ct
1247 1634 1390 1700 Faliscis

221 1768 307 1832 quae
326 1761 427 1832 pacto
450 1745 493 1829 fit
522 1749 664 1812 hamane
691 1752 827 1813 societas
857 1769 920 1812 non
949 1761 1031 1813 est.
1049 1768 1148 1833 qaam
1178 1750 1391 1832 ingeneravit

221 1871 350 1922 natura
372 1861 487 1942 atique
507 1871 576 1937 cst,
599 1848 753 1945 eritque:
776 1872 854 1923 sant
877 1871 908 1924 ct
930 1858 1007 1924 belli
1025 1863 1112 1923 sicot
1137 1871 1168 1922 ct
1182 1861 1279 1943 pacis
1287 1859 1389 1942 jara.

144 2012 148 2023 .
221 1967 256 2032 N
259 1988 295 2033 ec
317 1967 381 2032 alio
397 1967 499 2052 magis
509 1967 641 2034 nomine
654 1968 839 2034 Fabricium
851 1969 963 2034 laudat
975 1969 1141 2046 Seneca⁸‚
1164 1967 1240 2032 boni
1251 1967 1392 2054 exempli

221 2092 383 2143 tenacem:
417 2077 506 2164 qaod
529 2078 756 2166 difficillimam
789 2092 859 2158 cst,
894 2083 930 2143 in
962 2079 1043 2143 bello
1077 2083 1300 2143 innocentem:
1333 2082 1392 2163 qoi

223 2187 363 2274 aliquod
388 2209 453 2253 esse
483 2187 632 2254 erederet
666 2194 768 2255 etiam
800 2193 837 2253 in
860 2190 964 2254 hostes
987 2188 1094 2272 nefas.
1141 2187 1249 2253 Tollit
1268 2188 1390 2252 bellum

221 2299 483 2365 communionem
515 2299 670 2378 civilem,
697 2295 772 2365 'non
805 2298 892 2362 illam
925 2297 1059 2362 humani
1093 2296 1231 2380 generis.
1276 2297 1394 2363 Manet

221 2409 323 2493 igitur
357 2409 451 2474 etiam
485 2394 539 2473 le*x
572 2423 712 2491 quarta,
744 2407 810 2475 nisi
842 2422 1004 2489 quatenus
1039 2395 1180 2473 secunda
1213 2408 1389 2488 praevalet.

222 2519 393 2583 Secundae
424 2532 531 2582 autem
564 2517 615 2582 vis
647 2533 684 2582 ut
714 2517 878 2596 diximus,
911 2517 944 2582 in
977 2517 1092 2599 quinta
1123 2517 1220 2584 etiam
1250 2532 1393 2584 etsexta
1473 2592 1478 2602 ,

223 2626 412 2692 includitur.
458 2626 556 2692 Unde
588 2627 737 2710 sequitur
757 2647 824 2694 rem
847 2627 1000 2693 hostilem
1021 2628 1085 2694 nisi
1108 2629 1150 2693 ob
1172 2627 1318 2694 debitum
1342 2649 1393 2694 ac-

224 2735 311 2820 quiri
330 2756 395 2804 non
415 2755 529 2820 posse,
553 2739 617 2802 hoc
637 2751 703 2818 est,
727 2752 852 2820 praeter
869 2737 1109 2820 possessionem
1128 2738 1245 2804 debere
1264 2757 1393 2803 causam

222 2848 398 2927 accedere,
412 2848 503 2930 quod
515 2867 711 2930 quamquam
723 2847 801 2914 alibi
824 2848 1081 2914 demonstratum
1102 2836 1192 2928 ειν,
1205 2849 1269 2912 hoc
1287 2863 1395 2913 tamen

221 2960 296 3024 loco
319 2975 463 3042 repetere
492 2977 558 3024 non
581 2958 637 3024 abs
660 2979 693 3023 re
716 2958 792 3025 fuit.
837 2958 889 3023 De
911 2958 1029 3041 praeda
1051 2958 1153 3042 igitur
1175 2958 1252 3025 belli
1275 2957 1394 3042 privati

222 3070 276 3136 cui
298 3085 472 3153 quaeratur
489 3069 667 3136 videamus.
693 3069 758 3135 Sed
777 3068 929 3152 quisquis
951 3070 1013 3134 hoc
1037 3068 1184 3151 quaerit,
1208 3069 1235 3134 is
1254 3069 1394 3152 primum

221 3181 305 3246 illud
337 3202 457 3266 ponere
490 3180 622 3246 videtur
653 3182 709 3265 jus
740 3180 877 3262 aliquod
907 3181 1043 3262 praedae
1076 3201 1115 3245 ex
1147 3181 1233 3246 bello
1265 3180 1393 3263 privato

221 3291 319 3357 oriri:
353 3292 444 3374 quod
475 3292 666 3375 interpretes
694 3291 843 3374 plerique
872 3309 1034 3356 canonum
1066 3305 1099 3357 et
1125 3292 1256 3376 legum,
1281 3307 1312 3358 et
1335 3291 1393 3375 qui

223 3402 301 3468 belli
321 3402 395 3486 jura
416 3417 595 3468 tractarunt
613 3401 766 3467 videntur
785 3421 900 3485 negare
910 3407 932 3466 ⁷.
957 3401 1149 3483 Aliquoties
1165 3403 1230 3486 jam
1251 3402 1393 3470 diximus
1407 3403 1553 3449 saraam.

224 3533 290 3578 non
314 3531 401 3593 esse,
424 3533 482 3578 cur
502 3513 597 3579 nohis
621 3528 746 3596 semper
768 3516 894 3596 placere
918 3512 1035 3577 debeat
1048 3513 1187 3606 ¹illorum
1210 3514 1393 3596 sententia,

222 3622 282 3704 qui
302 3623 448 3691 contenti
469 3623 553 3707 juris
576 3623 683 3689 civilis
714 3623 902 3708 cognitione
925 3641 984 3704 ca,
1009 3644 1092 3705 quae
1111 3623 1194 3708 juris
1217 3625 1362 3708 gentium
1381 3629 1393 3662 ⁸

222 3748 322 3815 sunt,
353 3755 393 3798 ex
422 3733 508 3801 veris
533 3733 702 3816 principiis
727 3734 852 3799 discere
873 3733 1139 3814 supersederunt.
1186 3735 1232 3799 Et
1253 3749 1394 3801 meretur

222 3842 276 3909 hic
299 3842 462 3910 observari
486 3843 568 3908 ratio
593 3842 769 3909 deliniendi
793 3863 876 3924 quae
899 3863 917 3907 a
941 3843 1047 3909 Fabro
1069 3843 1211 3910 affertur.
1257 3846 1290 3912 Is
1309 3845 1394 3912 enim

257 4041 354 4090 ¹Plato
372 4045 404 4092 de
419 4054 473 4101 rep.
493 4054 515 4089 1·
534 4041 572 4102 [p.
591 4052 648 4097 ³35·
665 4042 688 4088 d
706 4041 741 4100 e.]
769 4037 936 4102 ²[lsthm.4
953 4053 991 4088 vs.
1010 4041 1062 4100 82.]
1090 4037 1150 4088 ’de
1168 4039 1211 4087 off.
1229 4042 1246 4086 Ι.
1267 4053 1287 4088 ι.
1309 4039 1397 4103 [c.11,

222 4133 245 4189 §-
264 4133 315 4193 33.]
355 4131 437 4180 ⁴Liv.
455 4133 471 4178 l.
491 4143 513 4186 5.
533 4131 568 4191 [c.
585 4130 637 4191 ιι]
673 4129 748 4190 ⁵Ep.
780 4142 834 4178 120.
868 4129 879 4161 ⁶
893 4129 976 4188 princ.
993 4142 1016 4178 c.
1034 4142 1058 4189 4.
1100 4125 1184 4177 7Ιιιιι.
1206 4140 1230 4176 et
1256 4131 1315 4177 Pan.
1332 4129 1358 4178 in
1374 4144 1397 4178 c.

223 4222 294 4270 olim.
312 4224 343 4272 de
367 4233 426 4270 rest.
448 4222 515 4282 spol.
534 4220 673 4282 [Decretal.
692 4233 715 4268 a.
736 4232 774 4277 13.
794 4219 845 4281 1a.]
864 4230 888 4266 et
907 4219 933 4266 in
952 4232 974 4267 c.
991 4219 1066 4267 sicut.
1085 4221 1116 4268 de
1133 4216 1238 4275 jurejur.
1257 4217 1398 4282 [Decretal.

224 4325 247 4359 o.
266 4325 305 4372 ²4
324 4312 376 4373 29.]
401 4313 467 4359 Bart.
489 4312 520 4359 ad
546 4313 563 4358 l.
586 4313 681 4358 hostes.
706 4309 732 4358 ff.
755 4312 786 4359 de
809 4320 877 4369 capt.
898 4310 942 4370 [D.
959 4322 1000 4370 49.
1021 4320 1059 4365 15.
1077 4309 1132 4370 24.]
1150 4310 1200 4371 Jas.
1218 4308 1244 4356 in
1261 4311 1279 4356 l.
1297 4322 1327 4357 ex
1346 4312 1397 4358 hoc

223 4401 287 4458 iure.
304 4401 330 4449 ff.
348 4404 379 4449 de
390 4400 449 4458 just.
461 4414 486 4450 et
498 4400 554 4459 jure
571 4399 616 4464 [D.
637 4414 657 4448 1.
676 4415 696 4450 1.
711 4401 748 4462 s.]
767 4401 854 4448 Franc.
872 4399 946 4448 Arias
966 4399 992 4447 in
1010 4411 1082 4448 tract.
1101 4402 1132 4449 de
1150 4399 1219 4447 bello
1238 4402 1259 4458 5.
1278 4401 1309 4448 de
1327 4399 1396 4447 bello

223 4490 376 4553 particulari.
402 4491 509 4554 [Ocean.
533 4490 582 4548 jur.
606 4494 659 4541 vol.
688 4492 726 4540 16.
750 4506 776 4552 p.
802 4503 859 4548 325.
886 4491 955 4552 sqq.]
990 4491 1081 4539 ⁸1nst.
1102 4491 1134 4537 de
1153 4502 1201 4538 rer:
1222 4489 1275 4539 div.
1295 4492 1316 4547 ξ.
1336 4490 1397 4538 item

223 4595 288 4640 quae
303 4582 333 4629 ab
352 4583 434 4629 hoste.
453 4581 484 4643 [1.
501 4594 524 4630 a.
543 4596 564 4630 1.
582 4585 603 4638 ξ.
624 4581 673 4644 17.]

1241 4694 1261 4755 9
