3530 5656
685 1737 1036 1820 PRAEFATIO.

319 2356 453 2430 Hugonis
474 2346 580 2416 Grotii¹
595 2356 743 2428 codicem,
763 2357 816 2431 qui
842 2373 921 2416 nunc
942 2357 1064 2430 primurn
1086 2354 1201 2426 editur,
1221 2367 1348 2430 quatuor
1369 2357 1450 2415 annis

279 2461 384 2518 abhinc
415 2459 529 2519 viderat
562 2477 663 2532 nemo,
696 2478 751 2520 nec
783 2462 935 2534 quisquam
964 2477 1104 2519 summum
1125 2461 1221 2519 virum
1242 2461 1348 2534 viginti
1369 2461 1452 2518 annis

279 2564 359 2636 prius
380 2581 468 2637 quam
489 2582 562 2638 opus
583 2564 619 2623 de
640 2565 704 2638 iure
724 2565 793 2622 belli
815 2581 849 2622 ac
869 2566 947 2638 pacis
968 2563 1084 2634 ederet,
1100 2564 1137 2623 de
1154 2565 1218 2638 iure
1228 2563 1349 2638 praedae
1360 2565 1450 2638 scrip·

280 2667 348 2723 sisse
368 2668 486 2725 sciebat.
526 2669 591 2742 lpse
611 2669 642 2725 in
665 2668 747 2725 libris
765 2669 822 2726 suis
843 2679 873 2726 et
895 2669 1024 2742 epistolis
1045 2666 1081 2726 de
1100 2669 1155 2726 hoc
1173 2685 1261 2742 opere
1278 2680 1365 2727 tacet.
1389 2668 1450 2726 Res

280 2769 404 2842 primurn
436 2771 581 2842 innotuit,
611 2789 677 2830 cum
709 2788 785 2830 anno
820 2773 897 2846 1864
926 2774 1072 2844 catalogus
1097 2770 1208 2845 prodiit
1229 2772 1371 2829 librorum
1393 2788 1450 2829 ma-

280 2875 517 2947 nuscriptorum,
547 2875 597 2947 qui
625 2873 769 2948 quondam
808 2876 907 2933 Grotii
945 2875 1078 2943 fuerant,
1108 2892 1181 2949 quos
1212 2875 1373 2948 bibliopola
1387 2875 1451 2932 'M.

281 2977 398 3048 Nijhoff
416 2978 534 3052 publice
556 2979 655 3052 Hagae
677 2977 827 3036 Comitum
849 2977 1021 3037 venditurus
1043 2990 1121 3037 erata
1142 2980 1172 3036 in
1193 2979 1237 3036 his
1258 2979 1450 3052 praeteralias

280 3080 392 3138 chartas
412 3083 532 3140 minoris
553 3082 641 3155 pretii
662 3083 874 3156 autographum
888 3082 1096 3141 Commentarii
1117 3080 1154 3140 de
1174 3083 1238 3155 jure
1258 3080 1379 3155 praedae
1396 3099 1450 3140 nu-

281 3185 454 3243 merabatur.
494 3186 560 3242 Viri
581 3184 662 3244 docti
684 3187 714 3244 in
737 3184 893 3244 Academia
913 3185 1183 3260 Lugduno-Batava
1204 3183 1451 3257 nonfacilequid·

280 3305 364 3361 quarn
384 3290 552 3362 negligunt,
573 3287 651 3362 quod
673 3288 708 3346 ad
730 3291 804 3348 tanti
824 3291 883 3347 viri
904 3290 1004 3348 famam
1027 3291 1187 3363 pertineat:
1206 3291 1303 3362 itaque
1320 3300 1349 3346 et
1368 3306 1449 3347 nunc

281 3409 398 3467 operam
416 3391 574 3472 dederunt,
595 3405 628 3451 ut
658 3392 754 3452 codex
783 3394 832 3451 ille
861 3394 1061 3452 Bibliothecae
1089 3392 1278 3451 Academicae
1298 3405 1451 3451 emeretur.

281 3496 371 3553 Liber
395 3497 489 3570 magni
519 3497 657 3555 momenti
684 3508 763 3567 erat,
790 3508 820 3554 et
848 3496 944 3571 quod,
972 3508 1006 3556 ut
1029 3497 1152 3570 catalogi
1184 3506 1286 3555 auctor
1315 3496 1370 3569 iarn
1391 3496 1452 3552 ani·

281 3599 491 3672 madverterat‚
512 3612 614 3659 notum
642 3601 704 3674 eius
730 3601 814 3658 Mare
832 3601 954 3659 liberum
976 3601 1060 3674 hujus
1083 3601 1292 3658 Commentarii
1314 3598 1452 3659 duodeci·

283 3721 360 3762 mum
379 3716 467 3778 caput
486 3720 545 3762 esse
567 3705 740 3778 apparebat,
761 3716 791 3762 et
817 3705 934 3778 insuper
954 3705 1021 3778 quia
1042 3706 1080 3763 ob
1103 3706 1196 3778 ipsum
1217 3705 1312 3777 operis
1333 3705 1452 3762 titulum

282 3808 312 3864 in
344 3819 462 3880 promtu
495 3819 556 3865 erat
586 3808 742 3881 suspicari,
773 3811 876 3865 multas
907 3808 1088 3880 quaestiones
1110 3808 1150 3864 ibi
1172 3809 1307 3881 tractari,
1327 3823 1402 3880 quae
1423 3818 1452 3864 et

283 3912 312 3967 in
334 3911 410 3969 libro
430 3911 490 3984 eius
513 3909 549 3968 de
569 3910 632 3983 jure
654 3910 723 3968 belli
744 3927 777 3968 ac
798 3911 878 3983 pacis
899 3911 1129 3983 explicarentur.

323 4016 360 4072 V.
384 4016 432 4073 Cl.
454 4015 483 4072 S.
505 4015 700 4086 Visseringius
731 4014 842 4087 primus
874 4012 904 4070 id
925 4015 965 4071 ita
992 4030 1021 4071 se
1049 4013 1153 4071 habere
1180 4011 1331 4070 affirmavit
1359 4013 1389 4070 in
1418 4013 1452 4070 iis

285 4135 358 4191 quae
380 4117 416 4176 de
437 4118 536 4175 Grotii
558 4134 646 4191 opere
667 4118 803 4191 exposuit
825 4116 996 4175 Academiae
1017 4117 1127 4190 Regiae
1150 4117 1339 4174 scientiarum
1361 4116 1453 4174 Neer·

282 4220 421 4280 landicae.
463 4219 559 4300 (Vide
571 4223 729 4295 Verslagen
751 4238 787 4279 en
804 4220 1055 4295 Mededeelingen.
1077 4218 1454 4294 AfdeelingLetterkunde.

284 4327 357 4383 Deel
390 4327 444 4384 lx.
469 4343 499 4399 p.
532 4340 597 4400 145.
625 4323 731 4404 vlgg.).
778 4326 804 4384 Is
831 4337 924 4384 tamen
946 4343 1005 4384 non
1027 4337 1159 4384 constare
1180 4326 1235 4382 sibi
1256 4324 1397 4397 declarat,
1417 4344 1452 4389 an

287 4430 359 4487 liber
385 4431 470 4488 etiam
499 4447 578 4489 nunc
604 4441 748 4489 mereatur
770 4429 833 4488 edi:
855 4447 927 4503 opus
949 4431 1024 4488 enim
1048 4430 1117 4504 sibi,
1139 4442 1172 4489 ut
1193 4441 1271 4488 recte
1293 4431 1345 4488 hac
1366 4430 1401 4490 de
1423 4449 1454 4491 re
