3552 5654
388 646 446 708 128
706 659 751 706 oa
775 659 869 726 June
895 655 1078 705 rannone.
1109 657 1187 705 cnr.
1213 657 1246 702 x.

381 830 511 882 nostrae
531 813 780 897 disceptationi,
801 813 877 895 quis
897 812 954 878 fiat
973 833 1080 880 rerum
1100 813 1187 880 bello
1207 826 1374 894 captarum
1394 811 1556 879 dominus.

381 925 573 991 Naturalem
605 939 711 992 autem
744 924 890 991 ordinem
923 938 956 989 et
986 924 1039 989 hic
1072 923 1299 1005 servabimus,
1333 938 1371 989 ut
1402 924 1494 1006 prius
1517 924 1557 991 de

380 1036 510 1120 privato
542 1037 739 1117 loquamur,
771 1034 935 1119 posterius
963 1035 1002 1099 de
1030 1036 1165 1118 publico
1193 1042 1226 1117 ¹,
1258 1030 1412 1117 quol‘ad
1432 1034 1557 1118 perspi-

381 1147 535 1212 cuitatem
557 1166 623 1212 non
643 1167 756 1229 parum
778 1144 917 1212 confert.
961 1146 999 1211 In
1022 1166 1193 1212 commune
1215 1160 1323 1211 autem
1345 1165 1384 1210 ex
1402 1145 1454 1211 his
1474 1166 1557 1228 quae

379 1255 444 1344 jam
477 1257 562 1323 dicta
594 1272 672 1324 sunt
690 1256 702 1292 ²
721 1257 796 1324 sciri
828 1271 962 1342 potest,
997 1258 1138 1324 eamdem
1162 1277 1231 1324 esse
1262 1271 1411 1324 naturam
1445 1276 1556 1322 corum

382 1387 468 1452 quae
490 1369 578 1434 bello
602 1381 635 1434 et
658 1388 741 1450 quae
765 1368 798 1433 in
822 1388 950 1436 causam
971 1369 1110 1453 judicati
1134 1367 1309 1452 capiuntur
1328 1373 1357 1432 ⁸:
1389 1387 1464 1434 nam
1488 1366 1556 1434 sive

381 1479 512 1562 publica
535 1479 659 1546 accedit
682 1481 878 1563 auctoritas,
907 1480 991 1546 nihil
1015 1501 1033 1546 a
1056 1479 1178 1546 forensi
1202 1479 1411 1546 exsecutione
1434 1479 1556 1544 bellum

382 1591 511 1671 differt,
533 1589 597 1656 nisi
620 1592 712 1673 quod
731 1593 774 1657 ob
795 1591 974 1674 potentiam
996 1591 1174 1658 adversarii
1194 1589 1290 1656 armis
1310 1589 1471 1675 agendum
1491 1604 1556 1656 est:

381 1703 452 1769 sive
463 1702 590 1785 privata
609 1703 800 1768 necessitate
819 1703 1120 1788 pugnetur,palam
1140 1716 1189 1768 est
1208 1701 1249 1767 ad
1264 1701 1319 1785 jus
1338 1701 1421 1767 illud
1439 1701 1557 1782 rediri,
1586 1715 1588 1720 ’

383 1833 450 1896 quo
471 1813 701 1895 unusquisque
719 1831 800 1878 suus
816 1812 920 1897 judex
939 1828 1015 1878 erat.
1050 1812 1160 1879 Nemo
1180 1812 1281 1898 igitur
1299 1827 1386 1878 recte
1406 1812 1557 1878 dominus

383 1924 441 1990 fiet
473 1923 633 2007 praedae,
666 1923 730 1990 nisi
763 1923 820 2006 qui
850 1925 926 2008 jus,
960 1925 1107 1989 hoc'est
1140 1943 1269 1989 causam
1300 1923 1414 1990 crediti
1444 1924 1555 1990 habet.

383 2033 528 2102 Omnino
548 2035 650 2120 igitur
668 2034 858 2101 eradicanda
878 2048 931 2100 est
950 2055 990 2100 ert
1007 2034 1177 2101 hominum
1197 2033 1312 2101 animis
1331 2032 1411 2100 falsa
1428 2035 1556 2118 opinio,

384 2165 468 2229 quae
490 2147 584 2213 velut
606 2147 735 2213 sublata
753 2145 841 2213 omni
865 2145 950 2212 inter
972 2146 1084 2213 hostes
1104 2148 1243 2212 humana
1263 2145 1437 2226 societate,
1461 2146 1557 2228 quid-

382 2257 464 2341 quid
486 2258 617 2323 illorum
640 2256 725 2338 fuit,
749 2259 898 2340 exemplo
918 2267 976 2328 τῶν
996 2259 1179 2334 ἀδεσπότων,
1203 2257 1267 2322 hoc
1290 2271 1340 2322 est
1361 2276 1474 2323 rerum
1496 2277 1557 2325 να-

382 2374 558 2452 cantium,
583 2368 617 2436 in
638 2369 745 2435 medio
766 2370 912 2453 positum
934 2370 1008 2435 vult
1030 2367 1220 2450 occupanti.
1244 2361 1449 2455 Quamquam
1471 2367 1555 2433 enim
1607 2371 1612 2378 '

384 2482 505 2574 multae
538 2493 616 2546 sunt
647 2495 795 2546 veterum
828 2479 1028 2561 sententiae,
1062 2499 1147 2561 quae
1178 2479 1243 2543 huc
1275 2477 1452 2560 inclinent,
1483 2498 1556 2544 cum

382 2590 550 2657 venationi
573 2605 760 2673 comparant
783 2610 885 2675 genus
910 2590 1000 2657 istud
1022 2588 1212 2672 acquirendi
1232 2584 1267 2671 ⁴,
1297 2609 1358 2655 nec
1382 2589 1472 2660 aliud
1491 2589 1556 2673 sig·

383 2699 516 2767 nificare
540 2700 695 2768 videntur
718 2700 919 2783 sententiae,
949 2720 1031 2784 quas
1054 2700 1095 2766 ad
1118 2700 1324 2768 asserendum
1345 2701 1399 2784 jus
1421 2700 1556 2783 praedae

384 2833 424 2879 ex
454 2813 639 2880 oratoribus
670 2825 702 2878 ει
730 2813 937 2896 philosophis
973 2811 1069 2877 initio
1096 2817 1107 2851 ⁶
1135 2810 1371 2896 allegavimus,
1406 2825 1439 2876 et
1472 2811 1556 2876 inter

384 2925 473 3008 ipsos
501 2923 584 3009 juris
614 2939 762 2990 auctores
796 2924 918 2989 Paulus
937 2920 949 2956 ⁶
969 2943 1020 2991 res
1053 2925 1140 2990 bello
1173 2937 1281 3006 captas
1304 2922 1368 2987 illis
1391 2942 1557 2990 accensere

383 3036 540 3117 videtur,
576 3055 660 3117 quae
693 3034 817 3100 nullius
849 3049 952 3115 sunt,
991 3049 1089 3117 atque
1123 3033 1204 3100 adeo
1238 3033 1343 3116 primo
1376 3033 1557 3116 possessori

384 3160 608 3229 quaeruntur,
637 3145 746 3230 negari
777 3159 884 3212 tamen
913 3165 980 3212 non
1010 3160 1140 3228 potest,
1174 3143 1265 3227 quod
1295 3164 1335 3209 ne
1365 3142 1557 3226 interpretes

384 3256 516 3339 quidem
538 3271 668 3322 nostros
689 3254 701 3295 ⁷
720 3256 836 3338 latuit,
869 3277 938 3322 esse
961 3254 1261 3323 dissimilitudinem
1286 3254 1372 3320 haud
1407 3253 1555 3338 exiguam

385 3365 468 3434 inter
492 3387 551 3449 ea,
580 3387 664 3450 quae
684 3368 808 3434 nullius
831 3368 977 3434 dominio
997 3369 1143 3452 subjecta
1166 3386 1321 3449 umquam
1344 3363 1500 3446 filerunt,
1524 3379 1557 3430 et

385 3499 442 3560 ea,
466 3497 549 3561 quae
572 3478 613 3545 ad
630 3479 741 3545 hostes
763 3477 961 3562 pertinuisse
984 3478 1207 3546 confitendum
1228 3493 1287 3543 est.
1314 3475 1400 3543 Nam
1419 3475 1446 3542 si
1466 3490 1556 3542 tanto

383 3591 458 3673 plus
490 3588 575 3655 odiis
607 3609 705 3672 quam
737 3603 872 3655 naturae
904 3589 1081 3674 largimur,
1113 3603 1152 3657 ut
1183 3591 1309 3673 legem,
1341 3607 1428 3680 quae
1451 3587 1556 3653 alieno

383 3701 545 3767 abstinere
564 3700 690 3783 vetat⁸,
702 3701 785 3766 inter
802 3700 916 3768 hostes
935 3701 1149 3785 abrogemus,
1167 3699 1251 3766 nihil
1262 3699 1370 3766 obstat
1380 3698 1557 3781 quominus

383 3825 415 3878 et
437 3825 604 3896 pactorum
617 3811 714 3879 iidem
728 3813 902 3895 tollamus,
927 3827 959 3879 ει
978 3832 1072 3879 omne
1093 3811 1199 3892 illud,
1220 3811 1310 3895 quod
1329 3809 1377 3876 fas
1395 3827 1555 3876 armorum

386 3999 585 4010 -ι--ι--α-ι·

417 4094 476 4143 lex
503 4108 526 4144 c.
544 4095 568 4142 6.
602 4091 656 4143 td,
682 4097 765 4143 concl.
793 4108 815 4142 a.
844 4106 868 4143 et
892 4096 917 4142 d.
944 4105 989 4142 art.
1008 4106 1031 4152 3.
1049 4095 1134 4144 concl.
1152 4105 1175 4152 7.
1210 4091 1285 4142 ’ara
1306 4105 1326 4141 1.
1345 4104 1369 4141 et
1388 4106 1411 4140 a.
1429 4093 1513 4140 concl.
1533 4103 1557 4148 7.

382 4185 582 4246 ⁴xen.cyrop.
608 4184 638 4246 [l.
665 4197 689 4232 a.
713 4197 736 4232 c.
763 4199 787 4246 4.
805 4185 826 4245 §.
846 4183 896 4246 19.]
916 4185 987 4233 Plato
1005 4187 1081 4245 soph.
1100 4183 1138 4248 [p.
1158 4197 1215 4247 219.
1230 4187 1254 4234 d.
1272 4184 1307 4246 e.]
1327 4196 1352 4231 et
1371 4185 1401 4232 de
1416 4183 1481 4242 legg.
1498 4184 1515 4229 l.
1533 4193 1556 4239 7.

382 4275 460 4326 Arist.
476 4277 508 4324 de
526 4289 579 4335 rep.
597 4276 615 4322 l.
636 4288 656 4321 r.
675 4288 696 4322 o.
715 4277 737 4322 8.
756 4275 794 4336 [p.
812 4275 885 4330 1256.
902 4287 925 4322 a.
942 4288 981 4323 vs.
999 4275 1052 4336 aa]
1087 4273 1138 4322 ἐ.
1158 4288 1183 4336 4.
1216 4274 1387 4323 ⁶1.1.ff.dc
1412 4287 1467 4332 acq.
1488 4286 1558 4333 poss.

382 4367 403 4428 §.
425 4380 445 4414 1.
470 4377 495 4413 et
521 4367 538 4412 l.
567 4377 589 4421 5.
617 4364 643 4413 in
667 4363 725 4413 fine.
752 4365 784 4412 de
809 4377 861 4423 aaq.
879 4377 927 4412 rer.
946 4365 1014 4414 dom.
1033 4375 1058 4412 et
1075 4378 1113 4425 pr.
1130 4367 1147 4412 l.
1165 4377 1190 4423 7.
1210 4363 1253 4428 Π).
1271 4378 1312 4425 41.
1331 4376 1354 4412 a.
1372 4375 1397 4412 et
1411 4365 1442 4410 Ι).
1460 4375 1501 4424 41.
1522 4354 1556 4426 1.]

381 4453 392 4493 ⁷
409 4459 460 4520 Jas.
478 4458 509 4504 ad
527 4457 550 4504 d.
565 4458 583 4503 l.
600 4469 621 4504 1.
636 4469 661 4502 n.
679 4469 701 4504 1.
735 4455 812 4504 Duar.
828 4455 859 4502 ad
876 4455 956 4502 eamd.
974 4455 1041 4502 Dan.
1058 4456 1157 4504 Comm.
1173 4457 1190 4502 l.
1208 4469 1233 4516 4.
1249 4469 1270 4502 c.
1289 4467 1329 4504 aa.
1363 4453 1374 4487 ⁸
1393 4453 1472 4516 [Dedi
1489 4454 1558 4513 quod

380 4544 406 4593 in
426 4545 510 4595 Grotii
526 4548 680 4605 autographo
698 4557 749 4606 est,
768 4553 847 4595 arctat.
867 4545 947 4607 Lege,
961 4544 1054 4608 juben]
