3530 5656
171 2871 175 2877 ·
282 2828 426 2910 dicitur,
451 2828 538 2900 unde
560 2847 643 2898 usus
661 2842 695 2898 et
708 2846 785 2894 mort
808 2825 994 2900 dominium.
1013 2841 1161 2897 secutum
1184 2842 1234 2930 est
1257 2829 1279 2894 ⁸.
1302 2828 1350 2900 At
1371 2847 1451 2894 vero

605 669 652 726 DE
676 669 769 734 JURE
794 670 977 726 eadum·
1003 671 1082 724 CAP-
1106 671 1146 726 ti·
1419 674 1456 728 H

203 853 207 860 ·
284 827 356 898 Hac
388 826 475 894 enim
505 825 546 900 de
577 843 611 893 re
641 839 678 898 et,
695 824 819 896 Stoicis
838 840 870 896 et
892 824 1065 909 Epicureis
1089 838 1122 892 et
1136 824 1365 909 Peripateticis
1381 847 1458 898 con.

282 938 396 1019 ventu
428 918 472 1003 'ne
505 936 690 1002 academica
718 936 850 1018 quidem
882 937 1037 1004 viaeatur
1064 937 1243 1012 enatasse..
1285 937 1457 1025 Quatenus

283 1066 391 1116 autem
426 1068 563 1136 conpore
595 1063 800 1129 constamus,
825 1047 888 1114 alia
909 1049 1007 1116 nobis
1030 1068 1168 1132 corpora
1190 1051 1380 1116 naturaliter
1401 1067 1458 1119 aut

282 1161 436 1245 prodesse
458 1175 621 1243 possunt,
645 1173 703 1232 aut
722 1179 849 1226 nocere.
894 1159 940 1227 Et
962 1160 1009 1229 sic
1032 1162 1084 1228 lex
1107 1160 1162 1226 illa
1184 1162 1274 1243 prior
1290 1177 1457 1230 exercetur

283 1272 469 1356 repulsione
491 1270 636 1354 corporis
656 1290 674 1341 a
697 1289 855 1354 corpore,
879 1271 1040 1354 posterior
1071 1272 1288 1355 applicatione
1310 1271 1455 1356 eorporis

284 1383 324 1456 ad
346 1403 478 1466 corpus.
523 1381 590 1456 Cui
609 1382 686 1456 usui
709 1381 783 1448 data
813 1381 1032 1454 animantibus
1057 1384 1201 1450 membra
1224 1398 1257 1450 et
1280 1383 1380 1454 nobis
1399 1404 1458 1467 pe·-

283 1493 341 1562 des
374 1515 411 1565 ac
443 1513 581 1576 manus,
617 1513 700 1576 quae
732 1508 802 1566 tum
829 1493 1112 1576 propulsatiouis,
1132 1509 1202 1560 tum
1226 1495 1456 1578 applicationis

282 1605 464 1676 ministerio
486 1604 711 1689 iungerentur.
756 1604 948 1688 Applicatio
963 1625 999 1670 ea
1016 1604 1082 1672 Dei
1096 1604 1272 1672 donatione
1295 1620 1362 1672 est:
1380 1626 1454 1672 nam

282 1717 341 1799 qui
364 1716 586 1788 animantibus
603 1731 642 1788 ut
660 1730 767 1790 essent
787 1715 902 1798 dedit,
924 1715 1010 1784 idem
1033 1716 1123 1783 dedit
1145 1716 1186 1782 ad
1205 1717 1289 1784 hanc
1311 1738 1377 1787 rem
1399 1739 1455 1784 ne-

282 1827 433 1898 cessaria.
476 1827 669 1900 Necessaria
689 1841 796 1901 autem
819 1841 897 1898 sunt
917 1827 979 1893 alia
1000 1842 1039 1894 ut
1061 1827 1143 1910 quid
1162 1826 1230 1909 sit,
1255 1828 1317 1898 alia
1339 1843 1378 1895 ut
1400 1829 1453 1896 cui

282 1938 364 2007 bene
386 1939 448 2007 sit:
473 1938 707 2010 incolumitatis
727 1953 759 2006 et
781 1938 1020 2008 commoditatis
1040 1939 1147 2006 dicere
1164 1959 1356 2022 possumus.
1375 1939 1454 2007 Oen·

282 2050 360 2117 nino
381 2064 489 2120 autem
511 2049 630 2116 viliora
650 2049 920 2132 praestantiorum
943 2049 1060 2117 usibus
1080 2069 1254 2130 concessa,
1276 2064 1315 2117 ut
1325 2053 1454 2134 plantae

281 2161 465 2242 herbaeque
476 2160 615 2242 bestiis,
639 2161 762 2234 bestiae
784 2175 817 2228 et
827 2180 878 2228 res
895 2161 928 2226 in
945 2160 1135 2228 universum
1151 2181 1263 2230 omnes
1279 2162 1406 2230 homini
1416 2165 1453 2244 ¹,

281 2272 393 2354 utqui
415 2271 573 2357 dignitate
593 2272 692 2345 rebus
707 2272 859 2341 omnibus
876 2271 1017 2342 conditis
1033 2274 1213 2355 praecellat.
1242 2272 1329 2340 Cum
1345 2286 1453 2343 autem

280 2384 376 2450 Deus
396 2385 458 2453 ista
479 2383 623 2456 humatio
645 2383 780 2468 generi,
802 2403 869 2453 non
884 2382 1073 2454 hominibus
1085 2382 1222 2468 singulis
1234 2382 1404 2452 donaverit
1416 2381 1456 2465 ²,

280 2513 340 2561 nec
369 2513 474 2566 tamen
495 2495 536 2563 ad
555 2514 636 2563 usus
659 2495 806 2563 converti
829 2493 958 2578 possint
979 2493 1042 2560 nisi
1065 2493 1218 2576 privatim
1240 2493 1452 2577 occupando,

279 2624 415 2676 necesse
442 2605 510 2673 fuit
543 2625 581 2678 eo
605 2605 751 2675 deveniri
781 2620 818 2670 ut
840 2625 938 2674 suum
968 2605 1090 2686 cuique
1118 2604 1235 2687 fieret,
1257 2606 1349 2687 quod
1369 2620 1454 2674 esset

283 2718 542 2800 apprehensum,
572 2721 605 2786 ci
628 2720 871 2804 ἕσφετερισμένον.
923 2716 1148 2800 Apprehensio
1180 2718 1259 2785 haec
1287 2716 1595 2838 p⁰⁸se⁵⁵i⁰ssiiii⁸iii

210 2967 219 2974 ·
281 2961 347 3006 non
378 2939 457 3006 satis
489 2938 728 3006 conservationi
760 2958 896 3021 operum
920 2958 1054 3005 suorum
1077 2937 1246 3020 provisum
1268 2939 1362 3006 Deus
1383 2959 1451 3005 cre·
1560 2961 1563 2964 ·

282 3051 387 3130 didit,
410 3051 438 3120 si
461 3069 552 3122 suam
576 3051 735 3122 duntaxat
751 3049 1007 3120 meorumitatem
1030 3049 1152 3132 cuique
1168 3050 1450 3130 commendarem

280 3163 345 3231 nisi
378 3177 411 3230 et
441 3182 508 3229 nem
540 3163 669 3232 alteram
701 3160 832 3226 alterius
866 3160 1046 3230 commodis
1074 3162 1175 3228 vellet
1196 3164 1390 3244 consulere,
1414 3177 1452 3228 ut

281 3289 400 3344 cuncta
431 3274 514 3342 inter
545 3293 580 3340 se
613 3275 706 3346 uelut
728 3287 858 3344 aeterno
879 3272 1010 3338 foedere
1031 3273 1264 3344 consentirent.
1310 3274 1450 3344 Seneca:

282 3386 385 3452 altari
407 3387 703 3471 riraaoporrat,si
725 3388 775 3452 ais
787 3383 853 3449 tibi·
861 3387 991 3455 amaras
1007 3384 1141 3466 Duplex
1153 3382 1265 3466 itaque
1277 3399 1327 3452 est
1337 3405 1448 3468 amon,

281 3499 336 3565 sui
356 3513 390 3566 et
404 3497 561 3580 alterius,
587 3516 729 3579 quorum
752 3495 807 3561 ille
827 3496 1013 3580 cupidinis,
1038 3495 1091 3562 hic
1112 3494 1272 3562 amicitiae
1284 3495 1413 3563 ‘dicitur
1423 3498 1449 3564 ⁵.

282 3609 393 3695 Hujus
414 3623 523 3678 autem
540 3607 760 3690 aliquaetiam
781 3607 814 3674 in
830 3608 929 3677 rebus
941 3607 1089 3680 menimis
1102 3607 1226 3690 speeies
1237 3608 1450 3687 obseruatur,

281 3720 314 3786 in
337 3719 446 3786 brutis
460 3719 678 3790 animantibus
698 3719 839 3801 clarior,
863 3719 899 3790 in
918 3719 1050 3787 homine
1073 3738 1151 3786 uero
1169 3719 1448 3802 luculentissima,

280 3846 319 3898 ut
340 3831 394 3898 cui
415 3845 540 3914 praeter
559 3849 747 3897 communes
770 3850 844 3896 curn
868 3829 1002 3896 caeteris
1026 3828 1214 3895 affectiones
1244 3828 1450 3912 peculiariter

279 3962 431 4010 concessa
451 3941 495 4008 sit
516 3939 598 4006 ratio
619 3941 675 4005 illa
693 3939 900 4024 imperatrix:
924 3939 979 4004 cui
1002 3939 1127 4006 scilicet
1139 3940 1178 4004 ab
1191 3939 1262 4021 ipso
1274 3940 1348 4005 Deo
1359 3940 1448 4023 prin-

276 4157 468 4169 -ι-ιυ--ι-ι

312 4295 321 4328 ¹
340 4297 404 4348 Gan.
424 4309 445 4345 1.
460 4296 488 4346 in
502 4294 560 4346 fine.
596 4294 652 4343 Cic.
667 4296 698 4344 de
716 4294 759 4352 oti.
777 4297 794 4344 l.
814 4307 834 4342 1.
856 4292 890 4362 [c.
905 4307 928 4354 4
946 4293 959 4355 ς
979 4289 1029 4358 rr.]
1043 4294 1061 4342 l.
1074 4291 1101 4342 in
1117 4291 1339 4352 pecudummde
1354 4293 1445 4347 usuris.

280 4384 386 4450 [D.,aa..
398 4400 419 4436 r.
436 4385 488 4452 aa]
505 4385 581 4444 Arist.
599 4388 630 4436 de
645 4388 733 4446 rep.,l.
754 4399 776 4435 1.
795 4387 849 4440 et.
862 4382 899 4448 [p.
920 4383 992 4440 1256.
1007 4396 1030 4432 a.
1047 4395 1086 4433 vs.
1099 4381 1148 4446 to]
1185 4379 1196 4414 ²
1214 4382 1269 4431 Cic.
1284 4385 1378 4444 deleg.
1390 4387 1407 4432 l.
1425 4398 1445 4433 1.

280 4473 316 4540 [c.
332 4479 354 4527 8.
369 4477 450 4548 sas]
487 4476 498 4510 ³
515 4478 596 4539 1.,1.§
615 4475 677 4538 nli.
696 4478 727 4532 de
742 4489 804 4540 aeq„
811 4488 882 4536 poss.
900 4473 943 4546 [li.
961 4487 1001 4536 41.
1020 4473 1056 4536 a]
1076 4473 1141 4522 Vide
1158 4473 1224 4525 infra
1235 4475 1447 4536 c.,1a.adpr0b1.

281 4578 318 4624 1³·
352 4566 519 4627 ⁴PlaroLys.
537 4567 573 4632 [p.
592 4580 648 4626 207.
667 4566 703 4636 c.]
741 4567 859 4615 *Thom
876 4579 896 4618 1.
917 4579 940 4616 a.
954 4580 979 4628 q.
997 4566 1037 4614 26.
1054 4577 1142 4630 art.4.
