3536 5692
355 678 416 740 330
650 675 697 722 na
720 675 816 742 JURE
840 677 1026 723 tantuna.
1053 679 1131 752 unu.
1157 677 1219 724 xv.

355 827 445 894 Galli
476 828 651 896 timiditate
683 830 869 913 cepissent,
893 831 975 897 adeo
999 851 1035 896 ea
1058 852 1110 900 res
1133 833 1324 913 infrequens
1350 832 1430 916 ipsis
1453 833 1526 900 visa

353 955 423 1020 est,
455 955 495 1006 ut
524 959 591 1008 non
622 942 717 1024 quasi
751 939 881 1008 Gallica
913 961 1017 1024 nave,
1050 945 1107 1008 sed
1141 943 1236 1026 quasi
1260 943 1370 1010 Gallia
1392 945 1525 1010 devicta

352 1052 604 1136 triumpharent.
646 1053 726 1118 Non
750 1069 856 1118 tamen
880 1055 944 1119 hoc
965 1073 1003 1119 eo
1024 1055 1215 1136 eveniebat,
1240 1057 1334 1138 quod
1351 1055 1442 1122 Galli
1461 1075 1527 1122 usu

353 1163 399 1228 tei
430 1163 609 1230 maritimae
640 1166 780 1232 multum
812 1179 1033 1248 praestarent,
1065 1167 1124 1232 sed
1152 1166 1230 1249 quia
1254 1187 1289 1234 ea
1313 1181 1381 1233 erat
1404 1165 1526 1250 Hispa-

352 1294 470 1340 norum
493 1275 652 1356 avatitia,
676 1292 715 1341 ut
736 1295 836 1342 naves
859 1295 935 1343 suas
957 1296 1024 1343 non
1048 1277 1147 1342 armis
1169 1278 1337 1359 ullis‚sed
1359 1277 1526 1344 mercibus

354 1401 388 1452 et
404 1387 595 1454 vectoribus
615 1402 797 1454 onerarent.
831 1389 934 1473 Angli
954 1403 1060 1454 totum
1080 1392 1193 1455 orbem
1213 1391 1426 1457 circumvecti
1444 1391 1529 1457 nihil

353 1495 442 1578 fere,
473 1499 565 1580 quod
596 1496 771 1581 Hispanici
795 1499 880 1584 jutis
899 1515 1005 1582 esset,
1027 1500 1187 1567 intactum
1211 1503 1383 1584 reliquere.
1429 1503 1527 1568 Nihil

355 1628 510 1690 umquam
531 1607 631 1674 alicui
654 1610 753 1676 cessit
776 1610 957 1693 impunius.
1003 1611 1055 1676 De
1077 1612 1208 1679 Batavis
1232 1613 1336 1698 igitur
1356 1614 1438 1697 quid
1460 1634 1526 1680 non

356 1719 572 1802 sperandum,
597 1720 653 1786 illa
676 1737 753 1788 vere
777 1721 949 1805 Neptunia
972 1723 1094 1806 gente?
1142 1724 1246 1790 Absit
1263 1725 1388 1791 invidia
1406 1727 1527 1794 verbo:

356 1851 535 1914 numquam
567 1850 673 1914 aequo
697 1831 850 1914 inloto,
883 1851 1062 1916 numquam
1094 1851 1203 1918 aperta
1225 1836 1258 1901 in
1281 1855 1394 1920 pugna
1420 1838 1528 1903 navali

357 1943 427 2008 acie
449 1943 649 2009 laborarunt.
696 1945 767 2009 Nec
787 1943 828 2010 ad
847 1945 981 2028 antiqua
1002 1964 1200 2029 quemquam
1219 1949 1365 2031 exempla
1384 1966 1530 2030 revoco,

358 2053 420 2120 etsi
443 2070 625 2138 suppetunt
648 2056 777 2140 egregia
799 2056 832 2122 in
853 2056 994 2138 Gallos,
1019 2057 1225 2140 Germanos,
1256 2059 1431 2126 britannos
1460 2077 1531 2126 cer·

357 2165 495 2230 tamina:
520 2166 706 2250 Hispanum
731 2168 857 2233 hostem
881 2169 1075 2250 videamus,
1100 2169 1196 2235 etiam
1218 2170 1358 2256 Belgicis
1378 2171 1529 2238 nonnihil

358 2275 532 2343 suffultum
564 2278 717 2358 viribus,
750 2293 783 2344 et
814 2297 834 2342 a
863 2280 969 2362 primo
1000 2279 1078 2345 belli
1111 2281 1210 2346 initio
1240 2281 1283 2346 ad
1313 2284 1393 2348 haec
1423 2301 1532 2364 usque·
1613 2315 1619 2322 ·

357 2387 546 2456 felicissima
575 2405 722 2473 tempora
754 2390 846 2456 brevi
868 2391 1010 2458 transitu
1031 2389 1187 2458 memoria
1210 2392 1382 2458 discurrat.
1429 2393 1530 2476 Spec-

358 2499 501 2565 tabimus
533 2500 657 2583 captivi
689 2501 823 2566 vincula
852 2501 1007 2583 B0ssuii,
1031 2518 1140 2585 raptas
1159 2521 1176 2568 a
1197 2503 1354 2569 Zelandis
1371 2506 1437 2589 jann
1459 2519 1529 2571 tum

358 2629 437 2694 opes
467 2611 726 2693 Lusitanorum,
762 2611 945 2696 fugientem
970 2614 1088 2696 scapha
1112 2611 1412 2697 Medinacaelium,
1436 2614 1531 2682 Hon-

357 2737 422 2788 tam
457 2722 681 2805 Hispanorum
714 2714 886 2790 cruentum
920 2724 1089 2809 sanguine.
1133 2726 1204 2810 Jarn
1239 2745 1320 2794 vero
1352 2745 1430 2792 num
1465 2730 1532 2793 ulla

358 2833 461 2918 major
493 2853 562 2900 esse
595 2834 708 2900 classis
739 2835 884 2918 poterit,
918 2855 1015 2917 quam
1040 2855 1125 2918 quae
1145 2855 1231 2902 anno
1255 2837 1313 2903 illo
1336 2838 1476 2904 terribili
1497 2839 1532 2904 in

359 2944 557 3012 Britanniam
590 2966 627 3011 ac
660 2947 801 3012 batavos
834 2947 932 3014 missa
965 2947 1040 3012 cst?
1075 2962 1230 3014 autnon
1262 2947 1412 3014 Indicum
1448 2949 1533 3015 illud

358 3077 445 3122 mate
468 3059 574 3122 multo
598 3056 694 3122 etiam
718 3075 815 3139 quam
842 3057 1007 3124 Gallicum
1029 3059 1093 3126 boc
1118 3057 1211 3126 fretis
1230 3060 1403 3144 angustius
1427 3075 1533 3126 estet

359 3167 457 3232 undis
478 3168 658 3248 incertius,
683 3167 806 3251 quippe
832 3169 891 3234 ubi
911 3184 1040 3253 praeter
1061 3184 1111 3235 tot
1133 3171 1244 3236 brevia
1273 3187 1307 3237 et
1333 3187 1440 3256 syrtes
1459 3191 1532 3255 sep-

358 3279 507 3362 tuaginta
531 3295 600 3344 esse
631 3279 812 3346 insularum
840 3281 942 3346 millia
962 3282 1203 3363 perhibentur,
1227 3281 1260 3347 in
1281 3299 1362 3365 quas
1385 3283 1533 3367 graviora

359 3389 503 3455 hostium
536 3389 669 3474 navigia
700 3390 799 3455 allidi>
820 3409 952 3458 necesse
985 3393 1060 3458 est?
1106 3393 1199 3459 Num
1230 3408 1303 3459 acta
1329 3394 1363 3460 in
1385 3395 1480 3460 littus
1500 3409 1532 3460 et

359 3501 392 3565 in
425 3501 569 3566 flammas
592 3502 789 3568 batavorum
810 3518 842 3568 et
861 3503 1045 3588 Anglorum
1070 3505 1198 3571 viribus
1222 3505 1335 3572 classis
1359 3507 1399 3570 ad
1422 3505 1533 3572 Gades

358 3613 466 3678 animo
487 3613 636 3679 excidit?
661 3615 752 3680 Num
772 3615 847 3681 illae
866 3614 1014 3681 funestae
1034 3617 1168 3682 domino
1186 3633 1287 3682 naves
1308 3615 1530 3700 Spinulanae‘.²

358 3725 540 3791 Enimvero
573 3726 649 3808 quis
677 3742 734 3793 aut
766 3725 886 3793 fortior
906 3743 963 3794 aut
985 3726 1088 3793 famae
1111 3728 1276 3814 ingentior
1294 3728 1427 3794 Andrea
1450 3729 1533 3793 Fur-

358 3838 477 3903 tadone
504 3839 621 3904 ductor
650 3839 740 3905 hosti
768 3838 931 3904 dabitur?
973 3839 1020 3904 Et
1041 3841 1096 3904 hic
1130 3853 1237 3904 tamen
1267 3839 1308 3904 ad
1341 3839 1533 3905 Bantarnum

358 3946 454 4015 fusus
481 3948 684 4033 fugatusque
717 3965 783 4016 est:
818 3969 878 4016 nec
905 3952 1009 4016 ullum
1034 3965 1098 4016 tarn
1130 3951 1301 4032 inaequale
1325 3950 1401 4016 iniri
1423 3963 1536 4032 potest

360 4074 545 4142 certarnen,
580 4063 690 4142 quam‘
710 4057 777 4126 fuit
809 4079 866 4127 sex
893 4062 1027 4128 navium
1052 4061 1266 4146 exiguarum,
1290 4062 1317 4127 si
1342 4078 1534 4145 compares,

360 4191 434 4237 cunr
465 4172 531 4237 illis
561 4191 660 4256 supra
682 4172 817 4257 triginta
849 4189 913 4238 tanr
944 4173 1070 4258 magnis
1100 4188 1233 4255 tamque
1265 4173 1394 4240 validis.
1441 4171 1536 4260 Quot

360 4283 489 4348 interim
520 4283 652 4368 navigia
685 4284 923 4351 Lusitanorum
958 4299 1072 4368 capta,
1105 4301 1232 4365 mersa,
1265 4283 1399 4350 incensa
1427 4284 1532 4352 sunt?

359 4395 409 4460 Ut
432 4409 554 4460 caetera
578 4409 698 4460 taceam
724 4409 756 4460 et
778 4397 915 4462 maxima
936 4397 1074 4479 loquar,
1098 4411 1226 4480 praeter
1250 4417 1318 4462 earn
1342 4417 1427 4478 quae
1449 4396 1534 4462 inter
1573 4470 1577 4478 ,

360 4506 581 4591 Spilbergium
611 4523 642 4572 et
672 4508 801 4592 Anglos
834 4507 939 4574 divisa
969 4522 1040 4590 est,
1073 4523 1140 4574 tres
1164 4509 1229 4592 jam
1254 4525 1427 4588 carretae,
1452 4527 1533 4590 quas
