3552 5654
365 626 425 690 154
672 626 720 672 na
743 625 838 690 June
864 622 1050 672 susanae.
1078 625 1158 672 car.
1184 624 1218 670 x.

356 781 450 864 dere)
485 780 526 845 ad
558 798 695 860 aequam
726 798 835 846 secum
871 777 1008 863 praedae
1031 793 1154 863 partem
1183 774 1372 844 admiserint
1388 785 1411 843 ¹.
1455 776 1526 844 Nec

354 891 445 956 aliud
472 892 591 958 volunt
621 889 789 985 Ambrosii
820 890 920 956 verba
951 887 986 970 ¹,
1020 909 1160 971 quorum
1196 903 1270 954 ante
1301 887 1526 956 meminimus:

354 1002 441 1068 Sane
469 1004 520 1066 his
552 1005 612 1086 qai
631 1022 735 1066 seeum
747 1001 954 1088 fuissentin
973 999 1199 1092 adjumentum
1212 998 1364 1083 fortasse
1384 1003 1503 1066 sociati
1514 1046 1526 1080 ,

348 1125 484 1200 partem
513 1112 721 1178 emolumenti
748 1109 962 1176 tribuendam
984 1115 1129 1192 asserit,
1154 1124 1326 1196 tamquam
1350 1109 1526 1176 mercedem

354 1224 489 1290 labaris.
534 1222 578 1288 Et
605 1224 668 1289 hoc
699 1221 806 1305 ipsum
841 1221 875 1286 in
908 1221 974 1287 Dei
1005 1224 1134 1316 populo
1166 1235 1327 1304 perpetuo
1358 1220 1526 1302 obtinuit,

354 1336 394 1399 ab
427 1333 612 1400 Abrahamo
645 1333 771 1400 scilicet
803 1334 845 1420 ad
877 1333 1085 1399 Maccabaica
1119 1353 1226 1415 usque
1257 1347 1404 1414 tempora
1424 1334 1457 1412 ⁸,
1491 1346 1529 1397 ut

353 1444 435 1510 socii
466 1444 658 1528 subditique
687 1444 821 1527 praedae
843 1444 1019 1528 participes
1041 1443 1166 1509 fierent.
1211 1443 1262 1508 De
1290 1461 1382 1524 quo,
1405 1443 1528 1525 praeci-

353 1577 419 1639 pue
452 1576 517 1638 qua
540 1555 691 1622 subditos
722 1554 850 1639 tangit,
875 1555 1059 1621 accuratius
1077 1553 1238 1638 agendum
1271 1568 1330 1618 est.
1375 1552 1528 1622 Dicimus

354 1687 431 1752 ergo
459 1665 665 1731 auxiliarium
692 1667 756 1733 hoc
783 1681 815 1731 et
838 1666 1046 1732 subditorum
1066 1664 1190 1730 ratione
1211 1663 1338 1730 admitti
1360 1664 1475 1730 debere
1491 1664 1527 1747 ⁴,

355 1792 479 1843 utnon
501 1778 599 1843 modo
622 1796 682 1859 pro
702 1777 830 1862 jactura
854 1792 887 1842 et
909 1777 1075 1858 impensa,
1095 1795 1210 1841 verum
1232 1775 1328 1840 ctiam
1351 1795 1411 1857 pro
1432 1795 1528 1858 opera

354 1887 417 1953 sibi
439 1888 587 1971 obligent
609 1887 841 1970 susceptricem
861 1888 938 1953 belli
961 1886 1204 1970 rempublicam.
1226 1887 1434 1973 Quamquam
1445 1886 1529 1952 enim

355 1998 707 2084 singulisubditorum
727 1999 870 2081 publicis
893 1996 1073 2066 commodis
1103 1997 1260 2064 inservire
1280 1997 1423 2078 debent,
1446 1997 1531 2063 illud

356 2124 463 2175 tamen
490 2109 705 2192 proportione
728 2110 895 2194 judicatur
917 2114 955 2192 ⁵,
979 2109 1071 2192 quod
1099 2123 1155 2174 aut
1175 2109 1282 2174 dando
1303 2121 1359 2173 aut
1380 2106 1530 2174 faciendo

356 2218 518 2302 quispiam
538 2219 689 2286 societati
718 2220 859 2302 amplius
891 2240 989 2303 quam
1012 2239 1072 2302 pro
1102 2239 1161 2285 sua
1189 2233 1279 2302 parte
1304 2218 1487 2300 impendit,
1511 2238 1531 2282 a

358 2331 495 2413 reliquis
525 2331 628 2413 repeti
658 2351 776 2414 posse,
800 2345 838 2395 ut
860 2330 894 2396 in
917 2331 1005 2396 omni
1029 2351 1063 2396 re
1085 2329 1252 2396 communi
1275 2341 1286 2374 ⁶
1311 2329 1456 2395 accidere
1479 2330 1529 2394 vi-

358 2440 483 2507 demus.
530 2442 605 2507 Hoc
624 2458 731 2508 tamen
754 2443 793 2508 ab
817 2442 1032 2508 auxiliaribus
1055 2441 1179 2510 subditi
1203 2441 1362 2507 differunt
1380 2439 1415 2521 ⁷,
1439 2441 1530 2523 quod

358 2552 530 2618 auxiliares
557 2553 623 2636 juri
656 2573 741 2633 suo,
771 2553 834 2620 nisi
863 2552 1006 2636 propriis
1027 2553 1257 2634 pactionibus,
1287 2552 1441 2636 derogare
1464 2571 1529 2618 non

356 2677 518 2746 possunt,
548 2665 603 2748 ius
636 2677 742 2730 autem
766 2663 972 2730 subditorum
996 2663 1195 2747 reipublicae
1216 2663 1344 2747 legibus
1361 2662 1530 2728 'immutari

357 2776 443 2840 solet
462 2777 498 2854 ³,
529 2774 606 2856 quia
636 2776 735 2841 semel
768 2775 1011 2867 usu'suadente
1030 2773 1075 2840 ita
1097 2772 1272 2854 convenit,
1304 2787 1343 2838 ut
1365 2772 1531 2840 communi

358 2885 494 2952 utilitati
515 2886 642 2968 privata
662 2887 930 2968 posthaberetur:
957 2901 1055 2968 atque
1076 2885 1122 2950 ita
1144 2904 1240 2968 saepe
1263 2883 1383 2950 accidit
1404 2899 1531 2952 utare·

358 2998 490 3080 publica
510 2997 636 3063 subditi
656 2997 771 3062 damna
792 2999 879 3063 bello
902 3011 1034 3080 accepta
1052 3016 1119 3062 non
1141 3009 1343 3078 recuperent.
1374 2995 1534 3077 Exempla

357 3128 524 3175 sumamus
549 3129 588 3172 ex
618 3108 766 3174 Romano
797 3109 871 3192 jure
892 3104 918 3174 ⁸.
966 3109 1112 3175 Primum
1135 3129 1209 3175 cum
1239 3107 1415 3190 placuisset
1444 3107 1530 3174 bello

357 3232 451 3301 capta
473 3218 638 3301 utrimque
661 3219 866 3303 capientibus
887 3219 1024 3299 cedere,
1047 3240 1113 3285 rem
1137 3219 1219 3285 civis
1236 3218 1373 3285 Romani
1385 3218 1425 3284 ab
1435 3217 1531 3284 hoste

359 3345 548 3412 occupatam
572 3332 742 3398 constabat
764 3331 909 3414 ejusdem
931 3331 1036 3424 hostis
1049 3330 1168 3397 factam
1193 3349 1280 3398 esse:
1305 3351 1322 3394 a
1344 3349 1412 3412 quo
1432 3327 1461 3396 si
1482 3347 1531 3395 re·

358 3439 519 3522 ciperetur
546 3440 618 3524 ipso
645 3444 724 3527 iure
749 3461 816 3507 non
848 3442 889 3506 ad
921 3442 1026 3508 civem
1060 3441 1203 3520 redibat,
1239 3441 1296 3508 sed
1326 3441 1368 3508 ad
1400 3458 1533 3522 rempu-

357 3550 496 3634 blicam,
522 3552 600 3634 quia
619 3570 671 3617 res
692 3551 818 3618 scilicet
840 3553 873 3618 in
897 3552 993 3619 bonis
1013 3552 1103 3618 illius
1126 3552 1354 3619 inveniebatur
1385 3551 1443 3632 qui
1464 3549 1530 3616 rei·

358 3663 509 3745 publicae
538 3663 687 3729 debebat.
734 3663 919 3730 Videbatur
948 3663 1050 3748 igitur
1083 3666 1230 3748 populus
1263 3664 1433 3730 Romanus
1452 3681 1530 3744 spo·

360 3815 549 3828 “-

394 3885 403 3918 ¹
421 3885 499 3934 Dion.
516 3885 597 3934 Halic.
615 3887 631 3933 l.
649 3886 672 3934 ό.
692 3885 732 3950 [p.
748 3898 806 3948 415.
824 3900 862 3935 vs.
885 3886 934 3950 18.]
972 3884 983 3920 ⁹
1001 3889 1032 3935 de
1049 3887 1202 3936 Abrahamo.
1220 3889 1237 3934 l.
1257 3899 1277 3935 1.
1297 3899 1320 3934 c.
1339 3897 1361 3942 a.
1371 3883 1463 3934 citatur
1472 3883 1498 3932 in
1507 3897 1531 3931 c.

360 3977 428 4034 diem
451 3977 552 4038 aliquis.
578 3975 668 4040 [Decr.
693 3979 762 4026 Grat.
786 3993 813 4039 p.
837 3992 861 4027 a.
882 3991 922 4036 2³·
941 3991 963 4035 5.
982 3976 1034 4041 aa]
1073 3977 1084 4010 ⁸
1101 3979 1164 4026 Gen.
1185 3991 1222 4039 14.
1241 3976 1267 4026 in
1285 3975 1344 4026 fine.
1362 3977 1447 4026 Mace.
1466 3988 1488 4023 a.
1508 3977 1532 4022 8.

360 4082 398 4118 vs.
416 4071 456 4117 28.
472 4079 498 4117 et
517 4081 556 4126 30.
574 4067 653 4117 Adde'
665 4071 738 4129 alleg.
757 4082 832 4129 supra
850 4070 881 4117 ad
897 4080 962 4129 part.
983 4083 1004 4118 1.
1021 4081 1067 4117 art.
1085 4083 1109 4116 a.
1126 4071 1151 4117 h.
1169 4082 1192 4117 c.
1227 4065 1531 4116 ⁴1unoc.ine.sicut.de

359 4157 464 4216 iureiur.
483 4173 508 4207 n.
524 4172 549 4220 4.
566 4169 591 4206 et
609 4160 668 4206 Pan.
686 4158 765 4206 ibin.
786 4170 824 4216 17.
847 4160 925 4207 Mart.
943 4160 1020 4208 Laud.
1038 4161 1070 4208 de
1087 4159 1157 4208 bello
1175 4173 1200 4221 q.
1218 4159 1242 4207 6.
1261 4169 1285 4206 et
1303 4172 1328 4218 q.
1345 4170 1386 4218 42.
1405 4157 1483 4216 Ayala
1500 4156 1532 4203 de

360 4248 416 4306 iure
431 4249 495 4298 belli
512 4251 529 4296 l.
551 4262 571 4297 1.
589 4262 612 4297 c.
630 4262 655 4296 a.
678 4262 704 4296 n.
724 4252 763 4306 ³8.
781 4261 806 4297 et
823 4263 865 4310 40.
883 4263 941 4298 cum
958 4253 1032 4310 alleg.
1065 4249 1169 4311 ‘Vasq
1187 4261 1270 4299 contr.
1289 4248 1328 4297 ill.
1346 4250 1363 4296 l.
1385 4261 1406 4296 r.
1425 4260 1448 4296 c.
1466 4246 1490 4294 ό.
1507 4257 1532 4294 et
1564 4291 1566 4294 .

362 4352 443 4389 contr.
459 4352 556 4401 poster.
574 4354 597 4388 c.
614 4353 638 4401 4.
655 4353 680 4400 n.
699 4342 720 4387 8.
756 4338 801 4386 ⁰1.
818 4353 867 4399 pro
885 4340 958 4388 socio
977 4340 1079 4389 arbiter.
1097 4343 1119 4398 ς.
1141 4354 1161 4389 r.
1179 4340 1205 4388 tf.
1222 4354 1270 4401 pro
1288 4339 1368 4390 socio.
1389 4336 1432 4401 [D.
1452 4350 1491 4395 17.
1510 4350 1532 4384 a.

363 4431 415 4492 alb]
450 4428 461 4467 ⁷
486 4432 547 4480 Silv.
572 4430 599 4479 in
626 4446 652 4480 v.
676 4432 774 4478 Bellum
803 4444 825 4479 1.
850 4431 871 4492 §.
895 4431 1334 4492 7.concl.6.etarnplins§.13·
1367 4426 1428 4476 ⁸V.
1445 4428 1477 4478 ad
1493 4440 1532 4476 re·

362 4524 444 4581 gulam
464 4534 486 4578 5.
504 4535 527 4573 c.
546 4536 569 4571 a.
603 4521 654 4570 ⁹c.
673 4524 696 4569 8.
715 4533 768 4572 cor.
787 4534 810 4580 ³·
