3552 5654
323 625 327 633 ’
397 660 458 708 100
689 661 735 710 or
759 663 853 730 June
880 661 1068 710 rannone.
1093 662 1176 710 cnr.
1200 662 1282 710 v111.

393 813 493 898 igitur
512 816 678 897 quomodo
698 812 741 883 sit
760 815 1007 902 intelligendum
1029 816 1122 898 quod
1140 815 1255 883 dicunt
1273 816 1425 883 doctores
1441 821 1470 899 ¹,
1493 820 1568 884 nul-

392 925 460 990 lum
481 945 551 992 esse
569 927 691 994 beilum
711 927 837 1013 justum
858 926 920 993 nisi
941 928 1032 1010 quod
1050 926 1194 1012 legitime
1213 925 1372 994 indictum
1389 929 1448 993 sit:
1467 949 1566 1011 quam

393 1037 585 1104 sententiam
609 1058 705 1105 nemo
727 1039 845 1106 melius
869 1037 1031 1104 Cicerone
1050 1041 1062 1078 2
1082 1037 1366 1121 interpretabitur,
1391 1059 1464 1104 cum
1487 1039 1569 1106 dicit

393 1146 524 1214 nullum
554 1149 675 1214 ballum
695 1169 759 1215 esse
770 1150 928 1234 justum,
948 1151 1015 1214 nisi
1036 1147 1126 1234 quod
1142 1161 1204 1214 aut
1225 1149 1321 1214 rebus
1342 1153 1493 1235 repetitis
1510 1173 1569 1238 ge·

394 1272 520 1340 ratur,
552 1274 615 1326 aut
645 1259 882 1328 denuntiatum
915 1273 994 1327 ante
1026 1263 1070 1324 sit
1103 1273 1135 1325 et
1167 1258 1343 1326 indictum.
1390 1260 1567 1342 Alterum,

392 1387 460 1436 non
493 1385 671 1454 utrumque
703 1370 855 1454 requirit.
908 1371 954 1437 Et
986 1371 1051 1436 hoc
1085 1370 1191 1454 ipsum
1225 1370 1273 1436 sic
1306 1370 1567 1456 restringendum

395 1493 465 1561 est,
497 1496 536 1547 ut
563 1481 812 1548 denuntiatione
838 1501 923 1564 opus
951 1499 1019 1548 non
1048 1479 1092 1548 sit
1119 1481 1275 1548 adversus
1307 1502 1403 1563 eum,
1426 1481 1485 1564 qui
1502 1482 1568 1567 jam

394 1592 517 1659 bellum
544 1593 708 1676 suscepit:
741 1593 832 1676 quod
859 1607 953 1659 antea
984 1592 1290 1660 demonstravimus.
1335 1593 1415 1679 Quo
1445 1607 1570 1678 spectat

395 1701 480 1768 illud
499 1702 587 1787 apud
608 1703 770 1771 Isidorum
792 1702 804 1740 ¹
825 1701 1043 1787 fragmentum
1065 1718 1181 1770 vetus:
1201 1704 1341 1792 Justum
1365 1703 1485 1769 bellum
1498 1717 1569 1784 est,

395 1812 484 1900 quod
510 1836 552 1880 ex
573 1814 679 1882 edicto
698 1785 838 1902 ge'ritur
868 1814 965 1880 rebus
995 1817 1147 1900 repetitis
1178 1827 1240 1880 aut
1262 1813 1568 1900 propulsandorum

395 1926 563 1992 hominum
592 1945 706 1992 causa.
752 1924 876 1991 Hostes
906 1923 991 1991 enirn
1021 1939 1100 1991 sunt
1129 1943 1196 1992 nou
1223 1925 1322 1992 modo
1343 1924 1467 2009 quibus
1486 1943 1569 2005 nos,

395 2034 454 2104 sed
483 2050 516 2101 et
543 2035 601 2120 qui
628 2036 724 2104 nobis
748 2037 879 2112 beilum
912 2035 1046 2119 publice
1068 2036 1270 2118 decernunt,
1294 2036 1385 2104 utin
1405 2036 1534 2121 iegibus
1556 2046 1568 2079 ⁴

395 2149 666 2231 comprehensum
688 2162 749 2215 est.
780 2148 898 2230 Itaque
916 2148 1074 2215 adversus
1094 2167 1169 2230 eos,
1190 2148 1303 2230 quise
1324 2149 1389 2233 jam
1411 2167 1472 2231 pro
1492 2149 1569 2214 hos·

395 2257 485 2326 tibus
504 2274 645 2346 gerunt,
667 2260 759 2327 nulla
778 2259 984 2328 denuntiatio
1004 2260 1185 2328 necessaria
1204 2274 1272 2341 est,
1295 2259 1335 2326 de
1356 2279 1424 2342 quo
1442 2274 1570 2326 constat

396 2370 482 2438 inter
512 2371 663 2438 doctores
685 2375 721 2452 ⁸,
753 2370 812 2454 qui
842 2371 976 2438 tradunt
1006 2391 1086 2454 eos,
1119 2370 1178 2454 qui
1207 2371 1312 2455 palam
1345 2371 1441 2438 nobis
1478 2369 1569 2438 noxii

395 2481 593 2565 molestique
622 2496 720 2564 sunt,
753 2481 826 2565 ipso
853 2483 927 2567 jure
956 2481 1120 2549 diffidatos
1149 2481 1267 2550 videri.
1310 2480 1397 2546 Nam
1427 2480 1569 2548 diffidere
1679 2547 1682 2553 .

396 2592 484 2675 apud
511 2591 585 2659 illos
604 2606 653 2660 est
675 2593 796 2661 bellum
820 2591 972 2661 indicere.
1018 2592 1142 2660 Nobile
1174 2607 1227 2659 est
1256 2594 1441 2676 exemplum
1463 2591 1498 2657 in
1521 2591 1566 2656 Is-

397 2703 520 2772 raelitis
538 2703 575 2785 ⁸,
599 2703 658 2788 qui
679 2724 754 2771 cum
776 2717 984 2788 praeceptum
1006 2705 1163 2772 haberent
1183 2725 1201 2772 a
1221 2705 1295 2772 Deo
1313 2725 1354 2771 ne
1375 2724 1473 2786 quam
1493 2723 1570 2788 gen·

396 2831 461 2883 tem
496 2815 592 2882 annis
620 2817 892 2903 aggrederentur,
925 2815 988 2884 nisi
1020 2835 1119 2900 quam
1149 2815 1374 2883 denuntiando
1405 2814 1498 2898 prius
1529 2814 1570 2881 ad

398 2947 509 3012 pacem
532 2928 749 3009 invitassent,
784 2927 848 2994 hoc
869 2927 976 3011 ipsum
1000 2942 1108 2994 tamen
1129 2927 1286 2996 adversus
1307 2941 1419 3013 gentes
1440 2927 1570 2992 Chana-

396 3058 554 3106 naeorum
582 3039 755 3121 plerasque
783 3037 1022 3106 observandum
1052 3057 1119 3105 non
1146 3052 1327 3122 putarunt,
1356 3057 1433 3104 cum
1463 3052 1570 3104 essent

399 3150 440 3215 ab
471 3149 538 3216 illis
571 3149 698 3232 priores
720 3150 808 3216 bello
840 3149 993 3216 lacessiti.
1046 3149 1113 3217 Cui
1147 3169 1352 3233 consequens
1382 3164 1432 3216 est
1465 3147 1569 3231 illud,

398 3275 574 3345 postquam
604 3262 702 3328 semel
729 3281 780 3329 res
806 3261 963 3346 repetitae
991 3277 1023 3328 et
1042 3262 1207 3329 decretum
1230 3259 1459 3345 interpositum
1480 3259 1569 3341 fuit,

397 3392 458 3456 pro
490 3392 529 3438 eo
555 3373 629 3458 jure
656 3373 749 3456 quod
777 3373 810 3440 in
831 3373 1040 3441 exsecutione
1064 3373 1135 3458 ipsa
1155 3373 1324 3456 nascitur,
1349 3374 1469 3440 nullam
1490 3390 1569 3438 con·

398 3483 574 3550 dictionem
602 3499 660 3551 aut
689 3485 882 3552 sententiam
915 3484 1052 3568 requiri.
1097 3484 1219 3568 Neque
1241 3485 1326 3552 enim
1347 3485 1469 3552 bellum
1490 3499 1569 3550 tunc

395 3615 522 3674 novum
551 3595 754 3679 suscipitur,
784 3597 843 3664 sed
872 3597 998 3682 geritur
1028 3611 1237 3680 susceptum:
1276 3595 1356 3662 satis
1387 3595 1490 3680 igitur
1521 3608 1570 3662 est

397 3802 590 3824 W

432 3917 441 3952 ¹
458 3920 516 3982 Joh.
531 3919 612 3975 Andr.
630 3917 697 3967 inc.
718 3931 767 3982 pro
782 3921 883 3968 human.
900 3920 932 3967 de
949 3917 1046 3968 homic.
1068 3917 1208 3981 [Decretal.
1230 3916 1257 3965 in
1274 3917 1299 3965 6.
1318 3927 1342 3971 ⁵·
1358 3928 1383 3976 4.
1401 3913 1435 3978 1.]
1455 3915 1526 3964 Bald.
1542 3912 1569 3962 in

398 4013 416 4058 l.
440 4025 464 4060 a.
478 4011 512 4066 C,
534 4011 569 4060 de
588 4009 680 4066 servit.
696 4021 721 4058 et
737 4023 809 4072 aqua.
829 4009 872 4073 [C.
890 4019 913 4068 s.
932 4009 987 4074 34]
1011 4023 1037 4058 11.
1055 4021 1095 4067 7¹·
1109 4020 1134 4057 et
1154 4008 1181 4057 in
1204 4010 1223 4057 l.
1243 4006 1266 4057 si
1284 4019 1392 4055 manum.
1415 4007 1445 4053 C.
1464 4007 1496 4054 de
1514 4005 1569 4054 obs.

397 4112 463 4161 patr.
481 4111 575 4160 praest.
594 4100 638 4162 [c.
656 4101 683 4152 6.
697 4101 722 4149 6.
736 4098 773 4164 4.]
792 4112 816 4149 et
830 4100 856 4148 in
870 4103 888 4148 1.
911 4111 1025 4150 exsecat.
1044 4102 1073 4148 C.
1092 4102 1124 4149 de
1138 4113 1224 4149 exsec.
1239 4097 1278 4147 rei
1295 4096 1349 4155 iud.
1368 4095 1411 4160 [C.
1429 4108 1453 4154 7.
1471 4108 1511 4153 ⁵³·
1530 4093 1567 4157 8.]

398 4187 458 4240 ²de
481 4190 525 4239 off.
548 4193 567 4238 l.
592 4203 614 4238 1.
635 4189 676 4253 [c.
702 4204 741 4244 11.
764 4194 786 4250 6.
812 4191 865 4254 34]
894 4202 919 4240 et
937 4193 969 4240 de
986 4205 1040 4252 rep.
1059 4193 1076 4239 l.
1094 4205 1118 4239 a.
1137 4190 1173 4252 [c.
1194 4203 1233 4250 17.
1250 4193 1273 4249 6.
1292 4187 1346 4253 an]
1382 4187 1428 4236 ⁸1.
1449 4189 1488 4236 16.
1506 4200 1529 4236 c.
1548 4201 1570 4236 1.

398 4282 489 4331 citatur
512 4279 539 4329 in
563 4293 586 4328 c.
610 4278 714 4337 iustum.
739 4280 829 4345 [Dect.
855 4283 924 4330 Grat.
948 4297 975 4342 p.
994 4296 1018 4330 a.
1038 4294 1077 4338 23·
1096 4294 1119 4330 a.
1140 4281 1173 4347 1.]
1209 4279 1256 4330 ⁴1.
1272 4282 1367 4330 hostes.
1385 4281 1416 4328 de
1435 4289 1502 4338 capt.
1526 4278 1571 4339 [D.

398 4386 440 4434 49.
466 4374 506 4421 16.
533 4370 588 4435 ap]
614 4383 640 4420 et
664 4374 695 4421 de
721 4373 793 4422 verb.
817 4372 885 4437 sign.
911 4370 954 4434 [D.
974 4384 1014 4429 so.
1035 4373 1073 4425 16.
1094 4374 1162 4434 118.]
1199 4372 1290 4422 ‘Beli
1310 4383 1332 4428 s.
1351 4384 1424 4419 cons.
1444 4381 1467 4427 ³.
1485 4383 1511 4418 c.
1532 4380 1570 4425 rs.

399 4465 474 4512 Adde
491 4465 509 4511 l.
534 4476 557 4513 1.
581 4463 607 4511 in
633 4461 683 4513 fine
710 4462 736 4512 ff.
755 4465 787 4514 de
805 4475 851 4513 act.
867 4474 928 4512 emt.
945 4474 970 4512 et
988 4465 1064 4513 vend.
1092 4461 1136 4526 [D.
1154 4477 1195 4526 29.
1215 4477 1236 4514 1.
1257 4461 1291 4525 1.]
1317 4462 1394 4522 Vasq.
1411 4463 1428 4510 l.
1449 4474 1470 4510 1.
1489 4473 1511 4510 c.
1530 4473 1570 4521 24.

398 4567 425 4611 n·
444 4567 466 4608 s·
500 4553 602 4612 ‘Deua
621 4568 661 4608 20.
681 4569 719 4608 ro
