3552 5654
378 671 438 718 102
659 669 706 716 Dii
730 668 825 736 JURE
851 666 1038 714 PRAEDAE.
1063 665 1145 713 CAP·
1170 667 1254 717 vlu.

563 821 671 888 Dolus
694 843 740 888 an
762 825 874 890 virtus
897 824 972 906 quis
993 823 1030 885 in
1052 823 1143 887 hoste
1163 828 1320 909 requirat
1338 825 1379 888 ¹?

416 932 506 1000 Huic
527 932 612 1001 enim
634 951 754 1000 nocere
778 931 989 1014 quaerimusr

528 1046 638 1130 iliae
653 1049 685 1123 ἠὲ
703 1047 757 1128 βίῃ
774 1046 792 1121 ἢ
810 1047 952 1130 cimelia
972 1047 1004 1120 ii
1022 1047 1162 1129 κρυφηδόν
1183 1045 1206 1112 ².

525 1157 602 1222 Siue
623 1154 720 1237 dolo,
743 1174 799 1220 seu
817 1156 853 1221 ni
873 1154 1078 1240 maniy‘esta,
1102 1153 1232 1222 clamne
1249 1153 1418 1240 palamve.

416 1265 513 1334 Prius
541 1280 649 1332 autern
677 1265 718 1333 de
743 1263 872 1350 legibus
900 1263 1035 1331 secundi
1067 1263 1215 1345 ordinis,
1247 1265 1310 1331 hoc
1331 1277 1381 1330 est
1401 1264 1496 1331 tertia
1519 1279 1551 1330 et

374 1391 488 1459 quarta
508 1375 698 1444 videamus:
729 1395 813 1458 quae
834 1375 869 1441 ui
891 1373 972 1464 legis
1001 1375 1144 1442 decimae
1165 1374 1279 1441 tertiae
1299 1375 1492 1455 eliduntur,
1514 1389 1552 1441 ut

372 1487 450 1554 alibi
470 1487 637 1568 diximus,
661 1505 727 1553 non
750 1485 850 1552 modo
870 1484 898 1551 si
915 1485 1037 1568 primae
1060 1499 1118 1552 aut
1135 1486 1297 1553 secundae
1318 1500 1551 1569 opponantur,

370 1618 485 1666 verum
511 1597 607 1664 etiam
630 1591 658 1665 sl
681 1599 774 1663 locus
794 1595 839 1662 sit
868 1596 1002 1678 quintae
1024 1611 1056 1662 et
1078 1612 1210 1680 sextae,
1234 1611 1397 1680 quatenus
1411 1597 1494 1664 istis
1518 1611 1551 1662 et

371 1709 475 1794 prima
494 1723 526 1776 et
545 1707 687 1776 secunda
709 1707 822 1774 insunt
838 1721 872 1772 ct
891 1706 979 1790 ipsae
1002 1707 1076 1774 illae
1098 1706 1192 1774 tertia
1216 1727 1253 1772 ac
1278 1723 1403 1790 quarta.
1433 1707 1550 1794 Quod·

371 1820 401 1886 si
421 1819 502 1903 quid
522 1817 624 1904 igitur
641 1819 726 1884 ultra
742 1817 800 1884 fiat
818 1837 915 1900 quam
938 1820 1027 1902 leges
1043 1818 1140 1902 primi
1162 1833 1194 1886 et
1214 1817 1303 1885 tertii
1324 1817 1450 1884 ordinis
1474 1825 1551 1900 pos·

371 1932 499 2013 tulant,
523 1929 635 1996 autin
664 1930 803 1995 alterum
827 1948 924 2011 quam
953 1928 986 1994 in
1010 1948 1107 2011 quem
1126 1931 1215 2014 leges
1239 1929 1318 1994 istae
1340 1929 1550 2014 diriguntur,

372 2041 409 2108 id
436 2055 526 2108 extra
552 2041 679 2126 justum
702 2039 780 2106 belli
806 2039 941 2105 modum
969 2055 1029 2106 est.
1074 2039 1262 2124 Dupliciter
1287 2059 1349 2106 nos
1379 2038 1553 2106 offendunt

373 2153 505 2231 hostes,
527 2150 705 2235 dupliciter
725 2150 821 2216 etiam
850 2149 1086 2230 offenduntur,
1109 2150 1143 2216 in
1172 2171 1310 2234 corpore
1331 2150 1416 2216 etin
1436 2152 1551 2216 rebus:

374 2263 461 2330 unde
488 2266 623 2349 συζυγίαι
654 2261 725 2330 sive
748 2260 997 2346 conjugationes
1019 2260 1106 2328 fiunt
1135 2277 1278 2345 quatuor
1299 2262 1322 2328 ³.
1369 2261 1442 2327 Aut
1465 2260 1550 2328 enim

373 2375 444 2458 eius
472 2374 531 2457 qui
553 2387 676 2456 corpus
705 2387 854 2440 nostrum
878 2371 1007 2454 impetit
1026 2390 1149 2455 corpus
1170 2372 1317 2439 vicissim
1340 2372 1551 2456 impetimus,

373 2500 430 2552 aut
458 2485 636 2566 spoliamus
654 2483 872 2566 spoliantem,
890 2497 948 2548 aut
969 2482 1152 2565 periculum
1175 2482 1263 2550 vitae
1291 2484 1386 2550 nobis
1409 2482 1552 2548 inferen-

371 2609 437 2660 tem
457 2594 552 2660 bonis
572 2595 788 2672 mulctamus,
812 2609 869 2660 aut
886 2612 947 2677 pro
968 2593 1067 2663 rebus
1087 2593 1209 2660 nostris
1230 2613 1317 2660 arma
1343 2593 1551 2678 stringimus;

373 2725 457 2789 quae
479 2705 588 2774 omnia
606 2725 665 2789 per
684 2725 719 2772 se
739 2704 950 2788 injustanon
970 2723 1040 2772 esse
1063 2704 1156 2787 prius
1177 2719 1346 2772 ostensum
1368 2719 1438 2784 est,
1464 2723 1552 2770 nunc

372 2832 535 2901 quatenus
551 2816 780 2901 permittantur
798 2816 978 2883 videamus.
1025 2815 1061 2880 Si
1081 2835 1179 2896 quem
1200 2816 1304 2901 igitur
1325 2831 1382 2883 aut
1402 2836 1462 2899 pro
1480 2815 1552 2882 vita

372 2929 495 2996 tuenda
522 2944 581 2994 aut
608 2947 670 3013 pro
692 2929 792 2994 rebus
819 2927 941 2994 nostris
966 2929 1141 2994 vulnerare
1168 2945 1345 3010 possumus
1376 2927 1553 2994 autetiam

372 3040 512 3122 spoliare
538 3039 650 3122 (quod
674 3037 719 3103 ita
740 3038 817 3103 dico
840 3051 878 3103 ut
897 3038 979 3122 legis
997 3039 1119 3121 primae
1141 3053 1174 3104 et
1195 3037 1381 3118 secundae,
1404 3057 1471 3104 non
1493 3037 1553 3104 eti-

372 3170 423 3214 am
444 3148 555 3215 delicti
571 3148 707 3215 habeam
723 3148 922 3233 rationem),
936 3150 977 3216 ab
997 3169 1037 3214 eo
1058 3168 1172 3215 manus
1190 3147 1353 3215 abstinere
1371 3149 1553 3230 debemus,

372 3259 571 3342 simulatque
593 3259 776 3342 periculum
794 3274 923 3341 cessat,
945 3275 983 3325 ut
1002 3275 1080 3342 post
1098 3259 1281 3327 victoriam.
1326 3258 1361 3324 Si
1384 3278 1451 3326 rem
1474 3278 1552 3326 nos-

372 3385 453 3438 tram
483 3383 540 3436 aut
573 3369 607 3436 id
638 3370 732 3451 quod
758 3370 854 3436 nobis
883 3370 1024 3437 debetur
1049 3371 1271 3454 reposcimus,
1294 3367 1352 3435 ubi
1377 3369 1411 3434 id
1432 3370 1555 3438 erimus

373 3481 566 3562 consecuti,
593 3480 677 3548 nihil
709 3480 848 3564 amplius
881 3497 1030 3572 arrogare
1061 3482 1158 3548 nobis
1190 3480 1277 3547 licet.
1324 3479 1360 3546 si
1391 3481 1552 3548 ultionem

374 3591 488 3658 delicti
508 3591 762 3676 persequimur,
787 3611 822 3656 ea
844 3599 978 3674 quoque
1000 3592 1099 3658 debet
1117 3613 1187 3660 esse
1209 3605 1387 3674 temperata
1410 3611 1470 3674 pro
1485 3613 1556 3658 mo-

373 3703 415 3769 do
439 3702 570 3782 delicti,
592 3716 631 3769 ut
653 3702 709 3768 illa
730 3716 882 3768 teneatur
1376 3766 1378 3770 .

499 3813 656 3900 Regula,
674 3817 821 3898 peccatis
852 3833 939 3898 quae
965 3827 1087 3898 poenas
1111 3813 1246 3897 irrogat
1271 3831 1394 3896 aequas
1414 3817 1440 3875 ⁴.

414 3923 537 3992 Differt
565 3937 672 3991 autem
704 3924 768 3988 hoc
799 3923 923 4004 abeo,
948 3922 1040 4004 quod
1062 3921 1231 4005 superiore
1253 3922 1358 4004 capite
1382 3934 1553 3986 tractatum

373 4051 441 4104 est:
471 4035 517 4102 ibi
547 4054 676 4104 causam
698 4035 833 4102 subesse
855 4034 1070 4116 volebamus,
1094 4035 1149 4099 hic
1169 4052 1249 4099 vero
1271 4052 1387 4097 causae
1419 4031 1564 4097 modum-.-

373 4146 593 4232 adjungimus.
635 4146 757 4212 Seneca
776 4147 787 4180 ⁵
811 4145 959 4213 crudeles
980 4165 1036 4214 eos
1054 4145 1186 4229 proprie
1208 4147 1281 4211 vult
1302 4141 1391 4224 dici,
1415 4145 1474 4228 qui
1492 4156 1556 4228 pu·
1611 4178 1615 4187 ·

407 4370 415 4403 ¹
434 4370 503 4431 Vlrss.
521 4371 586 4419 Aen.
603 4370 622 4418 l.
640 4382 663 4418 a.
682 4369 735 4430 [vs.
753 4366 825 4433 θρα]
861 4365 872 4401 ¹
891 4366 989 4430 [upon.
1007 4369 1094 4418 Rhod.
1111 4370 1129 4415 l.
1145 4381 1168 4416 a.
1183 4380 1222 4416 vs.
1236 4366 1307 4430 98³·]
1343 4363 1353 4397 ¹
1372 4367 1420 4414 Dd.
1439 4365 1470 4414 ad
1487 4365 1505 4412 l.
1523 4374 1551 4414 ut

373 4460 435 4510 vim.
450 4460 476 4509 ff.
490 4462 522 4509 de
536 4457 596 4517 just.
611 4471 636 4508 et
653 4457 709 4517 iare
729 4456 773 4522 [D.
793 4471 815 4508 1.
836 4471 857 4507 1.
876 4457 912 4522 3.]
932 4469 957 4506 et
975 4459 1007 4506 ad
1024 4460 1043 4506 l.
1064 4471 1086 4507 r.
1106 4459 1136 4508 c.
1153 4459 1220 4508 unde
1235 4457 1271 4507 vi.
1286 4457 1331 4524 [C.
1341 4454 1409 4518 8.4.]
1435 4453 1446 4486 ⁴
1463 4455 1553 4504 Horat.

373 4555 422 4601 sat.
442 4566 464 4602 1.
482 4563 506 4610 a.
524 4551 577 4612 [vt.
596 4549 665 4614 118.]
700 4549 711 4582 ⁸
729 4551 761 4600 de
778 4552 852 4600 clem.
868 4551 887 4598 l.
905 4563 928 4599 a.
947 4563 970 4597 c.
987 4562 1013 4612 4.

1762 3805 1763 3818 t

1761 4053 1763 4072 l

1762 4201 1763 4218 l
