3546 5654
521 667 567 714 DE
590 668 684 733 JURE
710 664 895 716 elinando.
923 671 1004 716 CAP·
1030 670 1097 715 xss.
1334 673 1393 716 211

228 823 339 904 beret,
364 842 432 888 eam
456 837 562 888 tamen
586 841 652 888 non
676 837 762 888 recte
785 822 1028 906 exerciturum,
1052 842 1125 889 cum
1153 823 1315 906 spirituali
1338 843 1396 890 sua

222 933 451 1017 jurisdictione
474 947 650 999 contentus
674 953 742 1000 esse
766 932 880 998 debeat
900 935 929 998 ¹:
953 933 1156 1000 secularibus
1175 948 1283 1000 autem
1303 935 1395 1000 Prin-

222 1043 352 1127 cipibus
386 1065 453 1109 eam
486 1043 665 1110 concedere
697 1045 790 1112 nullo
822 1043 920 1110 modo
947 1062 1045 1128 posse
1064 1044 1089 1111 ².
1136 1045 1226 1110 Turn
1262 1047 1394 1116 verosi

224 1175 322 1241 quam
345 1156 463 1221 habeat
482 1169 677 1238 potestatem
700 1156 931 1237 temporalem,
955 1175 1023 1220 eam
1037 1156 1176 1235 habere,
1200 1171 1238 1221 ut
1250 1158 1394 1238 loquun-

203 1279 300 1346 tur,
334 1265 367 1330 in
398 1265 512 1330 ordine
543 1265 589 1332 ad.
615 1264 815 1348 spiritualia:
849 1266 1003 1346 quocirca
1033 1267 1156 1332 nullam
1178 1267 1225 1332 illi
1246 1287 1315 1333 esse
1335 1289 1394 1350 po·

225 1389 374 1440 testatem
404 1375 437 1440 in
464 1377 608 1459 populos
637 1374 806 1456 infideles,
840 1391 877 1441 ut
900 1376 958 1458 qui
981 1377 1022 1442 ad
1045 1377 1211 1443 ecclesiam
1235 1397 1301 1443 non
1320 1399 1394 1461 per-

223 1484 359 1552 tineant.
405 1486 503 1552 Unde
525 1487 676 1569 sequitur
699 1508 739 1552 ex
761 1487 922 1554 sententia
954 1488 1102 1572 Caietani
1125 1504 1157 1553 et
1175 1489 1343 1554 Victoriae
1363 1506 1394 1555 et

224 1596 365 1676 potioris
397 1597 500 1679 partis
534 1613 599 1663 tam
628 1599 860 1682 theologorum
886 1618 983 1680 quarn
1004 1599 1247 1666 canonistarum
1267 1599 1302 1681 ⁸,
1326 1619 1393 1666 non

227 1726 297 1773 esse
321 1707 477 1774 idoneum
500 1707 634 1774 titulum
657 1707 815 1775 adversus
838 1708 959 1792 Indos,
984 1711 1038 1776 vel
1063 1711 1141 1792 quia
1162 1710 1250 1794 Papa
1269 1711 1395 1777 dederit

224 1817 412 1901 provincias
445 1817 516 1883 illas
549 1833 715 1900 tamquam
748 1818 902 1886 domiuus
934 1821 1107 1902 absolute,
1139 1823 1194 1896 vel
1228 1822 1305 1903 quia
1327 1843 1394 1888 non

224 1944 465 2013 recognoscunt
498 1928 678 1995 dominium
716 1930 840 2013 Papae:
885 1946 984 2012 atque
1026 1932 1108 1998 adeo
1141 1952 1182 1998 ne
1217 1933 1395 2001 Saracenos

226 2039 359 2120 quidem
391 2039 456 2106 isto
488 2039 588 2106 titulo
621 2061 766 2122 unquam
797 2042 969 2124 spoliatos.

269 2151 334 2215 His
358 2149 459 2234 igitur
482 2150 644 2233 sublatis,
668 2171 743 2218 cum
762 2151 1049 2232 manifestumne,
1073 2153 1166 2235 quod
1178 2169 1210 2219 et
1222 2155 1394 2222 Victoria*

226 2260 362 2342 scribit,
386 2261 554 2344 Hispanos
574 2262 615 2327 ad
636 2277 738 2328 terras
760 2263 952 2329 remotiores
975 2263 1047 2329 illas
1065 2264 1256 2348 navigantes
1267 2267 1395 2331 nullum

223 2372 280 2454 jus
301 2391 413 2438 secum
437 2371 585 2437 attulisse
614 2373 798 2455 occupandi
822 2394 874 2440 eas
897 2373 1106 2456 provincias,
1130 2395 1217 2441 unus
1238 2375 1396 2442 duntaxat

226 2481 345 2548 titulus
365 2480 441 2546 belli
461 2496 584 2564 restat,
609 2481 667 2564 qui
692 2497 724 2548 et
746 2483 815 2566 ipse
827 2483 854 2548 si
865 2485 976 2570 justus
988 2499 1096 2566 esset,
1119 2500 1226 2551 tamen
1239 2486 1279 2551 ad
1291 2487 1395 2553 dorni-

225 2591 317 2657 nium
340 2590 498 2675 proficere
518 2611 585 2658 non
609 2609 720 2675 posset
730 2593 877 2680 nisiJure
889 2595 1046 2679 praedae,
1070 2597 1134 2663 hoc
1147 2612 1195 2664 est
1207 2613 1283 2680 post
1294 2617 1395 2664 occu·

147 2757 154 2769 .
226 2704 404 2786 pationem.
427 2703 536 2786 Atqui
560 2718 687 2769 tanturn
710 2705 801 2771 abest
823 2719 861 2771 ut
871 2705 1023 2772 Lusitani
1035 2726 1087 2772 eas
1099 2720 1200 2773 terras
1212 2728 1395 2791 occupave-

227 2814 314 2896 rint,
347 2829 386 2879 ut
416 2834 491 2881 cum
522 2814 687 2898 plerisque
712 2815 888 2900 gentibus,
923 2837 1005 2898 quas
1028 2817 1141 2884 Batavi
1165 2833 1394 2899 accesserunt,

226 2926 349 2991 bellum
373 2946 412 2992 eo
436 2942 581 3009 tempore
602 2928 729 2991 nullum
747 2927 915 2992 haberent.
938 2927 985 2992 Et
1007 2927 1054 2992 sic
1076 2927 1178 3012 igitur
1195 2931 1323 2995 nullum
1340 2931 1396 3013 jus

226 3037 292 3104 illis
316 3038 427 3118 quaeri
450 3039 585 3121 potuit,
609 3057 683 3103 curn
706 3037 802 3103 etiam
827 3039 854 3102 si
867 3058 948 3121 quas
961 3037 1000 3104 ab
1012 3038 1103 3104 Indis
1114 3039 1327 3122 pertulissent
1346 3041 1395 3106 in-

224 3147 360 3231 juriasp
356 3168 428 3215 eas
450 3151 548 3234 longa
571 3168 649 3231 pace
673 3162 705 3214 et
732 3148 844 3215 amicis
874 3149 1075 3216 commerciis
1097 3150 1259 3217 remisisse
1279 3151 1395 3230 merito

167 3265 171 3268 ’
227 3275 429 3326 censeantur.
452 3260 661 3347 Quamquam
682 3280 722 3324 ne
743 3258 809 3325 furt
821 3260 953 3343 quidem
966 3261 1057 3343 quod
1068 3261 1154 3327 bello
1167 3262 1395 3328 obtenderent.

227 3371 312 3436 Nam
333 3392 391 3454 qur
382 3371 562 3437 barbaros
573 3372 660 3436 bello
670 3385 936 3454 persequuntur
960 3387 999 3438 ut
1010 3371 1223 3440 Americanos
1234 3373 1395 3457 Hispani,

227 3481 294 3547 duo
322 3482 429 3547 solent
455 3495 664 3564 praetexere,
696 3480 789 3562 quod
817 3482 856 3546 ab
888 3480 952 3547 illis
981 3485 1176 3551 commercio
1203 3501 1396 3567 arceantur,

228 3607 285 3657 aut
318 3591 410 3673 quod
441 3591 622 3658 doctrinam
655 3611 750 3658 verae
781 3592 951 3676 religionis
986 3593 1034 3660 illi
1067 3596 1175 3661 nolint
1209 3615 1396 3682 agnoscere.

227 3703 271 3767 Et
299 3702 491 3768 commercia
520 3704 652 3788 quidem
681 3702 832 3769 Lusitani
853 3704 892 3769 ab
911 3705 1003 3770 Indis
1023 3704 1256 3789 impetrarunt,
1281 3721 1320 3772 ut
1337 3707 1398 3772 hac

229 3813 262 3878 in
280 3827 373 3895 parte
392 3812 476 3880 nihil
496 3813 659 3895 habeant,
685 3815 776 3896 quod
798 3829 987 3895 querantur.
1028 3816 1122 3882 Alter
1141 3837 1221 3882 vero
1241 3818 1398 3882 obtentus

236 4006 414 4016 ...ι-...-

262 4119 271 4152 ¹
290 4122 381 4168 Matth.
404 4133 444 4168 20.
469 4121 509 4168 26.
532 4123 591 4182 Jolr.
615 4122 640 4168 ό.
662 4133 699 4176 15.
721 4122 813 4169 Marah.
834 4134 872 4178 17.
890 4133 931 4178 27.
965 4117 1060 4169 2Vict.
1079 4120 1125 4169 ibi.
1143 4135 1168 4170 n.
1188 4125 1227 4170 28.
1246 4124 1354 4172 Covarr.
1373 4125 1398 4172 d.

229 4212 298 4258 loco.
332 4207 421 4260 ⁸Cor.
442 4225 462 4259 1.
483 4223 506 4267 s.
524 4211 550 4259 in
569 4210 627 4260 line.
645 4213 737 4260 Tlrom.
753 4225 776 4259 2.
796 4225 819 4260 a.
837 4227 862 4270 q.
884 4225 922 4260 ta.
938 4224 983 4260 art.
1001 4226 1023 4260 a.
1042 4215 1129 4272 Ayala.
1154 4215 1171 4260 l.
1199 4227 1220 4261 1.
1237 4227 1259 4262 c.
1277 4227 1341 4262 a.n.
1360 4227 1399 4275 29.

229 4299 295 4348 Vict.
319 4299 362 4349 ibi.
386 4316 411 4350 u.
436 4315 476 4359 30·
502 4304 607 4352 covarr.
632 4304 658 4351 d.
675 4304 746 4350 loco.
771 4303 802 4350 V.
824 4305 910 4352 locum
932 4301 1011 4360 cajet.
1030 4303 1103 4350 infra.
1121 4304 1211 4351 Thom.
1230 4317 1254 4351 a.
1274 4317 1297 4352 a.
1315 4318 1339 4362 q.
1357 4305 1399 4352 66.

230 4401 275 4438 art.
301 4393 324 4438 8.
349 4392 469 4441 silvester
493 4395 523 4441 de
549 4392 695 4442 infidelibus
720 4396 742 4450 §-
767 4405 791 4450 7.
816 4394 903 4441 Innoc.
927 4393 952 4441 in
978 4407 1000 4441 c.
1026 4395 1096 4452 quod
1119 4393 1259 4453 superbis.
1279 4396 1399 4443 devoto.

232 4477 371 4541 [Decretal.
390 4495 412 4537 3.
432 4495 472 4543 34.
491 4484 526 4543 8.]
546 4484 613 4531 Vict.
633 4483 679 4531 ibi.
698 4497 722 4530 n.
742 4497 782 4540 31.
816 4482 826 4515 ⁴
845 4486 869 4532 d.
887 4497 910 4530 n.
931 4497 970 4540 31.

1210 4576 1267 4653 14*
