3530 5656
344 679 388 749 re
657 681 704 732 ne
723 679 831 752 puna·
845 675 1030 733 rennues.
1053 677 1135 732 aar.
1159 675 1199 732 rr.

213 859 264 905 ιο·
288 859 329 904 ιν.
343 842 455 906 aloen:
479 839 535 904 Ne
556 843 630 926 quis
651 850 784 926 occuper
807 829 912 904 riceii
935 849 1104 926 recupare.
1151 836 1241 904 llaec
1268 839 1320 902 lex
1351 835 1514 905 abstinen-

343 951 425 1030 tiae,
450 952 504 1018 illa
527 951 731 1018 innocentiae
751 964 817 1017 est:
836 950 912 1016 inde
933 950 1020 1017 vitae
1039 945 1195 1016 securitas
1210 943 1339 1031 oritur,
1356 949 1433 1016 ltine
1455 951 1515 1017 do·

342 1061 516 1129 miniorum
538 1062 723 1142 distinctio,
742 1061 1056 1144 celeberrimumque
1081 1059 1165 1127 illud
1186 1061 1301 1128 Meum
1320 1073 1353 1124 et
1372 1060 1478 1126 Tuum
1492 1059 1514 1128 ¹.

341 1175 388 1240 Et
414 1176 477 1240 hoc
508 1189 558 1240 est
587 1173 693 1256 illud,
724 1191 793 1256 quo
814 1187 943 1240 veteres
960 1168 973 1206 ¹
990 1187 1224 1256 respexerunt,
1256 1191 1330 1238 cum
1360 1171 1511 1239 Cererem

341 1284 507 1370 legiferam
526 1286 664 1371 ejusque
683 1303 772 1350 sacra
794 1281 1058 1368 Thesmophoria
1069 1284 1203 1367 dixere,
1225 1279 1513 1370 J‘urtexagrorum

341 1396 503 1464 divisione
535 1397 667 1463 inventa
689 1393 920 1482 significantes.
965 1395 1062 1462 Rutio
1096 1395 1286 1480 posterioris
1317 1395 1398 1481 legis
1427 1397 1515 1480 apud

341 1507 584 1595 Quintilianum
601 1506 614 1542 ⁸
638 1521 705 1574 est:
725 1503 763 1572 Si
781 1509 862 1574 hoec
883 1501 1028 1574 conditio
1049 1520 1122 1588 est,
1147 1499 1408 1593 arquuqaoitn
1420 1531 1513 1574 usum

339 1620 479 1684 hominis
501 1621 597 1684 cessit
614 1621 791 1705 proprium
814 1623 859 1683 rit
890 1606 1064 1700 iubentis,
1082 1617 1233 1705 prosecta
1256 1618 1420 1704 quidquid
1429 1620 1514 1705 jure

334 1701 525 1815 possidetur
543 1730 675 1814 irp‘urio
693 1729 865 1814 aufertur.
901 1729 973 1794 Hac
994 1732 1089 1795 velut
1110 1727 1233 1796 fiducia
1254 1729 1335 1796 lnlta
1347 1744 1395 1796 est
1407 1730 1514 1796 homi-

341 1859 418 1906 num
442 1839 603 1923 societas,
625 1841 666 1906 ad
677 1857 774 1922 quam
792 1841 893 1908 homo
907 1857 948 1906 en
957 1839 1110 1908 instituto
1122 1835 1290 1908 Creatorls
1301 1841 1403 1926 magis
1415 1861 1512 1924 quam

340 1965 464 2018 caetera
478 1950 653 2018 animantia
663 1950 828 2019 ferebatur
836 1954 860 2019 ⁸.
884 1951 972 2018 llinc
984 1953 1208 2036 τὸξνμβόλννν
1219 1999 1231 2033 ,
1242 1952 1306 2018 hoc
1318 1965 1368 2020 est
1378 1967 1514 2018 mutuae

340 2067 484 2129 actiones
494 2067 724 2150 passionesque
742 2077 836 2130 natae
857 2077 959 2146 sunt,
984 2077 1016 2129 et
1027 2059 1106 2130 boni
1118 2061 1286 2148 malique,
1308 2065 1360 2131 sul
1373 2077 1405 2131 et
1417 2063 1514 2131 alieni

340 2174 496 2242 mistura:
531 2174 608 2241 hinc
642 2174 725 2241 illud
754 2187 794 2241 ut
826 2175 926 2242 homo
958 2173 1082 2242 homini
1110 2171 1229 2259 Deus,
1265 2178 1363 2242 homo
1387 2176 1514 2243 homini

340 2287 439 2368 lupus
461 2283 635 2353 diceretur.
680 2286 791 2374 Quare
820 2286 950 2372 justitia
978 2285 1034 2352 illa
1056 2283 1258 2368 desideratur
1279 2303 1364 2370 quae
1384 2289 1515 2373 proprie

338 2401 425 2482 lipari
443 2402 582 2476 unsarai
595 2395 630 2480 ⁸,
653 2401 765 2466 virtus
788 2397 942 2479 socialis,
967 2397 1096 2464 dicitur.
1121 2397 1248 2466 Bonum
1271 2411 1398 2480 autem,
1422 2399 1514 2481 quod

337 2507 466 2592 justitia
488 2509 567 2574 haec
589 2508 720 2575 socialis
743 2508 896 2593 respicit,
915 2508 1167 2592 aequalitatem,
1199 2516 1364 2594 ἰσονομίαν,
1392 2512 1512 2576 malum

340 2617 629 2702 inaequalitatem,
659 2623 849 2703 πλεονεξίαν,
877 2620 1086 2704 appellamus.
1132 2621 1218 2687 Nam
1241 2620 1328 2688 sicut
1350 2619 1384 2688 in
1406 2637 1512 2688 rerum

340 2744 454 2797 natura
488 2730 522 2796 id
547 2731 671 2796 bonum
694 2745 767 2814 est,
792 2731 884 2813 quod
907 2747 1004 2814 quam
1025 2732 1163 2796 maxime
1185 2743 1294 2815 potest
1313 2747 1414 2798 uuum
1439 2745 1511 2816 est,

340 2843 385 2908 lta
404 2842 437 2906 in
459 2844 548 2909 omni
560 2842 728 2909 societate.
776 2843 889 2908 Unum
913 2857 1020 2908 autem
1045 2843 1243 2926 estprimum
1258 2841 1390 2926 quidem
1403 2837 1512 2924 idem,

341 2954 488 3022 secundo
511 2968 620 3020 autem
643 2955 716 3020 loco
729 2953 947 3020 tantumdem.
994 2954 1105 3042 Quare
1127 2954 1185 3020 ubl
1208 2954 1291 3020 illud
1312 2949 1423 3020 haberi
1447 2969 1513 3020 non

340 3079 449 3148 potest
470 3065 536 3132 hoc
559 3065 715 3132 succedit.
748 3063 968 3132 Tantumdem
990 3077 1097 3132 autem
1117 3066 1240 3150 duplex
1258 3080 1324 3149 est,
1336 3064 1462 3132 numeri
1482 3075 1514 3129 et

339 3175 580 3260 proportionis;
613 3177 700 3243 sicut
730 3175 852 3261 viginti
878 3173 1065 3260 quindecim
1087 3189 1119 3244 et
1138 3177 1248 3244 decem
1272 3176 1420 3260 quinque
1443 3174 1513 3258 pari

339 3305 476 3354 numero
487 3303 664 3372 superant,
688 3289 841 3372 quinario
859 3289 1008 3372 scilicet,
1030 3304 1064 3355 at
1081 3289 1201 3376 viginti
1218 3289 1329 3356 decern
1354 3302 1386 3354 et
1402 3281 1511 3354 decem

340 3399 488 3481 quinque
521 3399 591 3484 pari
619 3400 852 3485 proportione,
887 3401 1024 3468 dimidio
1056 3401 1208 3468 nimirum
1238 3401 1301 3468 sui.
1345 3399 1512 3466 Numerus

289 3519 297 3531 “
340 3524 465 3576 tantum
499 3523 605 3593 partes
635 3511 719 3578 inter
750 3529 785 3578 se
814 3511 1004 3596 componit,
1027 3512 1197 3596 proportio
1217 3526 1323 3595 partes
1345 3511 1512 3578 adranam

339 3619 449 3686 refert.
494 3623 610 3704 ltaque
632 3622 667 3688 hi
692 3623 813 3705 quibus
834 3623 975 3708 alicujus
997 3624 1101 3690 totius
1122 3617 1311 3706 procuratio
1333 3620 1511 3704 convenit,

337 3731 467 3817 justitia
487 3745 626 3800 utuntur
644 3735 904 3819 proportionali,
929 3753 1014 3818 quae
1036 3751 1068 3802 et
1087 3727 1280 3821 resignatrix
1303 3732 1367 3799 dici
1388 3747 1510 3817 potest.

340 3843 412 3908 Hac
444 3843 676 3927 paterfamilias
701 3846 891 3913 domesticis
924 3848 1019 3931 suis,
1051 3865 1112 3932 pro
1146 3847 1273 3912 diversa
1306 3857 1447 3911 aetatum
1476 3861 1512 3909 ac

339 3954 566 4022 conditionum
593 3957 742 4040 ratione,
772 3958 955 4026 dimensum
992 3975 1199 4044 pensumque
1232 3957 1384 4042 anigrtat.
1441 3955 1512 4020 Hac

338 4066 431 4134 Deus
463 4068 536 4154 ipse
566 4069 756 4136 universum
792 4071 947 4154 ordinat,
982 4090 1079 4156 quem
1112 4090 1179 4136 non
1203 4069 1267 4137 alio
1298 4086 1396 4135 sensu
1419 4066 1512 4132 Plato

348 4281 540 4295 ffl-

372 4401 417 4452 ¹1.
441 4415 474 4452 ex
494 4405 545 4452 lroc
566 4400 632 4459 lure.
654 4401 680 4450 ll'.
703 4403 736 4451 de
759 4399 819 4459 just.
834 4377 941 4460 eritne.
960 4399 1004 4465 [D.
1022 4415 1044 4450 1.
1062 4411 1083 4451 r.
1099 4399 1135 4465 5.]
1170 4398 1512 4458 'Macrousanncrrn

338 4491 479 4544 ⁸Deciani.
500 4506 539 4551 aa.
565 4491 604 4557 [in
622 4494 662 4542 ed.
678 4493 709 4542 L.
724 4491 886 4549 B.a.1665.
912 4506 939 4553 p.
958 4490 1025 4557 rra]
1062 4491 1319 4554 *annuerent
1339 4503 1441 4542 r.c.r.
1474 4489 1512 4554 [p.

341 4596 412 4643 ross.
431 4597 452 4633 ι.
466 4597 505 4634 vs.
523 4580 560 4646 7.]
624 4583 635 4616 ⁸
658 4582 751 4633 Arist.
770 4585 802 4633 de
819 4597 873 4644 rap.
889 4585 907 4632 1.
926 4596 949 4642 a.
965 4597 988 4633 c.
1003 4595 1044 4641 as.
1065 4581 1103 4647 [p.
1122 4587 1194 4642 raia
1211 4597 1233 4633 r.
1245 4595 1284 4633 vr.
1300 4581 1355 4646 su]
