3546 5654
552 691 598 735 DE
621 691 715 756 JURE
743 689 926 735 PRAEDAE.
953 689 1034 734 CAP.
1060 689 1110 734 xl.
1356 688 1414 750 197

246 844 373 911 Suario.
419 845 575 910 Caeterae
607 861 707 910 naves
729 842 835 908 iustae
857 857 915 908 aut
946 845 1090 927 galeotae
1112 845 1222 922 erant,
1249 859 1331 922 quas
1359 861 1416 905 cu·

247 957 337 1023 rabat
360 956 510 1021 Andreas
533 955 718 1021 Rodericus
739 954 862 1020 Palota.
908 954 999 1019 Urbs
1020 953 1232 1032 Bantamum,
1257 965 1295 1016 ut
1314 949 1416 1033 prima

246 1068 386 1134 Batavos
417 1066 582 1149 quondam
615 1065 784 1131 venientes
816 1065 966 1146 excepit,
999 1063 1043 1130 ita
1075 1063 1177 1146 prima
1213 1062 1245 1126 in
1280 1080 1417 1144 poenam

246 1179 451 1261 poscebatur.
501 1177 550 1242 Ut
583 1192 699 1258 postea
730 1196 770 1241 ex
796 1175 969 1242 Francisco
1003 1176 1132 1255 Sousa,
1158 1173 1228 1239 filio
1258 1172 1419 1257 Johannis

247 1289 386 1367 Tuesii,
410 1286 576 1353 rationarii
599 1286 894 1370 Ulyssiponensis,
919 1285 1057 1368 aliisque
1082 1283 1221 1367 captivis
1251 1284 1418 1367 cognitum

248 1413 319 1478 cst,
343 1397 517 1463 consilium
541 1411 608 1462 erat
637 1397 778 1480 primum
812 1397 844 1461 in
867 1396 974 1462 forum
998 1396 1156 1478 impetum
1180 1394 1302 1475 licere,
1329 1395 1419 1475 quod

249 1523 338 1574 extra
363 1510 476 1574 urbem
501 1522 573 1588 est,
597 1507 693 1573 Basar
717 1507 872 1587 nomine,
901 1527 969 1590 quo
993 1508 1104 1573 datum
1128 1507 1169 1572 ad
1191 1505 1321 1590 signum
1344 1525 1419 1587 pro·

249 1640 337 1685 ceres
360 1621 432 1704 ejus
451 1619 621 1698 factionis,
653 1633 686 1684 et
717 1637 803 1700 quos
836 1640 852 1683 e
882 1619 985 1701 vulgo
1018 1617 1170 1682 Lusitani
1202 1616 1308 1699 pretio
1341 1635 1420 1681 suos

249 1730 442 1810 effecerant,
456 1731 567 1795 subito
580 1742 828 1794 concurrerent:
842 1727 917 1793 inde
929 1727 1052 1810 irrupta
1074 1727 1261 1795 Sinensium
1282 1727 1421 1792 statione

250 1841 362 1908 urbem
394 1841 558 1908 invadere.
604 1842 720 1922 Atque
748 1838 829 1906 adeo
853 1839 893 1904 de
913 1857 1066 1905 successu
1086 1839 1169 1904 nihil
1190 1838 1422 1917 dubitabatur,

249 1968 287 2018 ut
314 1954 493 2019 monachos
524 1951 608 2016 inter
640 1965 674 2016 et
698 1950 841 2034 Jesuitas
870 1950 910 2014 de
939 1951 1064 2015 sedium
1097 1949 1273 2032 partitione
1308 1948 1423 2014 acriter

249 2078 406 2128 certatum
439 2063 493 2134 sit.
540 2061 718 2126 immunito
749 2077 858 2126 autem
890 2061 1047 2127 bantamo
1077 2063 1225 2126 mandata
1260 2060 1424 2126 habebant

250 2175 414 2254 Bandam,
447 2174 632 2238 Ambonam
667 2187 699 2236 et
732 2170 907 2238 Tematam
940 2172 973 2237 in
1018 2171 1174 2237 ditionem
1210 2172 1422 2254 Hisparricam

251 2305 381 2369 cogere:
407 2303 491 2365 quas
515 2283 555 2348 ad
577 2302 627 2348 res
650 2301 716 2348 non
740 2283 817 2348 belli
842 2296 967 2347 tantum
990 2282 1204 2347 instrumenta
1224 2285 1422 2363 attulerant,

252 2395 311 2461 sed
334 2409 366 2460 et
392 2393 564 2476 pecuniam
584 2407 616 2458 et
635 2407 799 2471 aromata,
824 2392 1003 2457 mercedem
1023 2392 1167 2459 barbaris
1186 2392 1422 2475 proditionum.

254 2505 365 2589 Fregit
377 2506 546 2569 immanem
567 2503 752 2586 superbiam
774 2504 867 2568 Deus
889 2503 947 2586 (ut
967 2502 1033 2568 fere
1055 2503 1225 2581 solet‚·ubi
1246 2503 1312 2569 vim
1332 2524 1423 2570 suam

253 2630 343 2680 extra
361 2614 508 2680 ordinem
527 2615 686 2697 testatur)
707 2613 887 2696 improviso
908 2630 1006 2695 atque
1026 2614 1202 2698 insperato,
1249 2614 1318 2680 Sub
1339 2615 1424 2681 idenr

252 2741 404 2807 tempus,
428 2745 496 2805 quo
520 2724 712 2790 Bantamum
736 2724 888 2791 Lusitani
913 2725 1042 2790 excidio
1061 2725 1288 2807 destinabant,
1313 2727 1426 2792 batavi

253 2837 387 2902 istarum
412 2856 519 2901 rerum
551 2835 654 2919 ignari
689 2849 865 2902 mercatum
900 2835 1041 2901 navibus
1075 2836 1278 2916 adveniunt,
1303 2836 1426 2918 quibus

253 2947 480 3030 Wolphardus
503 2947 713 3011 Harmannus
734 2960 902 3029 praeerat,
926 2946 1063 3011 honoris
1086 2965 1184 3012 causa
1207 2966 1335 3012 summo
1353 2948 1426 3031 jure

253 3057 496 3136 nominandus,
532 3072 569 3122 ut
592 3077 660 3138 quo
685 3057 741 3122 vix
765 3057 963 3139 quisquam,
987 3076 1052 3122 non
1078 3057 1182 3122 dicam
1207 3058 1247 3123 de
1270 3058 1427 3124 societate

253 3169 386 3248 Indica,
410 3168 467 3234 sed
490 3168 530 3233 de
562 3168 693 3234 nomine
725 3168 847 3234 Batavo
879 3170 996 3234 melius
1026 3190 1179 3251 umquam
1207 3169 1346 3235 meritus
1369 3170 1426 3237 sit.

253 3281 309 3346 Ad
332 3280 419 3363 ipsas
437 3280 568 3345 Sundae
581 3279 749 3364 angustias
762 3279 910 3346 Sinensis
922 3281 1075 3346 navicula
1087 3281 1250 3354 occurrit:
1275 3282 1427 3348 admonet

253 3406 352 3457 nauta
374 3391 608 3456 Lusitanorum
633 3393 735 3456 classe
759 3391 904 3458 obsideri
928 3394 1084 3476 pelagus:
1121 3414 1302 3474 quoscum
1328 3394 1427 3460 sciret

254 3504 449 3568 Batavorum
470 3501 643 3586 pemitiem
666 3523 841 3584 quaerere,
870 3524 905 3570 se
926 3504 1161 3586 praevenisse,
1195 3521 1233 3570 ut
1266 3508 1355 3571 salva
1388 3505 1428 3570 ad

173 3675 177 3684 .
254 3614 364 3698 fugam
393 3614 550 3679 haberent
582 3629 739 3696 tempora.
786 3615 871 3680 Nam
895 3631 1057 3681 certamen
1079 3636 1175 3681 nemo
1198 3618 1426 3699 exspectabat:

256 3726 339 3793 nihil
372 3725 457 3790 enim
490 3740 559 3790 erat
593 3726 685 3806 quod
706 3741 819 3808 posset
842 3727 1034 3809 comparari.
1081 3727 1116 3792 Si
1142 3747 1312 3792 numerum
1336 3748 1429 3810 spec-

255 3840 361 3916 tares,
394 3835 723 3918 naves=Wolphardi
757 3851 899 3918 quatuor
932 3859 1005 3903 cum
1041 3839 1149 3903 celoce
1173 3858 1260 3917 una,
1285 3839 1365 3919 quid
1389 3839 1429 3902 ad

256 3949 387 4014 illorum
404 3946 565 4030 triginta?
592 3947 619 4011 si
630 3946 912 4030 magnitudinem,
936 3951 1055 4014 collata
1067 3948 1100 4012 in
1112 3968 1270 4013 summam
1282 3948 1428 4014 omnium

256 4059 483 4125 Batavicarum
507 4057 670 4144 capacitas
693 4075 790 4122 unam
815 4058 967 4125 Andreae
992 4059 1188 4124 Furtadonis
1212 4078 1326 4124 navem
1347 4079 1430 4123 non-

258 4171 335 4235 dum
359 4169 538 4250 aequabat:
571 4169 599 4233 si
629 4168 875 4234 multitudinem
899 4169 1092 4250 hominum,
1116 4170 1254 4235 trecenti
1278 4185 1310 4234 et
1333 4170 1429 4251 quin-

258 4281 362 4346 decim
394 4299 508 4346 omnes
543 4279 575 4343 in
611 4281 713 4345 classe
748 4280 925 4361 Batavica,
958 4302 1032 4347 cum
1064 4281 1097 4345 in
1120 4281 1299 4363 Hispanica
1322 4296 1430 4346 essent

259 4391 410 4457 Lusitani
434 4391 639 4476 octingenti,
665 4392 787 4473 quibus
808 4409 1009 4458 accesserant
1029 4393 1151 4458 milites
1171 4392 1243 4456 Indi
1265 4412 1330 4456 non
1351 4413 1429 4474 pau-

259 4501 364 4566 ciores
383 4502 471 4568 mille
483 4503 696 4588 quingentis,
720 4519 845 4587 praeter
855 4525 983 4571 omnem
996 4505 1122 4571 turbam
1134 4506 1291 4570 navalem.
1317 4504 1430 4568 Rebus
