3552 5654
373 670 434 732 134
698 668 745 713 DE
768 667 861 732 Juxta
889 665 1072 712 PRAEDAE.
1097 667 1176 713 cnl‘.
1203 667 1237 711 X.

379 821 523 888 silentio.
570 819 635 886 Sed
668 834 702 887 et
731 819 845 888 multis
873 818 946 884 aliis
977 820 1017 886 de
1040 819 1147 887 causis
1169 819 1298 886 evenire
1319 819 1403 888 idem
1425 838 1545 906 potest.

373 932 476 1014 Saepe
499 930 584 996 enim
605 931 757 998 videmus
776 951 795 998 a
812 931 900 998 veris
920 930 1061 997 dominis
1082 929 1174 997 citari
1195 950 1332 1013 omnes,
1357 933 1548 1016 quicunque

372 1061 469 1124 super
492 1043 591 1108 rebus
612 1041 773 1125 possessis
797 1061 927 1108 movere
944 1041 1049 1107 velint
1068 1043 1322 1108 controversiam
1344 1049 1376 1125 ¹,
1400 1064 1468 1126 quo
1487 1044 1552 1110 sint

371 1153 433 1236 ipsi
454 1153 487 1218 in
506 1167 674 1236 posterum
693 1152 887 1220 securiores.
931 1153 1056 1218 Verum
1075 1151 1176 1238 igitur
1195 1168 1244 1220 est
1261 1153 1390 1236 privato
1410 1154 1444 1220 in
1463 1155 1550 1222 bello

370 1264 520 1347 praedam
544 1282 610 1328 non
634 1262 774 1330 excludi.
798 1264 884 1329 Nam
907 1276 939 1327 et
959 1263 1080 1330 bellum
1103 1262 1208 1344 illud,
1230 1264 1320 1346 quod
1342 1264 1551 1331 Abrahamus

372 1374 529 1442 adversus
550 1394 657 1459 regem
681 1374 978 1441 Chodorlomarum
1003 1373 1140 1457 ejusque
1161 1374 1422 1459 sociosgessit¹‚
1441 1375 1550 1458 priva-

372 1501 440 1551 tum
464 1504 531 1551 non
557 1484 657 1552 fuisse
688 1485 829 1568 probatu
861 1483 904 1548 sit
927 1483 1081 1565 difficile,
1105 1505 1145 1550 ex
1168 1505 1237 1567 quo
1259 1500 1365 1552 tamen
1388 1485 1443 1552 ille
1466 1485 1549 1552 nihil

373 1595 496 1663 veritus
527 1610 577 1660 est
607 1595 756 1678 praedam
789 1593 959 1660 abducere.
1005 1594 1076 1660 Nec
1109 1595 1199 1660 aliud
1228 1595 1402 1662 dicendum
1436 1611 1486 1663 est
1508 1597 1549 1662 de

373 1707 457 1791 Cajo
478 1706 569 1790 Julio
591 1707 730 1772 Caesare
749 1706 760 1740 ¹
780 1705 886 1770 adhuc
907 1705 1133 1785 adolescente,
1163 1705 1221 1787 qui
1243 1705 1363 1789 piratas
1386 1727 1403 1772 a
1427 1707 1549 1789 quibus

373 1831 487 1899 captus
502 1815 609 1882 fuerat
626 1816 753 1899 privata
769 1817 871 1880 classe
889 1830 1095 1898 persecutus,
1121 1817 1203 1883 bona
1222 1835 1334 1883 eorum
1352 1838 1413 1901 pro
1431 1817 1549 1900 praeda

374 1926 497 1993 divisit.
542 1927 630 1992 Idem
657 1927 690 1992 in
713 1927 800 1992 bello
830 1926 962 1993 Octavii
989 1926 1178 1992 Antoniano
1206 1945 1272 1992 non
1295 1927 1404 1994 minus
1423 1943 1547 1994 certum

373 2052 432 2104 est.
478 2039 592 2120 Atque
613 2039 659 2102 ita
678 2039 773 2120 plane
793 2053 832 2102 ut
851 2057 911 2103 nos
932 2037 1070 2102 dicimus
1091 2053 1203 2104 censet
1221 2038 1362 2104 Socinus
1380 2039 1495 2122 Nepos
1514 2040 1547 2119 ⁴,

374 2168 471 2231 quent
491 2149 585 2232 sequi
605 2149 735 2214 videtur
755 2150 862 2233 Ayala
882 2145 894 2180 ⁵
913 2148 1083 2230 Hispanus
1102 2149 1162 2212 hac
1180 2132 1388 2231 potissimum
1407 2150 1547 2230 ratione,

374 2261 465 2342 quod
489 2259 515 2325 si
539 2261 659 2324 bellum
693 2261 756 2325 tale
786 2260 912 2343 justum
946 2273 1015 2340 est,
1043 2257 1138 2324 etiam
1159 2259 1233 2342 J'ura
1255 2259 1335 2325 belli
1357 2275 1390 2326 et
1412 2261 1548 2326 effectus

315 2422 320 2433 .
372 2372 482 2437 locum
506 2371 625 2436 habere
648 2370 776 2436 debent.
823 2370 963 2436 Constat
987 2389 1064 2454 ergo
1085 2370 1230 2451 acquiri:
1255 2352 1314 2436 sed
1333 2371 1388 2437 cui
1409 2371 1441 2436 in
1460 2372 1547 2437 bello

241 2489 358 2589 mlo(-
373 2481 501 2564 privato
520 2480 702 2546 videamus.
729 2481 814 2546 Cum
836 2494 943 2547 autem
964 2480 1012 2558 id,
1037 2481 1128 2563 quod
1148 2481 1215 2565 agit
1235 2481 1472 2564 principaliter,
1495 2482 1548 2547 sui

374 2592 512 2656 maxime
544 2610 639 2656 causa
670 2611 761 2675 agere
785 2591 979 2657 credendum
1002 2592 1067 2671 sit,
1090 2591 1165 2658 dico
1184 2612 1291 2657 rerum
1310 2594 1398 2659 bello
1417 2593 1548 2675 privato

374 2717 539 2785 captarum
563 2701 731 2767 dominum
750 2701 819 2767 fieri
839 2723 932 2782 eum,
955 2701 1012 2784 qui
1034 2702 1111 2768 belli
1135 2717 1249 2769 auctor
1271 2701 1314 2770 sit
1335 2703 1546 2786 principaliS,

374 2814 483 2896 quoad
508 2814 563 2897 jus
590 2832 685 2879 suum
716 2829 912 2880 consecutus
941 2814 1002 2878 sit:
1028 2814 1120 2896 quod
1141 2813 1188 2879 sic
1212 2813 1307 2880 etiam
1331 2815 1546 2898 interpretor,

374 2939 411 2990 ut
442 2925 470 2990 si
504 2923 610 2989 hostis
640 2923 735 2990 etiam
759 2923 832 2992 aliis
860 2923 999 3005 debeat,
1032 2924 1088 2990 ille
1109 2939 1215 2990 tamen
1244 2924 1277 2989 in
1296 2925 1412 3008 praeda
1431 2926 1548 2990 habeat

373 3034 582 3118 privilegium
601 3035 624 3100 ⁸.
669 3034 813 3100 Primum
846 3035 931 3100 enim
963 3036 1078 3100 damna
1109 3035 1218 3100 omnia
1251 3050 1282 3101 et
1312 3036 1474 3118 impensae
1506 3037 1547 3102 ad

373 3145 450 3210 belli
473 3159 698 3227 susceptorem
722 3160 892 3228 spectant,
916 3145 974 3227 qui
999 3145 1127 3212 scilicet
1146 3146 1218 3229 iure
1241 3145 1387 3229 gentium
1412 3147 1547 3212 auxilia-

374 3256 501 3322 toribus
524 3272 556 3321 et
577 3255 718 3322 subditis
751 3270 880 3322 tenetur
912 3256 953 3321 ad
974 3271 1103 3322 sumtus
1127 3270 1159 3322 et
1181 3255 1362 3339 dispendia.
1409 3257 1545 3323 Certum

373 3381 482 3432 autem
502 3381 551 3432 est
572 3387 611 3431 ex
634 3387 693 3448 eo,
718 3367 809 3449 quod
832 3388 850 3431 e
872 3366 1031 3432 debitoris
1053 3365 1236 3432 substantia
1266 3367 1443 3451 redigitur,
1473 3384 1547 3433 ante

374 3478 483 3542 omnia
514 3477 631 3542 deduci
663 3477 827 3558 quidquid
863 3478 896 3542 in
933 3478 1174 3543 exsecutionem
1211 3478 1390 3561 imputatur
1408 3486 1438 3544 ²:
1476 3480 1547 3562 ipsa

373 3589 525 3653 nimirum
546 3587 702 3652 suadente
722 3588 935 3669 necessitate,
959 3608 1032 3654 cum
1052 3588 1178 3670 alioqui
1196 3609 1236 3652 ne
1255 3591 1392 3656 alterum
1412 3590 1566 3670 quidem

374 3699 532 3780 consequi
553 3699 727 3781 quisquam
751 3697 877 3781 possit,
901 3699 965 3764 nisi
988 3697 1083 3764 factis
1106 3700 1159 3764 his
1179 3699 1354 3764 sumtibus.
1379 3701 1546 3766 Praeterea

373 3809 402 3875 si
424 3810 514 3892 quod
541 3811 596 3894 jus
629 3809 743 3875 crediti
775 3825 945 3892 susceptor
968 3809 1046 3875 belli
1069 3824 1143 3875 ante
1166 3809 1407 3876 exsecutionem
1431 3811 1546 3876 habuit

374 3920 529 3986 adversus
553 3941 625 3986 eum
650 3920 707 4002 qui
732 3919 911 4003 spoliatur,
940 3919 1035 3985 etiam
1059 3920 1092 3988 in
1115 3921 1179 3986 hoc
1203 3939 1276 3986 eum
1299 3920 1543 4004 praeferendum

374 4051 440 4098 non
470 4030 616 4097 dubitem
649 4033 795 4114 exemplo
828 4031 1020 4111 creditoris,
1045 4031 1102 4114 qui
1126 4046 1199 4097 ante
1222 4047 1365 4097 caeteros
1387 4033 1545 4116 vigilave-

372 4231 568 4243 ——u—

408 4351 452 4398 ¹1.
471 4351 593 4399 diffamari
608 4351 637 4400 C.
652 4351 683 4399 de
698 4349 869 4423 ing.manum.
891 4348 933 4412 [C.
949 4361 973 4406 7.
994 4363 1032 4410 η.
1052 4347 1087 4413 5.]
1124 4347 1217 4398 2Gen.
1237 4364 1275 4412 14·
1309 4349 1402 4400 ⁸Plut.
1418 4353 1489 4399 Caes.
1504 4348 1544 4413 [p.

375 4443 431 4499 708.
451 4454 472 4488 a.
493 4439 516 4488 b.
535 4440 570 4503 c.]
606 4440 696 4488 ⁴t0m.
721 4453 744 4498 3.
766 4453 838 4488 cons.
861 4441 902 4488 68.
936 4439 997 4487 ‘de
1017 4438 1073 4497 jure
1091 4439 1160 4488 belli.
1178 4443 1195 4488 l.
1219 4455 1240 4489 1.
1256 4455 1278 4490 c.
1298 4456 1319 4490 2.
1353 4441 1412 4490 ὃν.
1430 4441 1495 4492 infra
1512 4443 1543 4490 ad

373 4532 462 4579 coroll.
498 4529 591 4580 'Bam
606 4533 637 4580 de
655 4543 763 4591 repress.
780 4545 804 4594 9.
817 4545 842 4590 q.
860 4544 881 4578 1.
899 4532 930 4579 ad
944 4543 966 4586 3.
