3536 5692
534 647 580 692 DE
603 647 696 712 JURE
724 645 906 692 PRAEDAE.
932 647 1010 693 CAP.
1036 647 1096 692 XV.
1338 646 1400 709 317

400 801 601 868 quena
626 820 835 866 nuarcn‘ua
862 819 1046 866 nnonnssn
1074 817 1197 865 sucus.

402 939 445 1003 V.
477 937 601 1003 Uarro
624 955 833 1002 andnemun
860 956 1009 1003 uocans
1035 954 1224 1002 nosrruus.

401 1073 603 1139 VLUma
630 1091 725 1142 ouon
752 1091 900 1138 naeus.

229 1208 559 1274 Pansll.UT1tnM
581 1228 664 1274 assu
690 1227 864 1273 nnannaa
891 1228 1005 1294 ouus
1027 1228 1303 1274 nossrssrourm.

718 1343 917 1408 Enrtoous.

513 1566 518 1598 l

272 1651 344 1735 Jam
367 1651 406 1716 de
424 1649 498 1715 utili
518 1650 688 1716 videamus
712 1653 786 1716 loco
808 1668 987 1734 postremo
1033 1654 1111 1716 Non
1134 1651 1249 1716 dubito
1274 1666 1402 1733 autem,

234 1762 315 1844 quin
334 1761 484 1827 futurum
508 1761 550 1826 sit
570 1777 607 1827 ut
626 1762 739 1828 multis
756 1764 835 1828 haec
853 1749 1002 1828 tractatio
1021 1782 1222 1845 supervacua
1234 1761 1403 1841 videatur,

234 1874 291 1956 qui
312 1865 385 1939 cum
407 1874 582 1940 utilitatem
603 1873 703 1939 lucris
725 1874 924 1954 metiantur,
942 1874 1103 1939 neminem
1126 1873 1291 1956 putabunt
1311 1872 1404 1958 igno-

232 2006 323 2066 rare,
349 2006 446 2066 quam
476 1985 521 2051 sit
551 1984 640 2050 utilis
669 1985 805 2067 praedae
828 1986 1051 2069 comparatis,
1077 1985 1164 2052 unde
1184 1985 1231 2050 rei
1253 1984 1404 2050 familiari

232 2112 358 2162 tantum
390 2096 535 2162 accedat.
579 2096 704 2162 Verum
737 2117 821 2181 egn,
855 2097 914 2179 qui
946 2097 991 2162 ita
1014 2097 1148 2179 accepi,
1183 2116 1251 2160 eam
1275 2095 1404 2162 demum
1417 2104 1479 2150 Pars
1493 2104 1515 2150 1·

233 2228 341 2274 veram
375 2227 444 2272 esse
478 2207 678 2286 utilitatem,
703 2228 786 2288 quae
817 2209 857 2272 ab
887 2209 1028 2273 honesto
1056 2223 1088 2272 et
1113 2208 1205 2290 justo
1227 2226 1404 2289 numquam

233 2319 437 2404 sejungitur,
463 2319 549 2382 sicut
560 2317 621 2383 ista
633 2317 660 2384 si
673 2319 846 2397 abessent,
870 2319 1012 2384 hominis
1025 2318 1240 2385 existimarem
1253 2317 1406 2402 profliga-

234 2430 351 2494 tissimi
373 2429 547 2494 utilitatem
569 2442 757 2509 ostentare,
783 2429 827 2494 ita
851 2449 937 2494 nunc
956 2449 1030 2495 cum
1054 2429 1186 2510 adsint,
1210 2430 1292 2493 hanc
1309 2429 1404 2495 etiam

233 2561 299 2609 non
334 2541 487 2621 aliunde,
521 2560 617 2622 quam
650 2561 688 2604 ex
718 2538 787 2606 illis'
817 2540 1031 2606 derivaverim
1051 2546 1074 2606 ¹.
1121 2541 1207 2604 Nam
1237 2554 1269 2604 et
1294 2540 1406 2605 alibi²

234 2652 438 2719 ostendimus
468 2652 634 2718 hominem
662 2652 788 2736 justum
813 2654 865 2718 vel
891 2651 1064 2735 praecipue
1085 2651 1148 2718 sibi
1175 2651 1288 2717 utilem
1313 2667 1565 2731 esse,r>r0aama1.

234 2766 320 2831 unde
351 2779 382 2830 et
411 2764 504 2829 Plato
528 2764 562 2828 in
582 2763 729 2848 justitiae
751 2763 906 2830 laudibus
927 2769 938 2804 ³
961 2783 1027 2829 non
1056 2763 1154 2828 modo
1178 2763 1313 2847 gloriam
1337 2762 1407 2828 sive

233 2879 379 2957 εὐδοξίαν,
412 2875 522 2941 sedet
544 2877 748 2958 voluptatem
774 2874 844 2941 sive
872 2874 1046 2940 utilitatem
1069 2874 1276 2956 spectandam
1298 2889 1405 2957 putat.

235 2986 393 3052 Similiter
413 2987 454 3051 ad
474 2988 648 3053 honestum
666 2986 757 3068 quod
775 2986 914 3066 attinet,
933 2986 1004 3052 sive
1023 2988 1086 3052 hoc
1106 2986 1212 3069 ipsum
1234 3005 1308 3051 cum
1332 2985 1406 3051 utili
1420 3012 1541 3059 panum

235 3098 416 3165 necessario
438 3100 651 3183 conjunctum
675 3117 825 3180 perversa
850 3098 1007 3180 quaedam
1030 3113 1063 3164 et
1084 3118 1160 3164 vere
1185 3098 1329 3162 humano
1354 3070 1452 3181 ge-H'

235 3210 305 3275 neri
328 3209 460 3276 funesta
483 3210 565 3275 ratio
590 3209 751 3290 divulsit,
775 3209 845 3276 sive
867 3210 900 3275 in
922 3211 1049 3275 cunctis
1070 3230 1153 3292 quae
1176 3209 1269 3274 utilia
1292 3209 1406 3274 dicun·

235 3338 313 3403 tur,
337 3323 373 3387 id
395 3322 486 3405 quod
507 3322 682 3388 honestum
706 3336 754 3388 est
775 3321 906 3387 excellit
928 3321 1066 3387 maxime
1096 3336 1127 3386 et
1149 3321 1406 3404 praeponderat,

236 3434 318 3499 illud
349 3453 425 3499 sane
448 3434 534 3499 inter
562 3453 697 3514 omneS,
732 3433 790 3515 qui
823 3435 928 3499 bonos
951 3455 985 3500 se
1013 3433 1124 3498 haberi
1146 3435 1287 3512 volunt,
1310 3430 1408 3497 facile

235 3545 422 3625 constabit,
446 3566 505 3611 nec
538 3546 718 3628 quidquam
749 3545 839 3628 quod
862 3559 957 3627 turpe
981 3559 1052 3625 est,
1076 3564 1187 3610 revera
1210 3544 1292 3609 utile
1316 3561 1405 3624 esse,

234 3677 294 3722 nec
327 3657 507 3739 quidquam
541 3658 632 3739 quod
662 3660 837 3722 honestum
867 3671 938 3736 est,
967 3675 1033 3722 non
1064 3657 1127 3720 hoc
1151 3655 1223 3737 ipso
1245 3654 1406 3740 expedire.

236 3768 350 3854 Quam,
374 3769 407 3832 in
438 3783 560 3850 partem
592 3769 732 3852 plurima
755 3789 773 3833 a
797 3767 913 3832 Tullio
942 3766 1133 3831 Officiorum
1166 3765 1289 3831 libris*
1321 3765 1406 3830 dicta

235 3895 336 3961 sunt,
371 3880 458 3962 apud
482 3900 579 3960 quem
603 3894 635 3944 et
658 3880 737 3944 haec
761 3878 929 3944 invenitur
952 3876 1208 3962 argumentatio:
1243 3875 1410 3962 quidquid

226 3993 358 4077 justum
392 4006 439 4056 cst
471 3990 510 4056 id
540 3989 645 4055 utile:
679 3990 768 4075 qaod
793 4003 904 4054 crutam
929 3991 1095 4054 honestam
1119 3987 1203 4053 idem
1228 4001 1259 4052 at
1273 3990 1405 4073 justum

236 4119 304 4170 est:
329 4126 370 4169 ex
393 4125 456 4189 qao
480 4104 619 4190 afficitur
643 4115 681 4166 at
704 4100 872 4186 quidquid
893 4104 1059 4166 honestum
1075 4113 1140 4179 est,
1161 4099 1246 4165 idam
1257 4103 1301 4164 sit
1313 4098 1406 4164 atil.

272 4401 331 4448 lex
359 4414 415 4461 cap.
442 4414 480 4449 12.
505 4413 543 4458 13.
561 4411 586 4448 et
605 4413 643 4462 14.
677 4397 780 4459 ²supra
796 4399 822 4446 in
840 4412 896 4459 cap.
916 4412 937 4446 1.
954 4411 978 4447 et
997 4399 1080 4459 princ.
1101 4411 1158 4458 cap.
1175 4411 1198 4446 a.
1233 4395 1288 4445 ³in
1305 4396 1407 4457 dialogo

240 4493 271 4540 de
289 4490 365 4549 justo.
399 4491 410 4523 ⁴
427 4492 472 4540 lib.
489 4505 512 4549 3.
529 4491 620 4552 passim
638 4503 662 4539 et
680 4490 724 4539 lib.
742 4504 765 4548 ³·
785 4492 817 4539 de
835 4488 906 4538 finib.
927 4490 963 4551 [c.
981 4504 1021 4538 αι.
1039 4493 1061 4548 5.
1077 4489 1131 4550 71.]
