3552 5654
519 669 566 718 DE
589 669 683 740 JURE
708 669 893 720 PRAEDAE.
921 669 1003 720 CAP.
1027 670 1110 720 vm.
1363 673 1404 742 93

232 841 450 910 usurpantur,
465 825 623 909 reliquiae
634 825 739 894 videri
759 842 900 910 possunt
918 823 1009 894 illius
1028 825 1129 894 moris
1152 839 1184 894 et
1203 828 1297 894 velut
1318 828 1402 914 legis

233 959 336 1007 nonae
356 935 573 1023 exceptiones.
619 934 760 1008 Romani
780 936 875 1005 etiam
897 955 1025 1006 veteres
1046 936 1210 1021 dominis,
1233 940 1403 1024 patribus,

232 1050 378 1134 maritis,
402 1047 588 1135 cognationi
609 1049 682 1135 jura
704 1048 858 1133 vitaeque
880 1049 1037 1133 necisque
1057 1051 1283 1135 permiserunt.
1325 1051 1404 1119 Alia

233 1159 365 1246 quidem
385 1177 481 1229 causa
502 1177 551 1228 est
574 1159 793 1229 exsecutionis
816 1180 900 1245 quae
922 1160 1058 1247 privatis
1081 1164 1151 1248 lege
1175 1162 1307 1247 speciali
1328 1185 1401 1248 per·

232 1275 382 1342 mittitur.
408 1273 494 1340 Nam
513 1269 568 1340 hic
587 1270 614 1339 si
633 1269 673 1340 ad
692 1293 778 1340 arma
796 1274 958 1352 veniatur,
978 1273 1090 1340 nescio
1109 1291 1225 1341 annon
1235 1274 1403 1358 publicum

232 1385 460 1470 potiusquam
479 1383 641 1469 privatum
660 1386 782 1451 bellum
802 1382 974 1452 dicendum
995 1383 1049 1452 sit.
1098 1381 1300 1470 Respublica
1318 1386 1403 1453 enim

234 1496 329 1580 quasi
364 1495 501 1580 suscipit
522 1511 555 1561 et
577 1492 753 1580 gerendum
775 1495 913 1582 singulis
936 1493 1076 1563 mandat.
1121 1493 1196 1562 Etsi
1218 1515 1332 1564 verum
1355 1513 1404 1563 est

233 1611 389 1692 pleraque
408 1607 463 1675 illa
481 1627 522 1674 ex
540 1607 651 1674 eadem
670 1607 810 1687 ratione,
829 1607 916 1675 unde
936 1619 968 1674 et
986 1605 1149 1691 privatum
1159 1607 1403 1676 bellumlluere.

233 1717 322 1806 Quia
344 1719 428 1786 enim
461 1717 599 1803 exempli
632 1718 732 1804 gratia
751 1718 913 1785 militibus
936 1732 968 1784 et
991 1717 1197 1786 exactoribus
1217 1739 1284 1786 non
1307 1716 1404 1786 facile

232 1849 290 1915 per
317 1831 516 1916 judiciorum
539 1829 685 1896 ordinem
715 1829 919 1911 occurritur,
942 1828 1064 1896 idcirco
1087 1829 1167 1913 ipsis
1189 1829 1325 1913 privatis
1347 1849 1405 1914 per

233 1941 321 2028 leges
341 1962 375 2008 se
393 1939 581 2009 vindicandi
600 1956 744 2025 potestas
762 1940 858 2008 datur
877 1951 898 2007 ¹.
922 1939 968 2006 Et
985 1941 1065 2008 haec
1084 1938 1184 2026 igitur
1202 1956 1297 2022 sunt,
1320 1961 1404 2024 quae

231 2056 325 2120 velut
342 2052 482 2139 vestigia
500 2053 659 2118 habemus
675 2049 759 2136 juris
777 2051 934 2119 naturalis
953 2051 986 2116 in
1005 2049 1184 2136 puniendo.
1213 2052 1278 2118 Sed
1297 2054 1404 2121 adhuc

232 2161 373 2231 dubitari
402 2179 530 2248 potest,
563 2177 686 2230 semota
716 2163 901 2246 republica,
935 2164 1031 2244 quem
1064 2162 1126 2229 sibi
1158 2160 1284 2248 justum
1304 2162 1401 2231 finem

230 2274 378 2359 privatus
408 2275 496 2342 ultor
515 2274 620 2358 possit
642 2291 834 2358 proponere.
881 2271 989 2339 Facile
1015 2273 1246 2357 respondebit,
1280 2274 1401 2356 quiex

231 2383 470 2469 philosophis¹
497 2385 648 2451 didicerit
679 2384 760 2450 duas
790 2401 861 2450 esse
884 2383 1107 2467 respublicas,
1132 2384 1263 2450 alteram
1287 2384 1401 2465 orbis,

231 2498 364 2562 alteram
385 2495 487 2562 urbis.
532 2493 698 2562 Nimirum
727 2495 833 2564 totius
851 2493 985 2561 humani
1006 2492 1132 2579 generis
1153 2495 1276 2560 bonum
1300 2496 1340 2563 ab
1363 2515 1402 2562 eo

232 2606 393 2691 spectari,
424 2626 490 2674 non
521 2607 613 2672 aliter
643 2626 741 2688 quam
775 2625 848 2672 cum
883 2621 1063 2690 serpentem
1097 2605 1228 2673 occidit.
1272 2603 1319 2672 Et
1338 2607 1403 2673 hoc

231 2718 362 2803 proprie
392 2734 442 2784 est
472 2717 556 2784 illud
584 2717 706 2783 bonum
736 2737 930 2797 commune,
954 2717 1045 2798 quod
1068 2735 1189 2800 poenas
1211 2735 1325 2782 omnes
1346 2736 1403 2784 na·

230 2829 378 2897 turaliter
408 2828 565 2913 respicere
597 2828 752 2895 diximus.
799 2826 873 2893 Hoc
897 2827 1003 2911 ipsum
1024 2827 1221 2893 Plutarchus
1243 2827 1255 2862 ³
1277 2827 1403 2912 egregie

232 2940 388 3025 explicat:
411 2948 451 3028 τῷ
471 2946 501 3012 δὲ
521 2943 610 3027 (θεῷ)
630 2942 733 3010 ἕπεποοο
754 2943 818 3038 dian
839 2948 895 3008 coir
912 2941 1144 3021 ἀπολειπομένων
1160 2945 1212 3007 τοῦ
1230 2941 1302 3007 θείου
1319 2941 1405 3022 νόμον

229 3056 368 3138 τιμωρός,
391 3055 566 3140 ᾖχρῶμεθοο
588 3055 697 3128 πάντες
726 3053 860 3136 ἄνθρωποι
890 3054 979 3135 φύσει
1009 3054 1077 3135 πρὸς
1110 3050 1226 3125 πάντας
1247 3053 1405 3134 ἀνθρώπους

230 3165 323 3249 ὥσπερ
353 3169 488 3241 πολίτας.
529 3164 681 3247 ¹Iustitia
711 3161 820 3228 Deum
850 3163 1032 3227 comitatur
1062 3160 1176 3226 ultrix
1209 3180 1320 3226 eorum
1344 3163 1404 3246 qui

231 3289 351 3341 contra
371 3273 471 3362 legem
492 3273 641 3344 diuinam
663 3271 887 3359 delinquunt:
901 3293 968 3358 qua
988 3291 1093 3336 omnes
1112 3273 1254 3336 homines
1274 3286 1403 3337 natura

233 3391 363 3452 urimur
394 3386 553 3455 aduersus
581 3406 686 3450 omnes
709 3385 871 3463 homines,
896 3395 935 3448 ut
957 3385 1052 3452 circs.
1097 3381 1195 3448 Unde
1218 3401 1285 3449 non
1305 3384 1403 3468 longe

232 3496 322 3578 abit,
355 3496 447 3579 quod
478 3495 664 3563 scholastici
690 3504 702 3541 ⁴
728 3495 865 3577 dicunt,
898 3493 1015 3561 debere
1046 3512 1108 3560 nos
1134 3492 1275 3578 ¹injurias
1309 3491 1404 3559 etiam

231 3623 359 3674 nostras
390 3607 529 3690 ulcisci,
564 3609 592 3675 si
623 3609 705 3675 tales
738 3605 803 3674 sint
834 3621 872 3672 ut
901 3606 942 3673 ad
973 3603 1177 3686 Ecclesiam,
1209 3605 1272 3671 hoc
1294 3618 1343 3670 est
1363 3603 1406 3670 ad

231 3717 338 3784 bonos
367 3738 481 3786 omnes
511 3718 706 3785 redundent.
753 3719 866 3802 Huius
889 3732 996 3784 autem
1019 3715 1099 3784 boni
1121 3715 1304 3782 communis
1327 3735 1404 3780 cura

233 3828 412 3912 aequaliter
435 3829 476 3895 ad
505 3828 657 3910 quemvis
683 3828 845 3912 pertinere
868 3828 1021 3908 videtur,
1044 3826 1115 3895 sive
1139 3825 1201 3908 ipsi
1221 3825 1291 3892 sive
1311 3824 1404 3891 alteri

232 3938 319 4006 illata
343 3938 386 4006 sit
416 3938 558 4025 injuria,
581 3939 645 4005 nisi
665 3938 757 4021 quod
780 3957 855 4006 suas
876 3936 1011 4023 injurias
1034 3937 1170 4019 exsequi
1188 3934 1405 4020 periculosius

231 4118 418 4128 ⁸——

266 4209 273 4242 ¹
294 4210 323 4260 c.
339 4211 440 4270 quando
462 4206 505 4259 llc.
527 4208 594 4258 unic.
613 4219 660 4257 tot.
678 4208 718 4257 rit.
735 4204 777 4272 [c.
793 4221 816 4267 3.
829 4207 883 4270 tm]
898 4210 915 4256 l.
929 4203 1095 4267 prohibitum.
1113 4207 1142 4254 c.
1161 4203 1259 4263 dejure
1275 4203 1341 4253 fisci.
1361 4201 1404 4268 [C.

235 4311 272 4349 ιο.
295 4314 315 4349 ι.
337 4301 372 4362 5.]
392 4303 408 4348 l.
430 4311 518 4349 contra
535 4311 628 4349 nostra.
647 4301 677 4348 C·
701 4302 732 4349 de
752 4299 923 4349 exactoribus.
950 4295 994 4362 [C.
1020 4311 1058 4345 12.
1080 4297 1120 4344 61.
1144 4296 1179 4358 s.]
1198 4299 1215 4344 1.
1230 4297 1359 4344 devotum.
1375 4297 1404 4344 C.

232 4391 263 4440 de
279 4391 387 4440 metatis.
406 4391 448 4452 [C.
470 4403 508 4438 ιο.
522 4403 562 4451 4ι.
579 4389 613 4451 5.]
632 4391 682 4453 Jas.
699 4388 727 4438 in
740 4392 757 4438 l.
774 4401 802 4440 ut
821 4389 883 4439 vim.
897 4389 922 4438 ff.
940 4390 971 4439 de
987 4386 1044 4446 just.
1063 4399 1087 4436 et
1104 4385 1168 4445 jure.
1189 4385 1232 4450 [D.
1250 4400 1270 4435 1.
1291 4398 1312 4433 r.
1326 4384 1362 4449 3.]
1379 4399 1405 4448 n,

234 4491 272 4536 ts.
309 4479 394 4535 ¹sen.
415 4482 447 4531 de
467 4480 520 4530 vita
538 4480 618 4530 beata.
639 4495 661 4532 c.
681 4493 721 4540 st.
756 4479 926 4532 ⁸deexsi1io
945 4477 985 4543 [p.
1002 4480 1059 4529 601.
1078 4475 1117 4542 b.]
1152 4475 1271 4526 ⁴Thom.
1291 4489 1314 4526 ο.
1335 4487 1358 4526 ο.
1380 4489 1405 4538 q.

235 4572 290 4617 rou.
309 4569 370 4618 silv.
388 4569 414 4617 in
433 4586 459 4618 v.
477 4569 605 4620 Vindicta.
