3536 5692
379 685 442 747 332
691 681 737 728 na
760 680 853 747 June
879 679 1062 726 rannone.
1088 678 1168 726 cnr.
1193 681 1250 726 xv.

377 835 547 902 hominum
566 835 780 917 commercia,
801 834 875 902 illos
895 854 955 918 pro
977 833 1222 915 dominatione,
1240 853 1273 900 se
1293 855 1354 917 pro
1374 854 1434 900 sua
1449 850 1547 917 atque

378 947 515 1012 aliorum
539 947 708 1026 libertate,
733 947 807 1012 illos
828 945 926 1011 insita
948 943 1171 1010 malefaciendi
1192 945 1353 1027 libidine,
1377 965 1412 1012 se
1434 961 1466 1012 et
1489 947 1547 1012 diu

378 1073 411 1124 et
431 1078 526 1141 saepe
553 1058 748 1138 calumniis,
772 1058 988 1137 crudelitate,
1012 1056 1149 1140 perfidia
1169 1057 1347 1124 lacessitos.
1393 1059 1548 1125 Summus

376 1171 465 1254 apud
497 1170 642 1236 Graecos
662 1184 790 1236 orator:
814 1175 883 1255 ὑπὲρ
904 1174 959 1253 μὲν
980 1169 1017 1237 ὦν
1038 1173 1075 1239 iu
1097 1172 1298 1255 ἐλαττῶνται,
1321 1173 1409 1255 μέχρι
1427 1175 1547 1240 δυνατοῦ

376 1285 486 1357 παντες
507 1289 692 1364 πολεμοῦσιν·
731 1311 756 1351 τ
770 1283 796 1367 pi
816 1285 846 1350 δὲ
876 1287 926 1350 τοῦ
952 1291 1152 1370 ratramnum,
1173 1283 1231 1364 οὐχ
1261 1280 1359 1355 οὕτως.
1404 1281 1473 1344 Pro
1496 1282 1547 1345 his

377 1395 414 1456 in
438 1392 556 1477 quibus
579 1393 713 1478 injuria
736 1393 930 1479 afficiuntur
952 1412 1057 1456 omncs
1079 1405 1242 1476 quantum
1265 1395 1393 1455 omnino
1409 1405 1548 1478 possunt

377 1502 593 1588 depugnant,
629 1516 667 1566 at
696 1516 838 1587 propter
871 1503 976 1568 alieni
1004 1503 1223 1588 cupiditatem
1259 1523 1322 1565 non
1354 1504 1445 1568 item.
1504 1502 1549 1566 Et

380 1613 560 1678 Alexandri
584 1612 791 1696 Imperatoris
811 1633 879 1678 vox
895 1627 944 1680 est
964 1613 1188 1696 imperatoria:
1208 1619 1242 1683 τὸ
1261 1617 1315 1698 μὲν
1330 1616 1430 1698 ἄρχειν
1444 1617 1548 1682 ἀδίκων

376 1727 464 1808 ἔργων
485 1729 537 1792 οὐκ
558 1730 714 1807 ἀγνώμονα
735 1727 796 1808 ἔχει
818 1728 871 1802 τὴν
900 1727 1071 1809 πρόκλησιν,
1097 1729 1131 1793 τὸ
1154 1729 1183 1793 δὲ
1203 1729 1270 1799 τοὺς
1291 1729 1453 1808 donatistae
1473 1730 1548 1792 aiara-

376 1837 517 1907 aaisadur‚
541 1835 574 1901 ἔκ
592 1863 625 1902 re
642 1845 695 1911 τῆς
714 1839 828 1915 ἀγαθῆς
846 1839 1026 1913 συνειδήσεως
1043 1837 1106 1919 ἔχει
1127 1839 1160 1903 τὸ
1182 1836 1348 1918 duppaillaau,
1371 1839 1420 1903 uui
1443 1839 1476 1902 ἐκ
1496 1841 1548 1903 τοῦ

376 1948 418 2028 μὴ
440 1949 566 2018 ἀδικεῖν,
579 1950 651 2013 ἀλλ’
671 1948 837 2027 ἀμύνασθαι
856 1946 983 2029 ὑπάρχει
1005 1950 1038 2014 ad
1061 1949 1172 2014 εὔελπι.
1208 1944 1294 2029 Ejus
1319 1967 1342 2010 a
1362 1966 1423 2030 quo
1444 1948 1548 2029 eoepit

378 2056 511 2141 injuria
519 2059 713 2142 prouocatio
726 2058 871 2120 maxime
892 2054 1059 2123 inuidiosa
1091 2069 1161 2120 est:
1182 2069 1219 2119 at
1239 2077 1312 2120 aum
1335 2055 1548 2148 depelluntur

379 2186 608 2252 aggressores,
632 2171 719 2231 sicut
742 2167 826 2230 bona
849 2170 1049 2230 conscientia
1067 2163 1228 2248 fiduciam
1250 2188 1355 2231 seeum
1372 2166 1471 2250 fert,
1495 2170 1547 2229 ita

378 2281 460 2362 quia
472 2276 749 2357 denindiaanda‚
762 2298 826 2341 non
846 2277 885 2343 de
907 2277 1084 2361 inferenda
1104 2279 1238 2363 injuria
1259 2278 1460 2358 laboratur,
1478 2291 1547 2361 spes

377 2391 478 2452 etiam
513 2387 638 2453 adsunt
675 2392 827 2473 optimae.
883 2387 1022 2454 Brevius
1043 2403 1172 2470 autem,
1195 2408 1279 2471 quae
1313 2390 1473 2454 hactenus
1507 2387 1547 2452 de

378 2498 519 2564 utilitate
542 2498 881 2579 dicimus¹‚Ordines
900 2499 1095 2566 Hollandiae
1116 2499 1247 2566 decreto
1270 2519 1331 2566 suo
1343 2499 1377 2564 in
1390 2518 1546 2570 summam

379 2609 540 2694 colligunt
551 2611 723 2692 palamque
740 2608 886 2690 faciunt,
900 2611 977 2676 dum
998 2611 1031 2676 in
1041 2610 1222 2676 Lusitanos
1239 2609 1547 2695 pugnatumdivina

378 2721 479 2805 gratia
510 2718 674 2786 defensam
707 2736 902 2803 auctamque
932 2721 1174 2806 navigationem
1204 2737 1237 2788 et
1267 2722 1546 2806 negotiationem,

378 2831 513 2897 liberata
534 2851 633 2916 regna
653 2846 751 2915 atque
779 2833 879 2899 urbes
902 2833 1044 2914 amicas,
1067 2834 1212 2917 insignes
1233 2833 1388 2899 victorias
1408 2848 1442 2898 et
1459 2853 1547 2897 com-

378 2943 475 3008 moda
504 2963 543 3007 ex
568 2942 725 3009 hostibus
743 2958 930 3026 reportata,
962 2944 1056 3025 queis
1081 2945 1176 3010 etiam
1198 2947 1321 3029 majora
1344 2943 1546 3027 exspectari,

380 3073 482 3135 eaque
513 3053 621 3119 omnia
644 3055 715 3120 sine
738 3057 807 3120 ullo
830 3054 1029 3139 reipublicae
1051 3054 1223 3138 dispendio
1246 3055 1287 3120 ad
1309 3055 1454 3122 hostium
1475 3073 1548 3138 per-

377 3164 489 3230 nitiem
522 3185 702 3250 magnaque
735 3167 874 3247 damna,
905 3167 945 3231 ad
976 3168 1151 3244 honorem,
1185 3166 1412 3244 commodum,
1437 3165 1548 3230 existi·
1653 3227 1659 3234 .

378 3276 553 3342 mationem
573 3275 731 3342 foederati
747 3277 852 3361 Belgii
868 3291 901 3342 et
920 3279 991 3361 ejus
1010 3277 1133 3344 civium
1150 3297 1355 3360 summopere
1375 3277 1546 3360 pertinere.

162 3377 164 3381 ’
251 3416 313 3461 nm
329 3414 363 3461 ιν,
379 3386 664 3472 Quemadmodum
695 3408 773 3452 vero
804 3389 985 3471 Lusitanos
1005 3389 1101 3473 affligi
1136 3389 1221 3454 bello
1251 3403 1283 3454 et
1312 3388 1466 3471 spoliari,
1499 3387 1546 3451 sic

376 3499 526 3582 praedam
549 3514 763 3564 mercatorum
787 3500 950 3583 propriam
979 3518 1048 3566 esse
1070 3520 1136 3566 non
1157 3500 1303 3582 ipsorum
1323 3499 1425 3584 magis
1449 3519 1544 3580 quam

376 3610 499 3694 patriae
523 3609 669 3676 interest.
700 3610 787 3674 Cum
811 3610 894 3676 enim
918 3611 1075 3676 aerarium
1096 3612 1183 3677 bello
1205 3626 1268 3676 tam
1290 3612 1390 3694 longo
1413 3625 1545 3691 tamque

377 3721 501 3786 difficili
534 3721 773 3806 multiplicibus
808 3722 962 3806 impensis
995 3723 1227 3804 exhauriatur,
1261 3722 1435 3805 praecipue
1466 3741 1545 3787 veto

379 3833 425 3897 rei
460 3833 639 3898 maritimae
675 3833 785 3920 gravia
808 3833 875 3900 sint
897 3855 1016 3914 onera,
1048 3834 1132 3900 nihil
1164 3833 1369 3899 commodius
1402 3831 1547 3896 accidere

379 3959 510 4027 potest,
546 3966 642 4027 quam
676 3959 714 4011 ut
736 3945 882 4012 hostium
907 3945 993 4012 vires
1016 3943 1236 4029 infringantur
1255 3944 1420 4011 sumtibus
1439 3943 1547 4024 priva·

369 4053 496 4122 ¹torum.
540 4057 678 4122 Sumtus
697 4071 803 4122 autem
825 4056 954 4140 sapiens
974 4077 1040 4122 non
1060 4055 1156 4133 facit,
1176 4056 1239 4122 nisi
1257 4054 1438 4138 periculum
1455 4054 1547 4137 justo

380 4167 552 4232 commodo
579 4182 743 4250 pensetur.
768 4169 963 4236 Rectissime
987 4167 1088 4252 igitur
1120 4166 1261 4232 Ordines
1293 4135 1466 4245 fecerurit,
1489 4165 1546 4246 qui

376 4293 414 4343 ut
447 4278 583 4344 caeteris
600 4278 633 4344 in
657 4280 755 4346 rebus
779 4281 933 4345 omnibus
955 4280 1098 4345 Indicam
1124 4277 1378 4362 negotiationem
1407 4276 1545 4356 fovent,

409 4525 416 4556 ¹
436 4527 466 4573 V.
477 4527 538 4592 Ἰριν.
555 4527 619 4574 Met.
637 4527 717 4574 Pracf.
733 4529 772 4576 ad.
789 4527 916 4576 Osorium.
