3546 5654
282 723 288 734 .
380 653 442 720 232
680 659 727 706 ur
750 659 844 725 June
870 660 1055 708 PRAEDAE.
1079 664 1162 710 car.
1187 665 1252 711 xri.

380 826 538 891 quantum
556 813 627 897 eius
647 833 754 880 rerum
770 813 990 898 spiritualium
1004 817 1179 886 necessitas
1198 818 1355 901 requirit,
1368 818 1431 886 ista
1447 832 1553 884 autem

380 921 419 986 de
450 922 572 1004 quibus
599 943 688 991 nunc
712 926 861 1011 agimus,
886 947 972 992 mare
1001 927 1127 993 scilicet
1153 943 1185 994 et
1204 930 1259 1013 jus
1282 929 1482 1014 navigandi,
1503 931 1555 994 lu-

380 1052 470 1099 crum
497 1049 529 1100 et
559 1050 732 1116 quaestum
756 1057 904 1118 merum,
928 1058 994 1103 non
1013 1039 1145 1122 pietatis
1166 1041 1335 1125 negotium
1357 1041 1555 1124 respiciant,

380 1143 474 1226 sequi
503 1146 625 1210 nullam
654 1148 714 1212 hac
738 1147 772 1213 in
800 1167 834 1214 re
864 1146 966 1214 fuisse
989 1148 1079 1215 illius
1100 1166 1306 1233 potestatem.
1352 1152 1444 1239 Quid
1465 1152 1557 1234 quod

379 1274 419 1320 ne
440 1255 608 1340 Principes
629 1258 781 1338 quidem,
805 1261 869 1326 hoc
890 1275 940 1325 est
960 1259 1085 1326 domini
1097 1265 1313 1345 temporales,
1333 1278 1473 1347 possunt
1485 1265 1554 1329 ullo

379 1368 477 1433 modo
498 1388 515 1434 a
542 1368 752 1455 navigatione
775 1371 916 1453 aliquem
948 1370 1147 1453 prohibere,
1171 1394 1245 1439 curn
1271 1373 1299 1438 si
1323 1375 1415 1458 quod
1434 1374 1556 1439 habent

376 1480 430 1563 jus
452 1479 484 1544 in
507 1479 609 1561 mari,
633 1480 667 1547 id
687 1481 731 1546 sit
749 1496 875 1548 tantum
897 1481 1138 1566 jurisdictionis
1158 1504 1194 1549 ac
1215 1484 1456 1567 protectionis?
1482 1483 1557 1550 Eti-

379 1610 428 1656 am
459 1589 542 1656 illud
571 1591 778 1674 notissimum
811 1607 861 1660 est
889 1594 977 1677 apud
1005 1614 1142 1682 omnes,
1167 1597 1208 1660 ad
1237 1617 1273 1661 ea
1295 1596 1442 1663 facienda
1471 1613 1555 1678 quae

379 1723 452 1767 cum
473 1704 543 1787 lege
564 1718 699 1769 naturae
721 1719 892 1790 pugnant,
915 1707 1039 1772 nullam
1063 1723 1134 1772 esse
1157 1706 1262 1790 Papae
1283 1707 1508 1774 auctoritatem
1530 1713 1554 1772 ¹.

377 1814 506 1898 Pugnat
527 1829 634 1880 autern
654 1835 728 1880 cum
750 1817 821 1901 lege
838 1829 992 1898 naturae,
1017 1831 1056 1882 ut
1072 1836 1159 1882 mare
1180 1831 1237 1882 aut
1256 1817 1326 1900 ejus
1347 1835 1443 1882 usum
1464 1815 1555 1898 quis-

380 1945 477 2006 quam
508 1926 625 1990 habeat
654 1925 717 1992 sibi
750 1927 940 2011 proprium,
974 1942 1012 1993 ut
1038 1930 1104 2013 jam
1136 1928 1215 1996 satis
1246 1926 1554 1994 demonstravimus.

379 2035 464 2100 Cum
496 2036 638 2118 denique
666 2038 722 2122 jus
753 2057 849 2104 suum
882 2038 1011 2104 auferre
1041 2039 1139 2105 alicui
1169 2040 1253 2122 Papa
1275 2037 1407 2104 minime
1428 2038 1554 2122 possit,

378 2147 543 2229 quaeerit
564 2147 641 2212 facti
662 2148 759 2214 istius
780 2149 945 2229 defensi0,
972 2150 1002 2216 si
1025 2165 1075 2217 tot
1094 2152 1237 2234 populos
1260 2151 1484 2230 immerentes,
1506 2149 1554 2214 in-

377 2259 569 2340 demnatos,
602 2259 756 2358 innoxios
788 2263 828 2326 ab
862 2282 899 2327 eo
927 2264 1025 2347 Jure,
1057 2263 1148 2345 quod
1176 2263 1216 2328 ad
1246 2262 1336 2344 ipsos
1358 2281 1424 2327 non
1446 2261 1555 2328 minus

378 2390 474 2453 quam
504 2371 544 2435 ad
572 2371 739 2454 Hispanos
769 2372 975 2456 pertinebat,
1000 2392 1067 2439 uno
1100 2375 1202 2440 verbo
1222 2373 1331 2440 voluit
1354 2371 1551 2438 excludere?

377 2483 451 2547 Aut
480 2482 581 2567 igitur
612 2483 785 2548 dicendum
813 2499 885 2564 est,
908 2485 1031 2550 nullam
1052 2504 1121 2551 esse
1140 2483 1208 2550 vim
1228 2483 1389 2568 ejusmodi
1408 2503 1554 2566 pronun·

377 2593 524 2660 tiationis
554 2608 633 2674 aut,
659 2594 749 2676 quod
779 2613 845 2659 non
877 2595 986 2662 minus
1009 2595 1164 2661 credibile
1187 2610 1258 2676 est,
1282 2614 1356 2660 eum
1382 2593 1554 2660 Pontificis

377 2703 520 2770 animum
551 2703 679 2785 fuisse,
714 2721 752 2771 ut
782 2706 1041 2773 Castellanorum
1076 2721 1108 2772 et
1140 2705 1374 2772 Lusitanorum
1406 2705 1492 2770 inter
1518 2725 1553 2770 se

377 2815 545 2882 certamini
575 2816 789 2883 intercessum
812 2806 979 2900 voluerit,
1003 2817 1142 2884 aliorum
1171 2831 1278 2882 autem
1306 2817 1373 2901 juri
1394 2816 1477 2882 nihil
1499 2817 1554 2882 de·

376 2927 553 2994 minutum.

419 3039 583 3104 Ultimum
606 3038 791 3120 iniquitatis
811 3037 1028 3122 patrocinium
1050 3040 1083 3104 in
1101 3039 1357 3124 praescriptione
1378 3041 1463 3106 solet
1485 3059 1553 3104 esse

377 3166 433 3216 aut
455 3149 703 3217 consuetudine.
749 3149 796 3216 Et
825 3152 890 3217 huc
922 3151 1023 3236 igitur
1044 3152 1197 3218 Lusitani
1221 3172 1255 3216 se
1280 3150 1471 3218 conferunt:
1496 3150 1554 3216 sed

376 3275 553 3344 utrumque
583 3261 648 3326 iliis
681 3261 879 3344 praesidium
911 3262 1092 3329 certissima
1121 3262 1206 3348 iuris
1243 3262 1325 3328 ratio
1360 3261 1552 3344 praecludit.

376 3373 463 3438 Nam
493 3373 706 3456 praescriptio
730 3393 747 3438 a
767 3375 841 3458 jure
870 3388 920 3440 est
949 3373 1064 3456 civili,
1089 3375 1177 3440 unde
1202 3377 1312 3440 locum
1336 3374 1455 3439 habere
1485 3381 1565 3436 non'

375 3499 485 3567 potest
514 3483 599 3549 inter
629 3504 721 3568 reges
752 3499 810 3550 aut
841 3484 926 3550 inter
951 3487 1093 3568 populos
1115 3485 1235 3551 liberos
1257 3483 1290 3549 ²:
1314 3487 1419 3550 multo
1443 3498 1550 3550 autem

376 3595 483 3661 minus
510 3595 568 3660 ubi
593 3597 648 3680 jus
674 3610 810 3661 naturae
833 3609 890 3661 aut
914 3595 1060 3680 gentium
1082 3595 1228 3678 resistit,
1253 3597 1345 3679 quod
1362 3598 1435 3681 jure
1460 3595 1551 3660 civili

376 3726 503 3791 semper
529 3707 671 3773 validius
694 3721 753 3773 est.
798 3706 890 3794 Quin
914 3706 1037 3790 etipsa
1060 3709 1112 3773 lex
1133 3707 1241 3774 civilis
1263 3705 1550 3790 praescriptionem

272 3809 278 3812 ’
376 3819 430 3885 hic
460 3818 596 3903 impedit
624 3826 646 3885 ⁸.
692 3819 840 3902 Usucapi
863 3818 948 3885 enim
969 3833 1025 3885 aut
1048 3821 1305 3904 praescriptione
1327 3816 1452 3900 acquiri
1475 3837 1552 3899 pro-

375 3932 553 4012 hibentur,
586 3951 670 4015 quae
700 3929 854 3997 inbonis
881 3949 952 3997 esse
983 3949 1050 3996 non
1082 3947 1223 4015 possunt
1253 3929 1284 3996 ⁴:
1322 3930 1438 3996 deinde
1467 3948 1550 4010 quae

382 4171 564 4184 ——-...-—.

409 4323 416 4355 ¹
435 4324 496 4372 Silv.
521 4323 547 4371 in
572 4339 598 4372 v.
622 4326 696 4384 Papa.
720 4337 745 4371 n.
767 4325 804 4372 16.
840 4323 945 4385 ²Vasq.
964 4338 987 4373 c.
1007 4338 1046 4382 st.
1081 4325 1211 4374 ³Donell.
1229 4328 1246 4373 1.
1266 4337 1288 4380 5.
1307 4327 1406 4373 Comm.
1425 4339 1447 4373 c.
1467 4339 1506 4372 22.
1524 4337 1548 4372 et

374 4427 427 4474 seq.
461 4412 471 4444 ⁴
496 4418 513 4463 l.
538 4417 584 4464 sed
608 4417 705 4478 Celsus.
730 4417 756 4464 ff.
780 4418 811 4464 de
836 4429 905 4465 conr.
933 4430 992 4465 emt.
1012 4418 1055 4478 [D.
1077 4421 1114 4465 18.
1135 4431 1155 4466 1.
1174 4417 1209 4480 6.]
1230 4419 1247 4464 l.
1265 4417 1456 4476 usucapionem.
1474 4417 1500 4463 ff.
1518 4417 1548 4464 de

373 4516 476 4566 usucap.
504 4505 547 4570 [D.
569 4520 610 4566 41.
636 4519 658 4563 3.
682 4507 718 4567 9.]
