3546 5654
519 639 565 684 DE
588 637 682 704 JURE
708 637 896 682 PRAEDAE.
922 637 1004 682 cAP.
1030 637 1096 683 XII.
1336 637 1397 700 239

225 806 271 857 est
293 807 354 858 aut
379 813 444 857 esse
457 805 565 878 potest
585 792 728 856 humano
747 791 892 876 generi,
906 804 1150 876 praeterquam
1171 789 1283 875 quoad
1304 813 1397 856 usum

224 925 432 968 communem.
480 903 665 967 Praeterea
681 955 683 958 .
698 899 737 965 de
753 901 838 984 jure
859 900 1018 965 naturali
1046 915 1077 966 et
1107 899 1220 965 diuino
1243 912 1289 962 est
1311 899 1401 966 illud

220 1028 459 1099 praeceptum,
485 1027 522 1077 ut
547 1013 636 1097 quod
657 1013 722 1076 tibi
742 1033 806 1075 non
825 1015 912 1090 uis,
937 1010 1043 1076 alteri
1065 1032 1130 1075 non
1148 1009 1289 1094 facias:
1314 1011 1399 1076 unde

224 1145 297 1186 cum
319 1127 495 1208 nauigatio
517 1125 641 1186 nemini
656 1124 762 1205 possit
783 1105 848 1206 esse
865 1125 1007 1200 nociva,
1028 1123 1094 1184 nisi
1114 1124 1179 1206 ipsi
1197 1125 1398 1206 naviganti,

221 1247 290 1316 por
322 1246 370 1297 est
403 1246 441 1296 ιιι
475 1253 496 1296 a
529 1234 656 1296 nemine
682 1234 787 1315 possit
819 1243 880 1295 aut
903 1229 1018 1296 debeat
1041 1230 1222 1316 impediri,
1246 1253 1285 1295 ne
1303 1234 1339 1294 in
1363 1252 1400 1296 re

227 1346 279 1405 sui
310 1350 440 1406 n'atura
472 1341 580 1405 libera
609 1341 737 1425 sibique
758 1343 890 1404 minime
914 1343 1017 1404 nonin
1036 1321 1276 1426 nauigantium
1299 1341 1399 1406 liber·

226 1465 330 1516 tatem
350 1451 510 1536 impediat
529 1465 559 1515 et
581 1450 697 1516 laedat
719 1464 840 1516 contra
858 1451 983 1517 dictum
996 1465 1211 1538 praeceptum
1232 1467 1263 1516 et
1279 1466 1399 1516 contro

226 1563 378 1648 regulam
392 1567 421 1642 ¹,
433 1565 637 1648 praesertim
655 1583 729 1626 curn
749 1565 859 1626 omnio
877 1562 1120 1648 intelligantur
1138 1583 1203 1627 csse
1214 1567 1398 1648 permissa,

226 1693 312 1757 quae
334 1694 398 1736 non
427 1675 649 1758 reperiuntur
678 1675 857 1758 expressim
875 1674 1052 1756 prohibita
1071 1672 1094 1739 ².
1151 1669 1305 1755 Quinimo
1335 1695 1399 1738 non

225 1783 328 1847 solum
351 1784 546 1867 contrusus
577 1783 739 1848 naturale
762 1797 865 1864 essct,
889 1783 972 1851 nelle
993 1783 1154 1869 impedire
1181 1785 1281 1850 talem
1302 1790 1399 1853 naui-

220 1897 389 1980 gationem
404 1907 591 1978 praetextu
601 1897 904 1979 praescriptionis,
928 1917 1001 1959 cum
1014 1895 1207 1980 impedienti
1217 1897 1256 1962 iol
1266 1900 1399 1962 minime

217 2008 328 2090 prosit
339 2016 369 2068 et
379 2005 534 2090 impedito
545 2017 682 2084 noceat,
705 2004 763 2069 sed
772 2009 873 2070 etiarn
886 2019 1037 2070 tenemur
1048 2002 1397 2087 contrariomfacere,

223 2118 281 2180 boc
305 2128 352 2179 est
369 2115 523 2199 prodesse
555 2118 621 2194 iis,
646 2114 765 2198 quibus
790 2130 986 2200 possumus,
1010 2136 1082 2180 cum
1114 2115 1153 2180 id
1179 2119 1250 2178 sinc
1278 2113 1397 2178 damno

224 2239 336 2296 nostro
352 2223 431 2308 fieri
445 2238 564 2310 potest.
588 2225 691 2311 Quod
711 2244 787 2290 cum
804 2225 917 2290 multis
936 2225 1186 2291 auctoritatibus
1199 2239 1264 2287 tam
1277 2223 1398 2288 divinis

225 2355 323 2415 quam
345 2335 497 2400 humanis
516 2334 759 2415 confirmasset,
779 2335 953 2418 subjungit
975 2349 1101 2418 postea:
1138 2335 1196 2399 Ex
1217 2338 1398 2419 superiori-

224 2446 283 2510 bus
305 2448 407 2510 etiam
430 2458 574 2531 apparet
593 2459 775 2530 suspectam
795 2465 860 2510 esse
871 2449 1069 2510 sententiam
1086 2447 1254 2533 Jobannis
1268 2445 1397 2524 Fabri,

225 2554 372 2643 Angeli,
406 2556 509 2622 Baldi
541 2570 572 2621 et
605 2556 783 2622 Francisci
814 2556 933 2638 Balbi,
968 2577 1046 2642 quos
1068 2571 1172 2642 supra
1197 2557 1398 2636 retulimus,

225 2671 495 2733 existimantium
520 2668 592 2732 loca
604 2669 700 2752 juris
716 2670 867 2753 gentium
880 2670 1086 2750 eommunia,
1108 2671 1169 2732 etsi
1182 2670 1319 2752 acquiri
1334 2687 1398 2731 non

219 2792 358 2865 possunt
386 2781 678 2864 praescriptione,
703 2792 796 2862 posse
828 2791 938 2842 tanen
970 2781 1107 2862 acquiri
1140 2776 1397 2855 consuetudine,-

225 2889 313 2975 quod
343 2893 471 2955 omuino
496 2888 629 2973 salsum
653 2901 701 2953 est
724 2908 826 2973 eaque
847 2887 992 2954 traditio
1020 2909 1119 2954 caeca
1142 2902 1174 2953 et
1204 2887 1321 2952 nubilo
1351 2900 1397 2951 est

225 3004 376 3086 omnique
408 3003 553 3064 rationis
587 2999 711 3065 lumine
735 3019 876 3078 carens,
901 2999 1066 3086 legemque
1088 3000 1196 3067 uerbis
1217 3019 1281 3064 non
1302 2998 1397 3076 rebus

224 3115 389 3196 imponens
412 3111 438 3178 ³.
485 3112 526 3175 In
557 3109 713 3195 exemplis
745 3114 830 3176 enim
852 3110 892 3175 ele
914 3112 1006 3174 mari
1026 3110 1274 3196 Hispanorum,
1297 3108 1399 3173 Lusi·

224 3234 406 3304 tonorum,
431 3222 656 3302 Venetorum,
682 3220 929 3302 Geaucnsium,
952 3221 1158 3306 reliquorum
1179 3235 1309 3288 constat
1324 3243 1398 3287 con-

224 3333 398 3400 suetudine
420 3335 480 3418 jus
514 3332 583 3398 tale
612 3332 801 3418 navigandi
832 3346 864 3398 et
895 3332 979 3398 alios
1011 3335 1177 3420 aurigare
1198 3332 1399 3419 probibendi
1473 3368 1475 3372 .

224 3466 287 3510 non
309 3449 415 3532 magis
434 3447 592 3529 acquiri,
605 3465 706 3529 quam
722 3447 999 3530 praescriptione.
1025 3445 1175 3530 Utroque
1194 3448 1279 3510 euim
1298 3466 1396 3526 casu,

225 3570 263 3620 ut
278 3569 399 3640 patet,
419 3570 490 3641 par
507 3569 553 3622 est
576 3559 667 3648 ratio
689 3553 724 3637 ⁴,
744 3569 776 3620 et
796 3559 878 3641 quio
890 3571 954 3642 per
964 3557 1054 3642 jura
1076 3569 1107 3621 et
1127 3559 1274 3621 rationes
1292 3571 1398 3641 supra

225 3667 352 3733 relatas
384 3665 423 3732 id
452 3681 543 3736 esset,
564 3680 684 3732 contra
716 3666 910 3733 naturalem
943 3670 1177 3752 aequitatem,
1211 3687 1267 3732 nec
1290 3666 1396 3732 ullam

224 3835 420 3846 -n-—m-n—-u-—n

258 3921 266 3954 ¹
285 3925 302 3970 1.
320 3921 424 3971 libertas
442 3921 468 3969 ff.
484 3923 515 3970 de
534 3931 600 3968 statu
617 3924 686 3970 hom.
705 3923 748 3983 [D.
769 3936 790 3970 1.
809 3936 832 3978 5.
850 3921 887 3985 4.]
907 3925 928 3980 §-
947 3921 1061 3971 libertas.
1078 3923 1139 3970 Inst.
1156 3925 1187 3970 de
1205 3920 1261 3979 jure
1278 3937 1345 3983 pers.
1365 3923 1397 3984 [I.

227 4027 248 4062 1.
267 4027 290 4072 3.
308 4015 329 4075 ᾗ.
351 4013 386 4077 1.]
406 4015 423 4062 l.
448 4026 469 4060 1.
486 4024 511 4060 et
528 4027 552 4061 ι.
570 4013 596 4062 ff.
613 4015 645 4062 de
661 4015 731 4060 hom.
748 4013 794 4060 lib.
812 4013 966 4062 exhibendo.
995 4011 1038 4076 [D.
1065 4025 1107 4074 43.
1133 4011 1184 4076 29.]
1214 4015 1230 4059 l.
1257 4026 1279 4060 ι.
1295 4017 1316 4072 5.
1333 4027 1397 4074 quae

224 4107 375 4154 onerandae.
399 4104 425 4152 ff.
451 4117 522 4162 quor.
547 4117 596 4151 rer.
612 4103 682 4152 actio
701 4117 753 4151 non
770 4105 852 4152 detur.
872 4102 917 4165 [D.
935 4117 976 4166 44.
997 4117 1020 4159 5.
1042 4117 1062 4151 1.
1081 4107 1103 4160 §.
1121 4103 1159 4164 5].
1176 4106 1193 4150 l.
1207 4103 1228 4152 si
1247 4105 1357 4162 quando,
1375 4107 1397 4162 ξ.

223 4194 287 4244 illud
305 4195 378 4243 verb.
397 4194 581 4254 astringendos.
600 4195 629 4242 C.
648 4196 679 4242 de
697 4193 791 4242 inoffic.
811 4206 867 4242 test.
888 4192 931 4256 [C.
952 4206 975 4252 3.
994 4197 1034 4242 28.
1051 4206 1090 4250 35.
1109 4196 1132 4251 §-
1154 4193 1187 4254 1.]
1223 4191 1268 4240 ²1.
1284 4208 1332 4241 nec
1345 4207 1397 4242 non

224 4289 246 4344 §-
268 4288 339 4345 quod
363 4285 427 4343 ejus.
450 4285 476 4333 ff.
501 4299 533 4333 ex
561 4284 631 4344 quib.
654 4298 722 4334 caus.
745 4283 835 4341 major.
861 4285 905 4346 [D.
931 4298 956 4346 4.
977 4285 1001 4333 6.
1020 4288 1059 4334 28.
1077 4286 1098 4346 ς.
1116 4286 1151 4347 2.]
1171 4287 1188 4332 l.
1206 4296 1298 4334 statuas
1316 4287 1346 4332 C.
1366 4287 1397 4332 de

224 4375 361 4434 religiosis.
389 4376 431 4437 [C.
457 4388 480 4433 ³·
505 4388 546 4436 44.
572 4377 608 4437 7.]
643 4373 654 4407 ³
681 4387 771 4424 contra
789 4378 807 4424 1.
827 4390 850 4424 2.
869 4390 927 4424 curn
943 4376 1060 4436 vulgatis.
1079 4378 1108 4424 C.
1127 4390 1219 4425 comm.
1236 4379 1268 4424 de
1286 4378 1334 4435 leg.
1355 4377 1397 4438 [C.

225 4467 249 4513 6.
268 4465 322 4527 44.]
358 4465 369 4496 ⁴
387 4477 476 4513 contra
495 4469 512 4512 l.
531 4466 603 4515 illud.
621 4467 646 4514 ff.
662 4469 693 4515 ad
711 4469 728 4514 l.
748 4467 834 4527 Aquil.
858 4466 900 4530 [D.
921 4481 944 4528 9.
964 4481 986 4514 2.
1006 4466 1059 4529 32]
