3530 5656
558 664 731 736 ‚DuJURE
757 664 939 714 PRAEDAE.
964 668 1045 718 CAP.
1070 669 1110 719 11.
1383 667 1422 732 17

251 845 323 889 um:
347 821 425 906 quia
447 841 577 888 necesse
598 835 671 904 est,
694 821 723 886 si
746 841 858 890 omnes
878 822 961 889 bene
983 821 1127 906 faciant,
1150 821 1310 890 neminem
1341 825 1423 890 male

250 935 328 1020 pati.
375 934 421 999 Hi
441 947 519 1001 sunt
539 949 605 1000 tres
626 932 728 1014 fines,
753 954 838 1017 quos
861 935 984 1001 Seneca
1003 939 1014 978 1
1038 935 1119 1002 dicit
1140 937 1243 1020 legem
1278 949 1421 1002 secutam

251 1048 284 1114 in
314 1045 522 1113 vindicandis
552 1044 700 1132 injuriis:
733 1046 792 1129 qui
821 1047 1014 1130 plerumque
1037 1062 1259 1130 concurrunt,
1283 1046 1329 1112 ita
1350 1047 1424 1130 qui·

252 1161 324 1227 dem
345 1174 383 1225 ut
401 1156 561 1225 Platonici
585 1153 596 1190 ²
618 1159 713 1225 etiam
735 1158 850 1224 ultima
869 1158 1032 1242 supplicia
1054 1159 1249 1226 nocentibus
1271 1159 1425 1242 prodesse

253 1270 494 1354 quodammodo
516 1270 642 1354 velint,
667 1271 799 1352 quando
818 1270 995 1355 deploratis
1018 1271 1158 1357 ingeniis
1177 1290 1243 1337 non
1264 1271 1353 1336 aliud
1374 1291 1424 1336 re-

252 1383 395 1449 medium
418 1382 471 1449 sit.
515 1380 731 1449 Verissimum
753 1381 854 1467 igitur
875 1403 944 1450 esse
966 1397 1098 1466 apparet
1118 1381 1265 1449 Platonis
1288 1381 1300 1416 ⁸
1319 1382 1425 1465 illud,

252 1501 284 1564 oti
306 1501 365 1580 γὰρ
386 1495 435 1563 ἐπὶ
458 1498 536 1578 κακῷ
559 1498 621 1573 δίκη
643 1497 779 1575 γίγνεται
802 1498 940 1577 οὐδεμία,
958 1507 1100 1581 propter
1120 1494 1244 1558 malurn
1266 1492 1364 1561 nulla
1381 1491 1424 1577 fit

246 1607 341 1691 juris
363 1603 618 1672 animaduersio.
664 1604 767 1693 Quod
787 1605 983 1672 Scholastici
1006 1606 1018 1644 ⁴
1038 1604 1207 1686 dixerant,
1231 1625 1295 1670 reon
1314 1603 1427 1670 debere

255 1721 291 1782 in
324 1715 411 1783 malo
445 1717 641 1803 cujusquam
674 1719 899 1801 conquiescere
930 1715 1116 1782 ulciscentis
1151 1719 1311 1783 animum.
1358 1715 1426 1803 Qui

254 1843 339 1894 recte
359 1827 555 1910 ulciscitur,
580 1827 714 1894 doctore
735 1827 857 1894 Seneca
880 1823 913 1906 ⁵,
936 1847 1072 1910 poenam
1097 1827 1223 1913 exigit,
1248 1831 1427 1914 conipsius

250 1955 374 2027 poenae
403 1938 545 2022 aridus,
573 1938 630 2005 sed
652 1943 733 2026 quia
758 1951 908 2027 oportet:
930 1960 994 2003 non
1015 1943 1112 2025 quasi
1135 1938 1230 2006 dulce
1252 1942 1296 2005 sit
1318 1938 1428 2008 uindi-

255 2055 349 2134 cari,
371 2050 428 2117 scd
444 2054 542 2136 quasi
552 2050 657 2115 utile:
679 2072 743 2116 non
754 2054 939 2134 irascitur,
961 2050 1018 2117 scd
1026 2065 1121 2119 caret
1133 2073 1146 2116 .·
1162 2056 1427 2139 nonprceterit'a

255 2167 428 2241 intuetur,
461 2179 546 2249 quae
570 2166 725 2230 reuocari
746 2184 810 2227 non
828 2176 989 2249 possunt,
1011 2162 1067 2229 sed
1075 2162 1230 2248 futura,
1254 2176 1439 2250 quaepos-1

257 2287 334 2340 sunt
359 2274 556 2360 prohiberi,
590 2289 622 2340 et
652 2288 691 2340 ut
718 2275 811 2341 Plato
834 2272 846 2307 ⁶
870 2273 995 2340 dixerat
1022 2292 1089 2340 non
1112 2273 1187 2341 ideo
1209 2274 1327 2357 punit,
1351 2273 1429 2357 quia

256 2400 424 2469 peccatum
451 2400 523 2468 est,
547 2387 669 2453 sedne
695 2400 862 2469 peccetur.
908 2383 951 2451 Et
972 2387 1051 2451 haec
1073 2385 1204 2468 quidem
1228 2385 1268 2452 de
1289 2385 1429 2470 poenis,

257 2513 346 2582 parte
377 2497 457 2563 adeo
479 2497 683 2580 necessaria,
708 2512 745 2563 ut
768 2497 894 2564 fuerint
915 2502 928 2544 ⁷
950 2497 1009 2581 qui
1025 2495 1186 2581 justitiam
1209 2495 1431 2563 describerent

255 2611 393 2694 τιμωρίας
424 2613 583 2688 ἀπαίτησιν
615 2613 696 2693 παρὰ
729 2617 784 2679 τῶν
817 2611 1055 2694 rependendam,
1078 2624 1203 2694 poenae
1224 2613 1429 2673 exactionem

258 2722 299 2786 ab
322 2723 396 2804 his,
432 2723 490 2807 qui
518 2723 650 2805 priores
673 2721 836 2805 injuriam
848 2720 1023 2804 fecerunt.
1071 2719 1147 2784 Huc
1170 2719 1335 2801 pertinent
1355 2719 1429 2785 illae

258 2834 341 2917 juris
374 2831 570 2898 sententiae:
605 2831 685 2894 Non
714 2829 829 2896 debere
851 2830 937 2896 male
948 2829 1050 2914 facta
1069 2850 1133 2896 esse
1152 2833 1342 2915 impunita:
1366 2851 1430 2894 non

259 2943 496 3031 indulgendum
525 2943 678 3022 malitiae
704 2944 891 3024 hominum,
914 2956 947 3008 et
980 2939 1040 3006 alia
1072 2942 1144 3025 ejus
1177 2940 1314 3024 generis.
1358 2940 1431 3006 Lex

258 3069 366 3122 autem
384 3056 481 3120 altera
503 3055 543 3120 de
563 3053 740 3120 benefactis
759 3051 1008 3137 compensandis
1028 3071 1094 3118 non
1106 3050 1215 3118 minus
1226 3049 1429 3119 manifestam

259 3167 356 3233 habet
377 3165 585 3249 aequitatem.
631 3167 817 3249 Xenophon
840 3167 867 3230 ⁸:
899 3169 930 3235 cl
946 3169 995 3242 iia
1017 3169 1083 3241 τοὺς
1103 3165 1137 3232 εὖ
1158 3171 1306 3245 ποιοῦντας
1328 3171 1432 3234 ciarev·

258 3290 383 3363 εργετεῖν
415 3283 446 3348 cri
477 3284 633 3363 πανταχοῦ
664 3279 782 3361 νόμιμόν
809 3281 894 3353 ·ε’στι;
926 3280 1062 3359 νόμιμον,
1096 3275 1165 3362 ἔφη.
1222 3270 1342 3357 Quid?
1380 3276 1431 3340 his

261 3393 319 3474 qui
353 3390 429 3453 bene
463 3392 577 3453 meriti
610 3387 648 3454 dc
676 3390 766 3454 nobis
788 3402 866 3454 sunt
886 3389 962 3464 berte
983 3389 1127 3455 uicissim
1150 3387 1293 3470 facere,
1327 3407 1431 3451 nonne

250 3502 310 3585 jus
335 3501 454 3585 ubique
476 3514 650 3565 terrarum
671 3502 748 3566 est?
770 3500 835 3565 Est
855 3521 951 3580 sane,
975 3501 1097 3583 inquit.
1129 3495 1431 3581 Eltjurisconsulti⁰

259 3615 326 3695 πρὸς
347 3616 507 3695 aniame,
524 3610 579 3677 cd
599 3610 902 3692 remunerandum,
926 3611 1104 3676 naturalem
1128 3629 1198 3676 esse
1213 3609 1333 3675 volunt
1348 3607 1433 3674 obli-

261 3721 422 3806 gationem
437 3736 468 3787 et
477 3737 592 3787 natura
603 3722 755 3806 iniquum
767 3743 856 3803 esse,
867 3737 905 3788 ut
912 3723 1132 3805 locupletetur
1144 3720 1319 3804 quisquam
1331 3720 1433 3786 aliena

255 3833 381 3917 jactura
408 3848 442 3899 et
473 3854 569 3901 suum
596 3833 694 3899 alicui
716 3832 909 3900 beneficium
931 3833 1122 3900 damnosum
1145 3831 1205 3897 sit:
1240 3832 1363 3898 Seneca
1386 3832 1433 3897 ¹⁰:

189 4143 192 4148 ·
295 4115 353 4166 ¹de
377 4119 450 4166 clem.
473 4118 490 4164 l.
516 4130 538 4166 1.
564 4130 587 4166 c.
614 4130 654 4167 aa.
689 4113 700 4148 ¹
725 4117 796 4164 Plato
822 4117 855 4164 de
880 4127 933 4175 rep.
958 4116 976 4162 l.
995 4125 1017 4172 3.
1037 4113 1074 4176 [p.
1091 4126 1149 4175 410.
1172 4113 1206 4175 a]
1225 4113 1299 4173 Apul.
1318 4113 1349 4163 de
1371 4112 1434 4173 phil.

260 4208 322 4256 Plat.
350 4208 417 4271 [vol.
442 4221 465 4256 a.
490 4221 516 4268 p.
544 4207 612 4270 24⁵·]
640 4209 695 4255 Sen.
721 4207 753 4255 de
778 4205 815 4254 ira
837 4208 855 4254 l.
881 4219 903 4254 r.
928 4218 951 4254 c.
977 4217 999 4261 5.
1034 4203 1045 4236 ³
1069 4206 1100 4254 de
1117 4206 1165 4265 leg.
1183 4205 1200 4252 1.
1219 4218 1243 4267 9.
1263 4204 1301 4266 [p.
1320 4206 1376 4265 ⁸⁵4·
1393 4204 1432 4266 d.]

259 4298 378 4347 ⁴Tlrom.
404 4313 426 4348 a.
450 4313 474 4348 o.
497 4313 522 4360 q.
551 4300 605 4349 108.
630 4298 691 4348 Silv.
709 4297 736 4346 in
758 4312 784 4347 v.
806 4295 933 4346 Vindicta.
967 4296 978 4328 ⁵
1001 4298 1033 4346 de
1058 4295 1435 4357 ira.l.1.c.9.l.o.c.sa.

261 4391 285 4438 d.
317 4391 335 4438 l.
368 4402 390 4439 c.
425 4402 465 4449 ει.
490 4392 508 4438 l.
537 4393 607 4439 1.’c.
636 4389 674 4444 16.
716 4389 728 4422 ⁶
753 4390 822 4437 Prot.
848 4388 886 4452 [p.
913 4400 969 4449 324.
989 4387 1026 4449 b.]
1073 4384 1084 4420 ⁷
1109 4386 1203 4436 Hieran
1232 4399 1273 4446 ap.
1299 4386 1368 4435 stob.
1396 4387 1436 4449 [in

260 4479 336 4528 floril.
364 4483 381 4528 l.
408 4495 432 4543 9.
457 4494 482 4529 n.
509 4483 548 4537 58.
571 4480 599 4529 in
621 4479 692 4542 fine]
728 4479 860 4529 ⁸Comm.
886 4481 902 4528 l.
920 4492 945 4541 4.
965 4479 1001 4541 [c.
1018 4493 1043 4542 4.
1060 4478 1073 4540 ς
1092 4477 1145 4540 24]
1180 4476 1288 4526 ⁹1.sed
1306 4477 1353 4528 etsi
1372 4480 1436 4540 lege.

258 4571 280 4632 ς.
299 4570 436 4619 consuluit.
453 4570 479 4619 ff.
497 4573 528 4628 de
544 4582 598 4631 pet.
614 4573 682 4630 haer.
701 4571 745 4634 [D.
764 4583 787 4628 5.
805 4583 829 4630 3.
847 4570 984 4632 as.§11.]
1021 4567 1043 4602 ¹⁰
1060 4571 1092 4619 de
1108 4569 1192 4622 benef.
1210 4570 1229 4618 l.
1249 4581 1272 4627 3.
1288 4581 1311 4618 c.
1327 4582 1370 4633 14
