3536 5692
710 657 918 702 nocuusuna
1339 657 1396 718 355

221 830 398 890 vendidere:
420 829 579 904 regalibus,
601 845 674 903 quos
695 847 750 905 pro
770 831 854 888 armis
875 842 1063 906 acceperant,
1084 829 1120 889 ad
1144 831 1314 890 commercia
1334 843 1397 889 ute·

219 934 334 992 bantur.
377 935 472 992 Etiam
505 935 670 991 societatem
693 944 722 992 et
743 935 901 992 amicitiam
923 935 1056 993 fecerunt
1079 951 1146 994 curn
1169 950 1235 1009 rege
1259 932 1397 993 Sundano

219 1050 248 1096 et
271 1037 471 1110 Principibus,
492 1047 522 1094 et
543 1053 621 1110 spem
643 1037 700 1094 illis
721 1047 857 1096 crearunt
879 1038 959 1108 fore,
979 1048 1013 1096 ut
1026 1038 1158 1095 similiter
1170 1038 1303 1096 omnibus
1315 1039 1397 1096 annis

219 1142 444 1214 negotiationem
483 1141 707 1198 continuarent:
746 1138 826 1213 quod
864 1142 974 1198 utinam
1015 1144 1092 1200 Deus
1131 1157 1167 1199 ne
1205 1143 1239 1198 iis
1279 1142 1397 1215 permit·

219 1254 282 1302 tere
304 1245 385 1304 velit.

258 1349 303 1404 De
325 1346 447 1404 navibus
469 1363 538 1419 quas
559 1343 623 1403 dixi
645 1343 761 1416 decem,
783 1348 853 1404 aliae
875 1345 948 1404 duae
969 1363 1033 1403 oras
1051 1345 1137 1419 Javae
1156 1347 1397 1420 septentrionales

219 1452 364 1523 legentes,
395 1460 540 1507 venerunt
568 1448 603 1506 ad
624 1460 716 1505 castra
738 1450 889 1507 Ambonae
911 1460 940 1508 et
963 1451 1084 1507 insulam
1118 1450 1242 1520 Hitum‚
1272 1449 1399 1523 indeque

219 1553 414 1626 caryophyllis
435 1563 555 1609 onustae
572 1552 719 1625 profectae
741 1564 824 1620 sunt,
846 1570 901 1611 nec
923 1552 958 1610 ad
979 1553 1058 1612 hunc
1079 1551 1155 1610 diem
1172 1555 1296 1623 scimus,
1317 1552 1397 1627 quod

219 1656 276 1714 iter
297 1654 414 1713 domurn
436 1655 628 1728 susceperint.
659 1657 703 1713 De
724 1654 824 1713 iisdem
840 1657 961 1714 navibus
973 1657 1043 1714 aliae
1055 1655 1127 1714 duae
1141 1655 1237 1714 Sunda
1248 1657 1397 1729 profectae

219 1757 255 1816 ad
277 1775 341 1816 oras
363 1759 449 1831 Javae
470 1760 708 1831 septentrionales
730 1771 899 1829 verterunt,
920 1758 1045 1833 indeque
1067 1758 1102 1817 ad
1122 1762 1243 1818 insulam
1256 1758 1397 1828 Randam‚

220 1861 271 1919 ubi
304 1861 416 1919 macide
447 1873 477 1919 et
500 1861 623 1920 nucibus
655 1873 775 1920 onustae
808 1875 894 1921 sunt:
926 1863 977 1920 hae
1010 1879 1096 1922 naves
1129 1880 1195 1922 cum
1228 1875 1271 1922 sat
1302 1864 1397 1921 oneris

222 1975 411 2038 acceperant,
433 1964 558 2022 Sundam
580 1977 764 2023 reverterunt
785 1976 815 2023 et
835 1983 912 2023 anno
937 1981 1029 2039 1599,
1050 1983 1145 2024 mense
1157 1968 1308 2040 Augusto,
1329 1964 1398 2024 inde

219 2066 337 2126 domum
370 2084 511 2140 regressae
543 2079 626 2139 sunt:
658 2068 714 2126 hoc
745 2085 822 2125 mare
849 2067 961 2127 dicitur
991 2085 1102 2142 semper
1134 2082 1237 2127 ventos
1271 2070 1396 2128 ferentes

220 2171 335 2229 habere.
378 2171 440 2228 Hae
472 2187 557 2228 naves
590 2170 705 2229 Bandae
737 2172 881 2244 reliquere
911 2173 990 2228 viros
1022 2171 1122 2230 decem
1155 2174 1203 2229 vel
1224 2171 1396 2242 duodecim,

220 2276 273 2348 qui
295 2273 437 2348 indigenis
466 2276 610 2333 amicitiae
631 2285 661 2332 et
682 2275 797 2332 futurae
819 2275 1024 2348 negotiationis
1046 2277 1150 2348 pignus
1171 2287 1275 2333 essent.
1315 2274 1395 2333 Idem

220 2379 315 2436 fecere
336 2379 367 2434 in
390 2379 483 2435 insula
506 2379 598 2448 Hito,
619 2388 652 2435 ut
674 2388 704 2436 et
726 2379 756 2435 in
778 2394 869 2451 regno
890 2379 1005 2436 Balensi
1026 2389 1112 2451 atque
1134 2377 1256 2436 Sundae.

261 2483 307 2539 De
335 2481 456 2540 navibus
485 2480 656 2551 duodecim,
685 2499 758 2554 quae
788 2484 933 2542 ininsula
957 2485 1011 2541 Sti.
1041 2483 1194 2541 Laurentii
1216 2483 1397 2550 hiemarum,

221 2586 295 2644 duae
326 2601 432 2642 venere
454 2585 489 2642 ad
510 2603 589 2644 oram
622 2587 833 2660 Achimensem,
863 2603 959 2645 mense
992 2586 1071 2660 julio
1102 2587 1171 2644 anni
1207 2601 1293 2659 1599.
1335 2586 1397 2643 Hae

221 2705 309 2746 naves
338 2690 441 2756 initio,
469 2706 535 2747 cum
564 2691 687 2764 primum
715 2702 872 2758 venerant,
901 2691 960 2764 regi
993 2691 1151 2748 Achinensi
1173 2691 1239 2748 satis
1263 2699 1398 2762 acceptae

221 2803 321 2861 erant,
342 2793 396 2864 qui
417 2792 502 2849 etiam
524 2793 632 2866 piperis
652 2795 867 2866 aliquantulum
888 2795 923 2851 iis
944 2791 1094 2852 vendidit:
1125 2791 1174 2851 sed
1195 2809 1264 2850 mox
1283 2794 1399 2851 Lusita·

222 2911 327 2954 norum
353 2897 482 2969 aliquot,
510 2897 562 2968 qui
589 2897 646 2955 hoc
676 2908 806 2971 tempore
838 2898 948 2955 Achini
970 2896 1174 2965 morabantur,
1196 2898 1256 2970 regi
1279 2895 1396 2966 dixere,

224 3000 247 3056 si
269 3000 317 3056 has
338 3010 436 3072 gentes
458 2995 496 3076 (i.
516 3016 541 3057 e.
564 2998 726 3058 Hollandos
747 3013 776 3058 et
798 2997 976 3078 Zeelandos)
999 3003 1029 3059 in
1052 3017 1141 3074 regno
1158 3018 1210 3059 suo
1223 3002 1399 3059 commercia

224 3119 359 3161 exercere
386 3114 552 3176 pateretur,
580 3120 639 3161 non
668 3105 730 3161 fore
759 3121 823 3162 eum
849 3105 971 3161 amicum
993 3115 1022 3162 et
1044 3105 1154 3162 socium
1176 3105 1400 3176 Lusitanorum,

224 3218 312 3280 atque
334 3208 373 3265 ita
394 3207 550 3274 convenit,
582 3218 615 3266 ut
648 3224 699 3265 rex
716 3197 895 3265 'Achinensis
923 3206 1014 3266 dictas
1037 3225 1122 3265 naves
1144 3207 1329 3267 incenderet:
1351 3206 1400 3266 sed

226 3321 329 3368 nautae
350 3328 365 3368 a
386 3310 524 3368 ministris
546 3312 631 3383 regiis
654 3308 794 3368 admoniti
817 3311 884 3383 fuga
906 3312 1022 3369 Achino
1037 3329 1102 3369 cum
1116 3312 1237 3370 navibus
1249 3312 1399 3382 abierunt,

225 3425 313 3486 atque
334 3412 406 3471 adeo
427 3429 546 3471 suorum
568 3417 724 3472 nonnullos
746 3415 776 3470 in
798 3413 908 3488 oppido
928 3417 1128 3488 reliquerunt:
1165 3413 1200 3473 de
1222 3417 1327 3489 quibus
1349 3431 1400 3472 rex

226 3515 314 3584 duos,
346 3518 396 3589 qui
429 3518 555 3590 linguam
588 3517 808 3591 Hispaniensem
840 3517 931 3590 probe
963 3518 1122 3586 callebant,
1154 3517 1189 3575 ad
1221 3520 1400 3592 praefectum

227 3621 377 3678 Malaccae
409 3621 496 3678 misit.
537 3621 621 3678 Alter
653 3620 756 3678 borum
788 3632 885 3678 rector
906 3622 987 3678 navis
1009 3633 1070 3678 erat
1091 3622 1293 3690 Lusitanicus‚
1314 3632 1400 3679 natus

228 3723 393 3796 Zuricajae,
432 3740 516 3796 quem
548 3722 688 3781 Hollandi
720 3741 735 3780 e
768 3740 840 3781 nave
872 3724 1043 3782 Brasilee'nsi
1076 3723 1242 3798 abreptum,
1274 3726 1399 3782 invitum

227 3843 324 3884 secum
357 3824 517 3884 duxerant:
549 3828 710 3901 praefectus
742 3827 892 3884 Malaccae
923 3843 971 3884 eos
1003 3828 1081 3884 misit
1112 3825 1148 3884 ad
1177 3843 1344 3901 protegem,
1365 3838 1398 3885 ut

227 3931 352 3988 animum
384 3929 567 3998 adverteret,
598 3929 678 4004 quod
709 3931 739 3988 in
771 3931 825 3988 hac
856 3929 928 3989 urbe
959 3931 1037 4004 capti
1059 3941 1150 3988 erant.
1190 3931 1289 3988 Naves
1310 3928 1399 3998 duae,

228 4050 300 4106 quas
331 4034 447 4091 richino
478 4033 584 4106 fugisse
615 4033 695 4103 dixi,
729 4035 844 4092 Cilaiim
875 4051 975 4091 versus
1007 4034 1160 4092 abierunt:
1189 4035 1280 4108 major
1302 4051 1397 4093 earum

228 4137 378 4211 naufragio
410 4137 497 4210 periit
529 4137 558 4195 in
591 4139 691 4195 littore
723 4139 868 4196 Cilae‘nsi:
898 4137 933 4196 de
954 4140 1044 4196 altera
1065 4155 1124 4196 non
1145 4149 1276 4196 constat:
1298 4136 1347 4196 seu
1367 4154 1400 4195 ea

229 4257 346 4314 quoque
367 4242 518 4314 naufragio
540 4241 657 4315 periisse
678 4240 796 4300 dicitur.
1429 4229 1431 4233 ¹
