3536 5692
526 643 572 690 DE
595 644 688 710 JURE
714 642 900 690 PRAEDAE.
928 643 1008 689 cal).
1033 647 1093 690 XV.
1333 644 1391 704 321

223 794 298 877 quis
330 815 397 862 non
432 795 607 862 admiratus
642 812 692 862 est
725 796 948 879 opulentiam,
984 799 1060 880 quis
1094 817 1160 864 non
1196 798 1394 880 obstupuit,

222 926 330 989 neque
363 906 506 990 privatae
536 907 709 987 fortunae,
737 908 793 974 sed
828 909 921 990 quasi
956 909 1076 994 regiam
1111 909 1223 973 haberi
1257 909 1397 974 credidit

222 1018 436 1084 auctionem?
461 1019 575 1084 Batavi
592 1019 698 1103 justas
715 1019 894 1084 ditescendi
906 1019 1049 1086 rationes
1063 1019 1158 1085 etiam
1173 1022 1212 1084 ab
1225 1020 1395 1098 hostibus,

223 1149 319 1195 usum
352 1130 540 1197 divitiarum
572 1150 590 1194 a
619 1130 799 1215 majoribus
831 1130 901 1195 suis
933 1131 1117 1213 accipiant,
1151 1131 1231 1198 viris
1262 1121 1396 1196 honeste

222 1239 417 1325 frugalibus.
463 1241 620 1325 Optimus
641 1255 749 1306 autem
767 1240 896 1307 fructus
917 1261 1017 1324 opum
1037 1243 1167 1324 positus
1187 1258 1236 1307 est
1255 1243 1289 1308 in
1308 1261 1396 1308 com-

225 1352 316 1417 muni
340 1352 505 1434 utilitate,
531 1373 614 1434 quae
637 1352 778 1435 primum
803 1352 836 1417 iu
859 1352 993 1418 tributis
1013 1368 1045 1418 et
1063 1353 1280 1437 vectigalibus
1303 1356 1396 1420 locu·

226 1464 388 1546 pletandis
411 1463 571 1529 consistit.
596 1464 682 1529 Nam
708 1463 735 1527 si
758 1481 814 1528 rex
827 1463 1004 1546 Hispaniae
1016 1479 1180 1546 proventu
1193 1479 1395 1530 externarum

226 1574 470 1659 navigationum
492 1589 598 1640 toturn
622 1575 732 1639 orbem
750 1594 850 1640 ausus
873 1590 923 1640 est
943 1590 1145 1657 perterrere,
1159 1576 1252 1657 quod
1270 1576 1317 1640 illi
1337 1596 1396 1659 pro

225 1686 447 1752 dominatione
466 1684 564 1751 animi
583 1684 663 1766 fuit,
684 1685 768 1749 idem
786 1684 908 1769 justius
929 1685 1058 1752 Batavis
1079 1686 1140 1751 erit
1158 1706 1217 1768 pro
1238 1686 1397 1754 libertatis

224 1811 257 1862 et
288 1797 376 1862 vitae
410 1798 522 1863 tutela.
569 1797 684 1861 Altera
717 1815 791 1878 pars
825 1795 977 1878 publicae
1011 1796 1164 1862 utilitatis
1198 1812 1269 1879 cst,
1305 1797 1398 1879 quod

223 1926 335 1991 magna
359 1909 455 1973 turba
476 1927 666 1974 numerosae
686 1906 860 1972 admodum
888 1906 1017 1989 plebis,
1040 1922 1238 1974 mercaturae
1261 1923 1318 1974 aut
1340 1928 1397 1973 na-
1478 1893 1485 1904 ’

223 2019 400 2103 vigationis
423 2019 590 2100 ministra,
612 2038 679 2084 non
712 2016 842 2083 aliunde
876 2018 985 2083 alitur.
1032 2018 1105 2083 Fiet
1127 2019 1172 2082 ita
1196 2020 1286 2100 quod
1310 2019 1397 2101 apud

223 2131 414 2213 prophetam
436 2133 444 2166 ¹
466 2145 537 2210 est,
571 2144 610 2195 ut
640 2129 822 2214 negotiatio
847 2142 879 2192 et
902 2143 1059 2208 quaestus
1091 2129 1198 2194 omnis
1221 2129 1295 2194 Deo
1318 2149 1397 2194 con-

223 2256 388 2321 secretur,
420 2259 487 2306 non
511 2239 702 2305 adservatus
724 2259 784 2303 nec
808 2237 1018 2318 reconditus,
1053 2239 1110 2304 sed
1134 2239 1179 2303 ita
1201 2240 1336 2305 habitus
1358 2257 1397 2305 ut

223 2351 297 2432 his,
324 2351 383 2432 qui
405 2351 477 2416 Deo
499 2350 643 2429 vivunt,
666 2349 855 2431 suppeditet
879 2349 1002 2414 victum
1026 2348 1067 2413 ad
1089 2350 1269 2415 satietatem
1291 2370 1396 2432 usque

224 2478 257 2528 et
276 2464 400 2527 cultum
420 2461 643 2527 sufficientem.
690 2460 784 2525 Hanc
804 2459 905 2543 igitur
924 2460 1176 2543 negotiationem
1198 2476 1262 2527 tam
1282 2461 1395 2527 utilem

223 2588 355 2654 tamque
377 2571 587 2637 necessariam
611 2572 758 2653 placetne
782 2570 957 2636 omittere?
1004 2572 1135 2653 Nemo,
1172 2587 1210 2637 ut
1231 2573 1392 2655 arbitror,

224 2683 269 2749 ita
300 2699 421 2749 censet.
466 2681 574 2764 Atqui
608 2681 739 2748 retineri
773 2682 865 2747 aliter
898 2701 965 2748 non
999 2697 1128 2765 potest,
1163 2683 1227 2747 nisi
1261 2685 1393 2748 remotis

223 2795 315 2875 illis,
349 2795 406 2876 qui
441 2794 632 2874 ubicunque
667 2793 732 2858 tuti
766 2807 868 2874 sunt,
903 2793 949 2858 ibi
984 2793 1065 2858 alios
1100 2808 1190 2858 tutos
1225 2814 1294 2859 esse
1328 2815 1394 2860 non

223 2907 354 2973 sinunt:
387 2904 445 2987 qui
476 2905 573 2970 dictis
605 2903 768 2985 factisque
791 2903 986 2987 profitentur
1008 2924 1075 2969 non
1098 2924 1251 2987 passuros
1275 2925 1332 2987 se,
1357 2921 1395 2971 ut

223 3018 308 3082 alius
328 3017 501 3098 quisquam
523 3017 716 3097 Europaeus
736 3015 808 3080 illas
827 3029 926 3080 terras
945 3031 1105 3081 mercatus
1125 3016 1228 3100 gratia
1247 3017 1392 3096 accedat,

223 3129 323 3211 idque
357 3128 449 3193 nullo
480 3128 576 3210 jure,
610 3125 667 3190 scd
698 3125 775 3206 quia
808 3125 1031 3191 introductum
1063 3141 1234 3209 utcunque
1265 3130 1393 3194 lucrum

222 3242 341 3307 nolunt
373 3238 558 3317 dimittere,
596 3238 715 3301 nolunt
747 3236 964 3320 participare3
1003 3239 1094 3318 quod
1127 3254 1165 3304 ut
1199 3240 1393 3321 obtineant,

223 3353 304 3416 clam
336 3351 444 3429 dolis,
477 3350 583 3431 palam
614 3349 701 3413 bello
729 3347 811 3414 nihil
831 3348 1027 3431 relinquunt
1049 3349 1256 3417 intentatum.
1302 3352 1395 3438 Quid

223 3478 330 3528 autem
366 3481 431 3526 non
465 3461 591 3526 credas
610 3460 684 3525 illos
719 3448 876 3542 quaestus
909 3460 962 3526 sui
998 3461 1101 3544 gratia
1132 3460 1300 3545 facturos,
1334 3465 1392 3545 qui

223 3572 439 3651 Castellanis,
464 3571 612 3636 finitimis
634 3571 704 3636 suis
735 3571 839 3636 eidem
871 3572 1030 3657 subjectis
1052 3573 1120 3656 regi
1145 3588 1177 3639 et
1200 3588 1393 3640 tantumnon

223 3683 461 3767 popularibus,
489 3682 522 3746 in
546 3681 641 3748 Sinas
663 3681 752 3746 haud
783 3682 829 3747 ita
861 3681 984 3747 dudum
1018 3683 1180 3764 pervectis
1207 3685 1305 3750 veriti
1329 3705 1395 3750 non

223 3809 300 3861 sunt
323 3792 494 3859 calumniis
518 3791 606 3875 apud
628 3791 771 3876 regionis
790 3790 993 3873 praefectos,
1019 3792 1084 3857 imo
1105 3808 1138 3857 et
1155 3795 1284 3876 pretio,
1310 3815 1395 3861 mor-

223 3921 288 3972 tem
312 3901 504 3970 intendere?
552 3902 597 3965 Et
619 3900 830 3983 perfecissent
849 3901 913 3968 nisi
935 3902 1025 3984 apud
1045 3903 1222 3985 Sinenses,
1247 3908 1395 3973 homines

225 4016 349 4098 alioqui
382 4034 448 4079 non
481 4011 653 4096 religiosos
689 4026 721 4076 ct
753 4027 832 4077 tunc
867 4012 1064 4078 Castellanis
1095 4016 1212 4080 merito
1247 4009 1395 4083 infensos

224 4129 317 4212 (nam
350 4127 459 4192 decem
493 4143 605 4189 eorum
638 4122 739 4187 millia
771 4122 803 4186 in
835 4122 1032 4206 Philippinis
1068 4124 1208 4208 Hispani
1232 4129 1395 4196 occidisse

225 4239 459 4322 dicebantur),
486 4237 560 4318 plus
585 4233 764 4302 valuissent
798 4233 983 4317 supplicum
1015 4251 1047 4301 ct
1089 4237 1256 4319 hospitum
1298 4240 1394 4325 jura,

261 4469 268 4500 ¹
287 4469 381 4517 Esaias.
400 4482 422 4518 c.
443 4481 482 4524 2³·
501 4468 527 4515 in
547 4466 607 4517 fine.
