3536 5692
381 628 441 707 308
682 641 729 687 ou
753 641 847 705 Juun
873 639 1056 686 annuunt.
1082 641 1162 686 cau.
1187 641 1260 685 xtv.

377 799 468 863 velut
490 795 701 862 clandestinis
725 794 919 862 excursibus
941 793 1096 858 hostilem
1120 793 1361 876 possessionem
1385 795 1555 879 irrepunt,

377 907 438 972 alia
457 927 535 974 veto
555 907 717 973 exercitus
737 922 793 972 aut
812 905 925 971 classis
944 904 1065 983 totius,
1090 926 1175 987 quae
1194 908 1298 989 palam
1319 927 1389 973 sese
1409 922 1555 972 ostentat

377 1019 516 1104 figitque
546 1020 638 1104 signa
671 1033 703 1084 et
736 1037 878 1102 pugnam
915 1031 972 1082 aut
1004 1015 1120 1099 incipit
1152 1019 1261 1100 ultro,
1295 1033 1352 1084 aut
1382 1033 1554 1102 provocat.

378 1131 465 1196 Nam
493 1131 543 1196 bis
576 1144 632 1196 aut
664 1129 761 1196 venia
792 1129 820 1194 si
853 1142 981 1208 errent,
1006 1143 1062 1193 aut
1082 1128 1110 1194 si
1127 1129 1248 1212 justam
1270 1150 1397 1196 causam
1420 1129 1556 1196 foveant

378 1242 480 1326 gloria
497 1243 653 1320 debetur,
678 1241 735 1324 qui
756 1241 878 1306 bellum
899 1240 1202 1322 quomodocunque
1220 1241 1354 1307 student
1373 1241 1553 1307 conficere:

377 1354 426 1420 illi
446 1375 525 1422 vero
545 1353 691 1420 omnium
715 1353 787 1418 odia
811 1352 1000 1433 incurrunt,
1025 1352 1083 1434 qui
1107 1351 1231 1418 imbelli
1251 1353 1384 1419 audacia
1404 1355 1553 1436 publicas

378 1467 574 1533 calamitates
604 1466 751 1549 privatos
782 1464 814 1534 in
851 1479 1007 1546 quaestus
1030 1465 1249 1547 protrahunt,
1284 1467 1376 1547 quod
1397 1485 1463 1532 non
1482 1480 1554 1532 tan-

377 1593 447 1644 tum
478 1578 625 1663 justitiae
653 1578 825 1644 adversum
854 1576 1008 1656 videtur,
1035 1576 1093 1641 sed
1120 1592 1152 1641 et
1183 1575 1396 1658 fortitudini,
1424 1578 1464 1643 de
1488 1599 1553 1660 qua

378 1689 500 1756 virtute
530 1689 614 1755 inter
638 1689 802 1773 legitimos
831 1690 941 1753 hostes
963 1687 1182 1753 contenditur.
1229 1688 1321 1754 Haec
1341 1689 1368 1754 si
1393 1690 1433 1754 ad
1460 1690 1554 1756 insti-

379 1815 489 1866 tutum
513 1816 662 1868 nostrum
688 1799 919 1880 conferamus,
941 1798 1088 1882 repetitis
1113 1819 1197 1881 quae
1218 1815 1292 1866 ante
1313 1817 1438 1866 narrata
1457 1817 1553 1882 sunt,
1599 1833 1606 1844 ·

377 1912 587 1995 perspicuum
617 1912 673 1977 fiet
707 1912 886 1978 Lusitanos
918 1925 1135 1976 mercatorum
1170 1911 1277 1993 specie
1305 1933 1370 1977 non
1395 1915 1553 1995 procula

377 2023 493 2106 piratis
510 2023 687 2089 discedere.
714 2023 749 2089 Si
767 2023 850 2088 enim
871 2024 934 2088 hoc
951 2041 1069 2088 nornen
1091 2022 1156 2088 illis
1178 2019 1354 2104 convenit,
1379 2024 1437 2106 qui
1454 2024 1554 2089 maria
1597 2105 1608 2126 ·

379 2135 534 2200 obsident
563 2150 594 2200 et
625 2135 769 2220 gentium
802 2135 992 2200 commercia
1014 2133 1190 2216 infestant,
1214 2155 1253 2199 an
1277 2154 1344 2201 non
1365 2135 1497 2201 venient
1518 2136 1552 2202 in

379 2248 468 2312 hune
496 2266 668 2312 numerum
703 2247 784 2329 qui,
809 2267 883 2312 cum
907 2265 1020 2311 omnes
1049 2247 1191 2329 populos
1214 2246 1431 2330 Europaeos,
1456 2249 1551 2313 etiam

378 2359 412 2424 in
443 2377 528 2441 quos
559 2361 666 2424 nullas
689 2359 766 2424 belli
790 2379 904 2425 causas
925 2359 1069 2438 habent,
1093 2378 1215 2424 oceano
1238 2372 1269 2423 et
1287 2358 1398 2424 Indiae
1422 2379 1553 2426 accessu

378 2492 437 2553 per
461 2471 528 2536 vim
550 2486 703 2551 arceant,
728 2471 812 2536 inter
834 2469 1072 2536 diversissimos
1093 2485 1193 2552 atque
1214 2469 1299 2536 inter
1319 2491 1353 2535 se
1373 2472 1552 2538 contrarios

379 2584 528 2662 colores,
553 2602 639 2664 quos
662 2582 740 2647 huic
765 2580 891 2648 'feritati
915 2581 1121 2664 obtendunt,
1145 2572 1186 2647 ne
1218 2602 1318 2648 unum
1352 2582 1483 2665 quidem
1503 2604 1552 2648 re-

378 2694 533 2776 periunt,
558 2714 656 2775 quem
688 2692 899 2776 aequioribus
922 2693 1009 2775 apud
1038 2712 1072 2757 se
1093 2693 1283 2760 hominibus
1304 2695 1473 2777 potuerint
1495 2715 1552 2778 ap-

377 2806 544 2887 probare?
579 2806 665 2871 Cum
691 2806 792 2890 igitur
816 2805 849 2871 id
873 2825 977 2890 genus
1001 2805 1171 2886 homines,
1197 2806 1290 2870 utin
1321 2826 1416 2872 omne
1437 2806 1552 2872 huma-

378 2937 457 2982 num
490 2937 593 3002 genus
623 2917 828 3002 injuriosos,
862 2932 1055 2983 cunctorum
1089 2936 1260 2983 commune
1291 2917 1405 2984 odium
1439 2919 1552 2984 mereri

378 3028 557 3110 antiquitas
579 3049 706 3112 semper
726 3029 906 3114 judicarit;
932 3049 973 3095 ne
996 3048 1083 3094 nunc
1111 3029 1243 3111 quidem
1267 3028 1356 3110 sint,
1381 3029 1444 3096 nisi
1468 3029 1551 3096 forte

377 3139 590 3223 paucissimi,
616 3141 674 3222 qui
698 3141 878 3206 Lusitanos
900 3140 997 3206 istius
1021 3140 1167 3205 criminis
1187 3142 1381 3223 absolvant,
1404 3141 1486 3223 quid
1502 3157 1552 3208 est

378 3251 470 3333 quod
502 3272 541 3316 ex
574 3251 705 3317 illorum
738 3252 850 3334 paenis
884 3252 995 3317 timeat
1029 3251 1149 3334 aliquis
1172 3252 1332 3318 sustinere
1365 3253 1549 3319 invidiam?

379 3363 473 3429 Sicut
505 3364 605 3448 igitur
637 3364 781 3445 viatori,
815 3385 911 3447 quem
944 3366 1027 3430 latro
1062 3364 1094 3429 in
1124 3365 1239 3430 itinere
1263 3365 1396 3430 adortus
1427 3380 1497 3446 est,
1523 3364 1555 3429 si·

379 3495 452 3540 eum
476 3496 535 3558 pro
558 3476 673 3541 merito
697 3474 827 3541 fortiter
850 3476 1014 3558 excipiat,
1039 3496 1133 3542 nemo
1158 3491 1206 3542 est
1230 3476 1289 3558 qui
1313 3477 1347 3542 id
1370 3477 1453 3542 vitio
1476 3497 1550 3542 ver-

379 3603 448 3669 tat,
483 3587 527 3652 ita
550 3587 787 3654 mercatoribus
810 3587 1019 3654 inhonestum
1051 3608 1120 3655 esse
1150 3608 1216 3653 non
1247 3603 1380 3670 potest,
1404 3588 1495 3670 quod
1517 3589 1550 3652 in

376 3699 460 3784 juris
479 3699 603 3782 publici
626 3699 803 3767 violatores
827 3701 988 3785 condigne
1010 3700 1202 3780 vindicant,
1219 3720 1287 3781 quo
1299 3700 1435 3781 posthac
1447 3699 1552 3765 tutius

380 3812 494 3877 eodem
523 3812 595 3900 jure
619 3810 780 3878 fruantur.
827 3813 949 3894 Neque
972 3813 1035 3877 hoc
1059 3812 1162 3896 magis
1184 3825 1309 3895 pugnat
1332 3831 1405 3877 curn
1427 3811 1552 3876 ratione

379 3923 466 3988 vitae
498 3924 735 4004 mercatoriae,
762 3944 858 4006 quam
880 3923 915 3989 id
938 3924 1030 4006 quod
1053 3923 1210 4008 agricolas
1234 3941 1328 4006 saepe
1357 3923 1438 3988 locis
1467 3923 1552 4005 peri·

379 4035 503 4101 culosis
534 4034 699 4102 factitasse
734 4035 972 4120 intelligimus,
1010 4050 1047 4100 ut
1074 4035 1183 4119 gladio
1214 4034 1374 4101 succincti
1411 4049 1551 4099 aratrum

379 4161 567 4212 tractarent.
615 4146 734 4232 Neque
758 4151 843 4212 enim
867 4161 915 4211 art
938 4145 1180 4226 interdictum,
1204 4161 1242 4211 ut
1260 4143 1354 4230 'apud
1374 4145 1550 4211 Tullium¹

380 4259 560 4341 discimus,
585 4272 647 4324 aut
671 4282 692 4324 a
717 4280 831 4324 rerum
853 4271 983 4323 natura
1007 4271 1068 4322 aut
1092 4281 1113 4323 a
1138 4258 1206 4345 lega
1229 4258 1348 4344 aliqua
1367 4272 1468 4344 atque
1486 4278 1552 4323 mo-

416 4494 424 4526 ¹
441 4496 472 4543 de
491 4507 555 4544 orat.
573 4495 617 4543 lib.
639 4509 659 4544 1.
676 4493 714 4558 [c.
728 4509 770 4557 49.
790 4494 896 4558 §.215.]
