3546 5654
355 611 416 674 234
658 610 705 656 DE
728 609 822 675 JURE
848 609 1032 656 Pannona.
1057 611 1138 657 CAP.
1163 611 1227 659 ΧΠ.

353 785 419 831 non
451 779 556 830 autem
592 764 619 828 si
652 784 687 828 ea
710 764 830 830 omissa
853 764 905 831 sit.
952 764 1082 831 Omissa
1105 765 1189 831 enim
1213 784 1279 830 non
1303 767 1442 860 prodest
1463 787 1523 834 nec

354 877 381 942 si
411 897 469 959 per
498 877 587 942 mille
610 894 712 942 annos
741 874 858 942 fuisset
884 876 1097 957 continuata,
1121 893 1160 944 ut
1188 893 1275 942 recte
1297 877 1527 945 animadvertit

355 988 538 1055 Castrensis
560 989 585 1053 ¹.
632 987 678 1052 Et
708 987 860 1068 quamvis
894 989 956 1054 hoc
988 987 1150 1054 voluisset
1184 989 1398 1071 Marcianus,
1433 991 1525 1072 quod

354 1099 486 1165 minime
515 1099 694 1164 credendus
718 1113 768 1164 est
788 1099 974 1184 cogitasse,
998 1100 1032 1165 in
1056 1118 1124 1182 quo
1145 1102 1219 1166 loco
1243 1101 1416 1184 occupatio
1444 1121 1525 1168 con-

273 1273 278 1277 .
353 1211 482 1276 ceditur
514 1210 549 1276 in
583 1211 695 1276 eodem
723 1211 1011 1294 praescriptionem
1035 1212 1193 1293 concedi,
1218 1227 1325 1278 tamen
1346 1213 1524 1280 absurdum

354 1336 442 1403 erat,
466 1321 557 1403 quod
578 1323 618 1388 de
641 1323 775 1388 flumine
797 1323 933 1405 publico
956 1323 1080 1390 dictum
1101 1337 1168 1389 erat
1187 1324 1228 1389 ad
1246 1343 1333 1390 mare
1351 1343 1525 1392 commune

354 1448 386 1498 et
418 1434 509 1515 quod
538 1435 577 1499 de
609 1433 806 1501 diverticulo
830 1434 870 1499 ad
893 1434 1001 1500 sinum
1026 1434 1190 1518 proferre,
1214 1455 1288 1501 cum
1320 1436 1399 1500 haec
1433 1455 1525 1518 prae-

352 1544 488 1628 scriptio
508 1563 605 1610 usum
631 1545 690 1627 qui
713 1561 763 1612 est
776 1547 850 1630 jure
870 1546 1015 1631 gentium
1038 1547 1221 1613 communis
1242 1546 1439 1630 impeditura
1461 1547 1524 1627 sit,

353 1656 410 1722 illa
431 1671 539 1722 autem
559 1656 694 1740 publico
718 1657 793 1724 usui
814 1675 880 1723 non
900 1657 1074 1723 admodum
1093 1672 1219 1725 noceat.
1243 1657 1394 1723 Alterum
1418 1673 1525 1724 autern

354 1766 477 1852 Angeli
505 1782 733 1851 argumentum
754 1767 767 1803 ²
787 1769 879 1851 quod
902 1789 942 1834 ex
971 1788 1073 1851 aquae
1099 1769 1201 1835 ductu
1224 1768 1387 1850 sumitur,
1412 1769 1524 1836 eodem

355 1879 524 1945 Castrensi
543 1893 766 1961 monstrante,
790 1894 827 1945 ut
850 1899 867 1945 a
891 1880 1083 1962 quaestione
1105 1880 1337 1948 alienissimum
1357 1880 1397 1945 ab
1420 1880 1525 1974 omni·

355 1989 418 2056 bus
440 1989 557 2056 merito
580 1990 778 2074 exploditur.
825 1993 957 2060 Falsum
981 1992 1083 2078 igitur
1106 2007 1155 2058 est
1178 1994 1274 2058 talem
1297 1990 1525 2075 praescriptio-

353 2119 428 2167 nem
450 2100 545 2166 etiam
570 2120 608 2167 eo
631 2116 777 2185 tempore
800 2101 889 2188 gigni
902 2151 914 2184 ,
927 2105 1022 2189 cujus
1043 2103 1174 2170 initium
1190 2123 1318 2170 ornnem
1338 2103 1525 2170 memoriam

354 2212 499 2279 excedat.
543 2212 608 2278 Ubi
628 2213 712 2279 enim
728 2215 782 2280 lex
805 2233 932 2298 ompem
957 2214 1091 2281 omnino
1110 2216 1199 2281 tollit
1216 2215 1526 2298 praescriptionem,

354 2342 395 2389 ne
427 2323 517 2389 istud
547 2324 681 2406 quidem
713 2340 842 2408 tempus
870 2326 1076 2406 admittitur,
1109 2328 1172 2392 hoc
1196 2341 1267 2407 est,
1292 2341 1329 2393 ut
1352 2326 1526 2393 Telmus⁸

355 2436 529 2518 loquitur,
554 2436 686 2502 materia
708 2436 1023 2521 impraescriptibilis
1046 2452 1191 2520 ternpore
1214 2437 1436 2505 immemoriaIi
1460 2457 1526 2504 non

357 2545 394 2611 iit
426 2546 707 2630 praescriptibilis.
754 2549 887 2615 Fatetur
919 2550 998 2614 haec
1031 2569 1108 2615 vera
1142 2567 1211 2614 esse
1246 2549 1366 2615 Balbus
1401 2548 1433 2613 ⁴:
1470 2551 1528 2615 sed

355 2656 477 2741 Angeli
507 2658 698 2736 sententiam
728 2675 889 2744 receptam
923 2660 1003 2726 dicit
1033 2661 1093 2725 hac
1116 2658 1264 2740 ratione,
1289 2661 1367 2742 quia
1396 2676 1528 2744 tempus

355 2783 444 2834 extra
483 2770 669 2836 memoriam
707 2772 852 2854 positum
887 2771 971 2837 idem
1006 2773 1115 2838 valere
1133 2772 1293 2838 creditur
1325 2771 1525 2856 privilegio,

354 2899 429 2946 cum
459 2881 578 2948 titulus
601 2882 790 2964 aptissimus
813 2904 852 2947 ex
875 2883 931 2948 tali
961 2899 1106 2966 tempore
1128 2897 1364 2966 praesumatur.
1413 2883 1527 2966 Appa-

355 3007 404 3058 ret
429 2992 506 3058 hinc
534 3011 600 3059 non
633 2994 723 3059 aliud
755 2994 830 3059 illos
866 2993 1028 3075 sensisse,
1064 3015 1161 3076 quam
1184 2996 1213 3060 si
1235 3013 1310 3077 pars
1332 2993 1442 3076 aliqua
1465 2993 1526 3059 rei·

354 3104 528 3186 publicae,
566 3119 646 3186 puta
680 3104 806 3188 imperii
842 3106 1011 3186 Romani,
1046 3125 1143 3189 supra
1177 3125 1305 3171 omnem
1339 3105 1526 3170 memoriam

356 3235 414 3280 usa
445 3229 531 3280 esset
561 3215 618 3280 tali
639 3216 737 3300 jure,
770 3217 798 3281 ei
826 3217 963 3282 dandam
993 3217 1282 3300 praescriptionem
1306 3218 1369 3283 hoc
1393 3220 1525 3298 colore,

356 3329 451 3412 quasi
480 3331 642 3414 Principis
675 3329 844 3396 concessio
878 3328 1056 3412 praeiisset.
1102 3329 1213 3416 Quare
1245 3349 1319 3394 cum
1354 3349 1450 3394 nemo
1484 3329 1527 3395 sit

356 3441 509 3508 dominus
537 3442 641 3507 totius
674 3434 801 3524 generis
823 3440 981 3521 humani,
1009 3439 1067 3521 qui
1095 3440 1150 3524 jus
1180 3441 1264 3505 illud
1287 3441 1444 3507 adversus
1467 3443 1526 3507 ho-

356 3553 459 3618 mines
487 3573 600 3618 omnes
629 3550 754 3618 homini
784 3566 841 3619 aut
873 3554 998 3634 populo
1022 3551 1121 3616 alicui
1145 3552 1308 3634 potuisset
1328 3553 1526 3634 concedere,

355 3667 484 3732 sublato
508 3665 565 3730 illo
588 3666 697 3730 colore
719 3683 851 3730 necesse
876 3677 926 3728 cst
949 3661 1046 3728 etiam
1065 3663 1353 3746 praescriptionem
1373 3663 1526 3729 interimi.

356 3778 402 3843 Et
433 3777 480 3842 sic
512 3797 552 3842 ex
580 3775 712 3842 illorum
745 3775 841 3842 ctiam
872 3773 1031 3840 sententia
1055 3774 1142 3840 inter
1172 3795 1263 3859 reges
1298 3790 1355 3841 aut
1385 3777 1527 3858 populos

355 3891 477 3958 liberos
497 3890 653 3974 prodesse
675 3887 758 3953 nihil
780 3901 890 3970 potest
912 3890 1024 3970 lapsus
1046 3885 1166 3952 infiniti
1191 3886 1361 3970 temporis.
1408 3886 1528 3954 Vanis-

357 4030 550 4040 u———n--n——n

391 4102 400 4134 ¹
419 4102 445 4150 in
470 4103 494 4150 d.
519 4103 535 4148 l.
558 4101 602 4148 ult.
620 4113 645 4147 n.
662 4113 687 4159 4.
710 4111 756 4158 per
777 4101 793 4146 1.
810 4100 879 4158 quod
902 4097 928 4146 in
946 4097 1041 4146 littore.
1060 4095 1086 4145 ff.
1104 4100 1136 4146 de
1155 4111 1208 4158 aeq.
1224 4099 1292 4145 dom.
1310 4095 1354 4160 [D.
1373 4112 1414 4158 41.
1434 4111 1455 4146 r.
1474 4097 1526 4162 ¹4·]

357 4191 418 4241 ²en
442 4195 459 4239 l.
478 4205 550 4240 nsum
575 4203 661 4250 aquae.
686 4191 715 4237 C.
741 4191 772 4238 de
790 4191 893 4248 aquacd.
918 4190 960 4250 [C.
988 4203 1026 4236 rr.
1050 4203 1091 4249 42.
1114 4189 1153 4250 4.]
1178 4187 1266 4236 confer
1281 4202 1337 4237 cnm
1352 4191 1369 4236 l.
1386 4189 1529 4248 diligenter.

359 4285 388 4345 [l.
402 4283 440 4347 9.]
460 4296 490 4331 eo
505 4283 544 4330 tit.
557 4294 582 4329 et
597 4294 654 4330 cunr
669 4283 686 4328 l.
699 4283 748 4328 hoe
761 4279 823 4336 jure.
838 4284 859 4337 ξ.
874 4282 960 4329 ductus
976 4292 1063 4340 aquae.
1082 4279 1108 4326 ff.
1126 4280 1157 4327 de
1172 4293 1234 4339 aqua
1247 4279 1346 4339 quotid.
1364 4291 1388 4327 et
1405 4291 1466 4328 aest.
1484 4279 1527 4342 [D.

357 4388 398 4436 43.
420 4388 459 4422 20.
481 4387 503 4430 3.
528 4373 601 4433 §.4.]
632 4369 691 4420 ³ad
704 4385 727 4419 c.
743 4373 901 4420 accedentes.
919 4373 950 4418 de
970 4371 1118 4430 praescript.
1137 4372 1273 4432 [Decretal.
1291 4385 1313 4417 2.
1333 4371 1372 4418 26.
1394 4371 1443 4430 11.]
1469 4369 1529 4418 ⁴dc

358 4465 507 4526 praescript.
523 4478 547 4525 4.
564 4475 643 4524 parte.
664 4475 686 4517 5.
701 4462 779 4521 partis
796 4462 877 4521 princ.
895 4477 919 4520 q.
938 4463 961 4508 ό.
975 4476 1000 4508 a.
1019 4465 1041 4508 8.
