3552 5654
550 699 597 745 tut
621 699 714 766 June
739 697 922 744 anabuns.
948 699 1026 745 cnr.
1052 701 1086 746 x.
1351 687 1410 765 1'59

740 853 896 938 Superest
914 866 979 939 pra
1002 856 1165 939 sanguine
1186 875 1330 934 mettas,

320 962 427 1048 Quam
447 977 635 1029 monstrare
657 983 761 1028 meam
779 977 850 1028 est:
873 985 929 1028 net
952 967 1038 1028 enim
1062 962 1188 1030 donate
1205 965 1326 1033 secabo

320 1072 417 1158 Quod
435 1075 499 1139 sibi
520 1077 657 1159 quisque
680 1072 777 1139 dabit
796 1073 819 1139 ¹.

285 1186 377 1252 Bello
410 1184 501 1251 civili
535 1183 599 1250 alio
629 1184 777 1250 Flaviani
802 1185 843 1250 ad
864 1184 1056 1251 Cremonam
1078 1186 1190 1268 ducti,
1216 1205 1410 1268 quamquam

241 1317 309 1364 nox
343 1297 506 1377 instabat,
542 1295 703 1361 coloniam
735 1295 871 1362 divitem
893 1296 1018 1377 impetu
1035 1299 1155 1363 volunt
1177 1317 1312 1380 capere,
1335 1297 1412 1379 quia

242 1409 346 1493 maior
376 1420 460 1475 esset
488 1427 546 1489 per
572 1406 721 1473 tenebras
740 1406 887 1490 rapiendi
908 1403 1059 1472 licentia:
1083 1407 1181 1473 veriti
1203 1407 1351 1490 alioquin
1371 1427 1412 1473 ne

243 1539 322 1602 opes
344 1518 615 1585 Cremonensium
637 1517 670 1584 in
686 1517 762 1583 sinu
773 1515 1011 1600 praefectorum
1025 1521 1273 1603 legatorumque
1284 1535 1410 1585 essent:

244 1629 301 1695 ubi
332 1628 477 1696 nobilem
510 1627 597 1694 illam
629 1628 821 1695 sententiam
856 1628 995 1695 Tacitus
1016 1634 1027 1670 ¹
1050 1629 1161 1694 addit:
1200 1644 1413 1717 expugnatae

245 1740 338 1804 urbis
353 1738 519 1825 praedam
543 1738 590 1807 ad
610 1740 773 1821 militem,
797 1738 930 1805 deditae
952 1738 1000 1805 ad
1013 1738 1109 1806 dates
1121 1737 1305 1826 pertinere.
1332 1741 1411 1806 Mos

243 1851 398 1934 paulatim
422 1850 455 1916 in
475 1853 530 1935 jus
553 1851 700 1917 transiit:
726 1865 759 1918 et
780 1871 855 1916 sane
873 1853 962 1936 justa
985 1851 1094 1916 aderat
1116 1851 1220 1934 rati0,
1243 1852 1325 1918 nesi
1337 1867 1413 1934 post

243 1981 383 2047 pugnam
404 1963 522 2045 praeda
543 1977 738 2048 negaretur,
762 1963 795 2028 in
817 1963 887 2047 ipsa
909 1983 1019 2047 pugna
1041 1963 1134 2030 miles
1152 1945 1284 2030 omissis
1307 1963 1413 2028 hosti·

242 2074 306 2139 bus
327 2073 446 2156 praeda
466 2091 580 2140 manus
604 2073 798 2156 impediret,
822 2093 906 2156 quae
927 2094 992 2139 una
1014 2074 1153 2140 aviditas
1177 2077 1295 2139 multas
1317 2093 1412 2156 saepe

242 2177 400 2250 uictorias
433 2185 589 2266 corrupit.
636 2184 707 2248 Hac
739 2184 779 2248 de
802 2203 900 2249 causa
920 2185 954 2248 in
973 2183 1162 2249 Britannico
1183 2185 1306 2266 praelio
1330 2185 1412 2250 Sue-

243 2295 356 2360 tonius
376 2299 388 2335 ³
411 2296 561 2361 hortatur
584 2313 684 2376 suos,
708 2309 746 2358 ut
769 2294 896 2358 caedem
921 2294 1116 2359 continuent
1136 2295 1273 2376 praedae
1301 2295 1412 2360 imme-

243 2425 373 2483 mores,
406 2404 527 2470 addens
558 2418 648 2486 parta
680 2403 818 2470 victoria
850 2418 968 2468 cuncta
1000 2403 1080 2486 ipsis
1102 2423 1249 2470 cessura:
1272 2404 1363 2486 quod
1381 2420 1413 2470 et

244 2515 322 2580 alibi
355 2514 473 2596 passim
508 2513 659 2595 reperias.
715 2514 815 2597 Apud
845 2513 1042 2598 Procopium
1066 2513 1078 2549 ⁴
1098 2516 1229 2581 Salomo
1252 2514 1410 2582 Praetorii

243 2622 429 2708 praefectus
450 2624 632 2704 militibus,
654 2623 711 2707 qui
732 2643 825 2707 agros
850 2639 978 2707 ereptos
996 2626 1155 2691 Vandalis
1177 2627 1241 2691 sibi
1264 2626 1411 2694 vindica·

243 2736 322 2802 bant
352 2730 397 2800 ita
428 2735 627 2817 respondet,
661 2751 699 2801 ut
729 2734 908 2819 distinguat
929 2735 1014 2802 inter
1032 2755 1082 2801 res
1102 2737 1164 2803 soli
1186 2751 1218 2802 et
1238 2757 1290 2803 res
1307 2738 1412 2803 mobi-

243 2849 310 2913 les:
334 2847 394 2912 has
417 2847 501 2912 euim
525 2846 686 2912 militibus
705 2846 872 2931 permitti,
897 2846 969 2913 illas
989 2861 1096 2912 autem
1116 2866 1215 2928 penes
1236 2847 1413 2929 rempubli-

244 2977 312 3024 cam
336 2977 487 3040 manere,
512 2978 597 3040 quae
619 2973 651 3023 et
670 2958 760 3041 ipsos
777 2957 913 3024 aluisset
935 2958 1020 3024 etin
1040 2975 1160 3023 nomen
1188 2958 1413 3040 honoremque

242 3068 383 3135 militum
407 3078 614 3152 cooptasset,
637 3089 703 3136 nors
721 3084 759 3134 ut
780 3089 863 3152 quae
882 3069 1026 3135 barbaris
1057 3070 1214 3136 adversus
1234 3069 1412 3134 Romanam

242 3181 441 3264 majestatem
463 3180 709 3265 insurgentibus
729 3180 941 3247 abstulissent
959 3181 1090 3264 praedia
1109 3180 1171 3264 ipsi
1183 3182 1412 3264 possiderent,

242 3292 300 3356 sed
322 3306 360 3356 ut
380 3291 412 3357 in
434 3293 603 3373 publicum
626 3311 660 3357 ea
681 3291 926 3376 redigerentur,
945 3291 1034 3376 unde
1055 3307 1089 3379 et
1111 3291 1192 3375 ipsis
1209 3293 1420 3374 etcaeteris,

243 3402 301 3469 ubi
329 3422 411 3470 usus
442 3417 547 3485 esset,
571 3422 699 3469 arraona
722 3417 930 3486 suppeteret:
955 3403 1007 3468 his
1032 3402 1117 3469 inter
1138 3404 1199 3470 alia
1221 3405 1354 3470 verbis:
1376 3410 1413 3480 aa

241 3519 283 3582 rai
301 3519 355 3596 μὲν
377 3517 541 3598 desparata
563 3517 612 3582 aa>
635 3518 676 3583 rai
696 3516 780 3583 tiata
795 3517 897 3583 atissa
914 3519 1060 3600 χρήματα
1079 3527 1138 3591 τοῖς
1161 3519 1350 3600 στρατιώταις
1373 3519 1413 3588 εἷς

241 3625 364 3712 λάφυρα
392 3628 461 3693 it'tttt
490 3631 541 3693 orit:
560 3630 677 3702 instabe
699 3626 783 3694 aiter·
806 3636 862 3705 mit
881 3629 977 3707 μέντοι
995 3631 1086 3706 ateiris
1104 3631 1228 3708 βασιλεῖ
1245 3653 1279 3693 τε
1301 3628 1350 3693 tttti
1375 3636 1413 3709 τῇ

242 3737 390 3816 Ῥωμαίων
419 3741 497 3819 ἀρχῇ
529 3741 681 3820 appetierat.
730 3733 885 3819 Captivos
913 3751 993 3802 satta
1012 3750 1043 3802 tt
1063 3756 1116 3800 res
1138 3735 1227 3801 alias
1250 3735 1413 3800 militibus

238 3844 389 3930 praedae
418 3844 485 3908 leto
504 3844 616 3911 tedere
637 3865 846 3932 nequaquam
869 3844 1050 3912 absurdam
1071 3845 1184 3913 rideri
1195 3869 1208 3910 .·
1229 3845 1286 3911 sed
1306 3847 1412 3931 ipsam

243 3955 346 4020 selam
366 3955 414 4022 ad
430 3956 621 4041 Principem
642 3960 881 4042 imperiumque
903 3956 1091 4021 Romanam
1105 3960 1290 4042 pertinere.
1334 3955 1412 4042 Quo

241 4067 315 4132 loco
334 4068 388 4151 ius
409 4066 573 4149 quoddam
594 4065 778 4132 universale
795 4066 972 4152 significari
985 4069 1038 4133 vel
1051 4066 1127 4132 binc
1146 4079 1299 4148 apparet,
1321 4065 1412 4146 quod

243 4191 332 4243 extra
361 4177 508 4243 ordinem
532 4196 627 4262 agros
652 4177 748 4243 etiam
771 4178 932 4245 militibus
954 4177 1110 4264 assignari
1133 4176 1265 4242 minime
1288 4194 1412 4240 novmn

277 4395 419 4448 ¹Lucanus
443 4401 460 4446 1.
485 4412 509 4456 7.
536 4399 586 4461 [vs.
612 4403 669 4459 7³⁸·
694 4402 761 4464 sqq]
795 4398 889 4450 ²llist.
914 4404 932 4450 l.
957 4399 1108 4465 3.[c.19.]
1144 4397 1234 4448 ⁸'Pau
1252 4401 1353 4448 Auml.
1374 4410 1412 4460 14.

246 4485 282 4546 [c.
302 4487 354 4548 36.]
389 4486 435 4536 ⁴1.
458 4491 506 4538 ult.
530 4491 562 4539 de
584 4489 651 4540 bello
677 4492 758 4541 vano.
777 4489 858 4554 [Edit.
876 4491 954 4542 Paris.
972 4494 1026 4542 vol.
1046 4505 1067 4540 1.
1083 4504 1109 4551 p.
1129 4491 1185 4553 269.
1203 4489 1241 4553 b.]
1261 4490 1354 4540 citatur
1371 4504 1412 4550 ap.

245 4574 332 4633 cujac.
351 4577 413 4625 Obs.
430 4581 447 4626 l.
468 4591 506 4640 19.
525 4594 547 4628 c.
566 4593 589 4638 7.
