3546 5654
545 685 592 732 DE
616 683 709 752 June
735 681 918 730 PRABDAE.
943 681 1023 730 CAF.
1048 681 1097 727 x1.
1340 678 1398 744 171

231 858 263 907 et
286 839 389 925 aquae
412 860 476 907 usu
498 839 612 906 Batavi
636 839 836 904 arcebantur.
860 837 933 903 Nec
958 837 1088 902 illorum
1107 836 1222 903 melior
1235 835 1483 916 conditio,Am
1499 863 1560 908 ις»

232 973 316 1036 quos
338 951 519 1019 Laurentio
541 951 704 1032 Bicquero
725 951 808 1016 duce
828 947 997 1032 profectos
1017 947 1260 1031 plurimumque
1285 949 1400 1032 pelago

228 1065 366 1149 jactatos
400 1063 633 1130 Lusitanorum
666 1051 800 1141 manus,
834 1058 913 1143 ipsis
933 1059 1058 1142 ubique
1081 1057 1227 1141 scopulis
1247 1057 1402 1124 formida·

233 1175 365 1242 biliores
388 1187 603 1256 exceperunt:
625 1172 730 1238 donec
743 1171 783 1236 ad
794 1170 923 1252 sinum,
937 1189 1036 1252 quem
1050 1171 1242 1236 Sanctorum
1256 1168 1402 1235 omnium

232 1298 372 1365 vocant,
396 1286 532 1368 appulsa
553 1282 647 1350 nauis
670 1301 745 1348 cum
768 1281 934 1347 mercibus
956 1281 1092 1366 praedae
1111 1281 1239 1347 addicta
1252 1294 1319 1346 est:
1343 1281 1403 1345 ho-

232 1395 336 1460 mines
355 1393 494 1479 conjecti
514 1393 546 1458 in
566 1393 721 1473 vincula,
747 1393 838 1475 quod
849 1413 888 1458 eo
898 1391 1077 1458 terribilius
1087 1391 1173 1473 fuit,
1197 1391 1276 1474 quia
1290 1393 1403 1460 eodem

233 1506 266 1570 in
290 1508 364 1570 loto
388 1505 481 1570 amris
504 1520 577 1570 ante
602 1518 744 1588 quatuor
763 1504 853 1571 Galli
876 1504 1002 1586 aliquot
1019 1504 1168 1587 patibulo
1188 1504 1273 1570 affixi
1292 1504 1405 1571 audie·

232 1617 361 1683 bantur.
408 1616 479 1681 Nec
509 1614 638 1681 mitiora
657 1635 673 1682 a
694 1615 864 1681 Lusitanis
896 1613 1198 1697 Lusitanorumque
1228 1615 1404 1681 emissariis

232 1727 448 1810 exspectanda
486 1725 558 1806 his,
599 1725 657 1808 qui
699 1744 775 1792 casu
805 1743 1008 1808 quocunque
1043 1725 1076 1790 in
1107 1741 1229 1809 partem
1260 1727 1403 1808 aliquam

233 1835 384 1904 Africani
405 1833 527 1903 littoris
548 1835 729 1903 deciderint
759 1835 1002 1921 Spilbergianae
1027 1837 1250 1919 ephemerides
1269 1838 1403 1904 demom
1416 1848 1486 1894 Ann·
1499 1854 1559 1894 1601·

172 1955 175 1961 '
231 1963 350 2014 strant.
397 1949 463 2014 Sed
491 1950 572 2014 tales
604 1965 666 2033 ego
697 1943 843 2014 fortunas
865 1947 934 2013 suis
957 1950 1120 2032 cujusque
1143 1949 1235 2014 libris
1258 1948 1405 2033 proditas

232 2061 297 2125 huc
319 2057 494 2126 transferre
516 2059 737 2142 supersede0,
769 2059 846 2124 dum
867 2060 1049 2144 argumenti
1074 2061 1177 2126 nostri
1198 2060 1331 2144 propria
1352 2081 1404 2126 me

231 2185 398 2237 revocant.

274 2283 384 2348 Nemo
413 2282 521 2348 nescit
550 2282 637 2348 sicut
667 2277 846 2348 Castellaai
878 2280 1048 2346 maximam
1080 2280 1249 2346 Americae
1280 2297 1403 2365 partetn
1417 2287 1561 2336 ΜΝ·

231 2392 295 2458 sibi
321 2393 512 2473 vindicant,
545 2392 590 2458 ita
620 2392 800 2459 Lusitanos
832 2391 1045 2475 Aethiopici,
1078 2392 1206 2472 Indici,
1236 2392 1404 2459 Brasiliani

216 2503 356 2568 ‚Oceani
384 2503 576 2569 commercia
601 2523 661 2572 sua
689 2522 759 2570 esse
787 2503 896 2582 velle,
930 2517 1072 2569 caeteros
1090 2521 1202 2568 omnes
1218 2504 1404 2570 excludere.

232 2614 269 2680 In
294 2633 361 2696 quo
384 2633 459 2680 cum
481 2613 546 2680 illis
566 2628 693 2697 praeter
713 2613 886 2680 Britannos
905 2627 938 2679 et
956 2613 1047 2680 Galli
1067 2628 1100 2680 et
1118 2614 1191 2680 Itali
1206 2629 1239 2681 et
1248 2616 1406 2699 conjunc-

233 2724 376 2790 tissinrae
409 2745 560 2807 quaeque
595 2737 706 2810 gentes
730 2720 814 2789 nihil
840 2724 1076 2806 concederent,
1100 2724 1216 2791 Batavi
1239 2739 1272 2790 et
1293 2726 1406 2790 hostes

233 2851 266 2901 et
287 2835 366 2902 mari
389 2834 566 2920 plurimum
589 2837 734 2902 valentes
756 2853 822 2901 non
846 2850 1122 2920 repugnaverunt.
1169 2835 1250 2900 Erat
1273 2835 1405 2917 quidem

233 2946 314 3029 ipsis
341 2966 407 3013 non
434 2946 543 3012 minus
571 2967 669 3028 quam
700 2946 835 3014 caeteris
865 2959 1035 3030 perspecta
1056 2944 1153 3012 istius
1173 2945 1406 3028 postulationis

233 3058 410 3141 iniquitas:
434 3059 491 3124 sed
514 3059 600 3141 apud
624 3073 736 3124 nostra
748 3058 901 3142 ingenia,
926 3077 1010 3140 quae
1021 3076 1088 3123 non
1101 3072 1259 3140 quantum
1272 3057 1405 3138 liceret,

234 3170 290 3234 sed
312 3185 470 3252 quantum
490 3170 710 3234 necessarium
731 3184 817 3236 esset
836 3169 869 3234 in
889 3169 976 3234 bello
995 3166 1180 3234 faciendum
1200 3167 1261 3233 sibi
1282 3187 1406 3252 semper

211 3280 480 3361 existimarunt,
513 3279 640 3362 aliquid
670 3280 766 3345 etiam
797 3300 858 3364 pro
881 3279 1035 3346 hostibus
1057 3279 1163 3346 valuit
1186 3280 1307 3346 veteris
1329 3271 1406 3346 irinc

233 3391 461 3475 principatus,
495 3391 572 3457 inde
605 3391 770 3457 societatis
810 3391 978 3457 memoria.
1032 3391 1081 3455 Ita
1113 3391 1192 3456 dum
1228 3389 1406 3474 Hispanico

211 3502 453 3586 ‘negotiatione
474 3502 648 3567 sustentari
667 3504 759 3585 plebs
778 3503 901 3585 potuit,
926 3521 1122 3584 quamquam
1142 3521 1177 3567 ea
1195 3515 1269 3567 cum
1282 3502 1407 3586 magnis

236 3612 364 3698 injuriis
395 3613 571 3696 conjuncta
601 3629 689 3694 erat,
722 3615 780 3679 has
801 3603 918 3680 'tamen
953 3615 1090 3679 tolera-re
1113 3613 1205 3696 prius
1227 3613 1405 3696 potiusque

234 3725 341 3790 visum
374 3740 422 3790 est
454 3745 551 3805 quam
575 3725 657 3789 alios
678 3739 815 3789 conatus
846 3723 999 3808 aggredi,
1032 3723 1091 3804 qui
1123 3723 1319 3789 difficiliores
1348 3721 1405 3787 ali·

235 3837 367 3918 quando
378 3834 496 3900 facturi
508 3833 705 3900 videbantur
716 3834 805 3917 pacis
816 3827 975 3899 ineundae
988 3833 1139 3898 rationes.
1165 3833 1235 3897 Hac
1248 3831 1406 3915 patientia

234 3946 343 4012 decem
367 3965 426 4030 per
447 3963 550 4010 annos
571 3960 606 4008 et
629 3943 754 4009 diutius
778 3943 934 4027 agitatum
957 3957 1017 4010 est.
1060 3942 1146 4007 Nam
1170 3941 1307 4021 exinde,
1331 3960 1404 4006 cum

234 4069 401 4140 appareret
419 4057 533 4121 *hostes
556 4074 625 4121 eam
648 4053 734 4120 viam
747 4053 911 4138 ingressos
923 4067 981 4134 nt,
1006 4071 1091 4135 quos
1103 4052 1200 4118 armis
1212 4071 1278 4116 non
1288 4066 1405 4134 potue-

232 4183 325 4248 rant,
358 4167 441 4232 fame
473 4181 571 4247 atque
604 4165 715 4248 inopia
748 4165 898 4249 subigere
930 4165 1073 4243 vellent,
1107 4161 1251 4246 praecisa
1280 4161 1405 4228 scilicet

234 4279 445 4362 Hispaniensi
463 4277 681 4359 mercatione,
703 4277 736 4342 in
757 4296 822 4358 qua
841 4277 999 4341 hactenus
1017 4273 1133 4358 populi
1153 4272 1220 4338 vita
1240 4288 1307 4338 erat
1324 4294 1404 4339 con·

233 4390 371 4470 stituta,
403 4389 558 4472 paulatim
591 4389 704 4455 Batavi
737 4387 934 4474 longinquas
962 4385 1189 4470 navigationes
1220 4387 1403 4468 proculque

230 4499 358 4584 positas
377 4515 507 4584 gentes,
530 4501 676 4584 cognitas
697 4499 867 4566 Lusitanis
885 4499 942 4564 sed
964 4517 1031 4566 non
1054 4501 1221 4581 subditas,
1245 4501 1403 4586 respicere
