3552 5654
330 599 389 660 168
643 617 690 663 nn
713 617 806 683 Jnnn
832 617 1016 663 rannone.
1042 617 1121 664 cnr.
1147 617 1196 664 x1.

169 785 238 832 Anno
253 787 313 841 1581.
326 769 497 833 commoda
515 768 698 836 defendere.
725 771 902 853 Postquam
924 790 1004 836 vero
1024 769 1169 853 Philippi
1191 767 1362 851 imperium
1383 767 1498 850 Belgae

166 839 314 951 2251anss
327 878 523 964 rejecerant,
556 880 709 946 Lusitani
742 897 975 965 susceperant,
1008 881 1052 947 ita
1083 895 1121 946 ut
1144 894 1253 946 essent
1275 878 1367 944 alteri
1391 877 1499 942 alteris

168 971 207 1005 '⁸'
327 989 475 1056 hostium
497 992 592 1072 loco,
616 992 720 1058 eidem
743 993 960 1058 nihilominus
981 992 1122 1059 Ordines
1135 1006 1253 1078 rogatu
1265 989 1498 1054 Lusitanorum

328 1100 413 1166 intra
443 1120 523 1167 suos
554 1102 636 1168 fines
667 1103 885 1168 habitantium
917 1119 973 1168 aut
1005 1118 1220 1171 mercaturam
1255 1100 1499 1178 exercentium,

328 1227 360 1277 et
391 1213 469 1293 quia
500 1213 669 1298 Belgarum
703 1213 857 1279 intererat
889 1215 1082 1280 commercia
1114 1215 1201 1280 bello
1235 1231 1301 1278 nou
1326 1210 1500 1294 impediri,

329 1323 387 1388 sed
415 1323 519 1390 foveri
549 1324 743 1405 securitate,
776 1325 927 1408 superius
947 1325 1031 1392 illud
1052 1325 1246 1408 rescriptum
1268 1321 1502 1416 confirmarunt

329 1433 529 1518 gratiamque
563 1435 628 1500 illis
655 1436 738 1520 iuris
773 1435 883 1502 bellici
911 1438 1070 1501 hactenns
1093 1435 1266 1516 fecerunt,
1290 1449 1328 1498 ut
1350 1431 1501 1498 Lusitani

329 1544 519 1627 quicunque
548 1549 672 1612 vellent
704 1547 788 1611 inter
811 1548 926 1632 Belgas
948 1561 1020 1612 tuto
1046 1561 1252 1626 commeatu,
1276 1543 1501 1621 habitatione,

114 1675 118 1683 ’
169 1679 315 1778 mappa
329 1670 472 1721 mercatu
503 1671 696 1736 uterentur,
728 1657 796 1723 vita
827 1658 993 1739 rebusque
1025 1657 1137 1724 salvis.
1185 1657 1249 1722 Sed
1281 1676 1354 1722 cum
1389 1673 1502 1720 rursus

170 1763 271 1858 ΙΨ]
308 1762 506 1847 Lusitani,
534 1768 734 1833 conscientia
757 1788 869 1834 eorum
895 1790 978 1851 quae
1002 1769 1119 1835 Batavi
1143 1789 1160 1833 a
1183 1787 1242 1832 sua
1265 1782 1360 1851 gente
1388 1764 1502 1846 inique

328 1874 554 1956 patiebantur,
587 1876 753 1958 prioribus
784 1877 951 1960 rescriptis
983 1897 1050 1945 non
1074 1879 1153 1944 satis
1175 1877 1400 1957 confiderent,
1423 1894 1501 1940 con-

330 1984 542 2052 firmationem
574 1987 810 2070 impetrarunt,
844 2007 904 2054 nec
936 1988 970 2052 hi
1000 2003 1126 2055 tantum
1159 1990 1218 2072 qui
1250 1989 1282 2054 in
1315 1989 1424 2072 Belgis
1446 1986 1504 2052 sed

329 2096 444 2177 etqui
475 2096 553 2162 alibi
585 2098 790 2180 habitarent,
824 2114 860 2164 ut
883 2100 1010 2165 scilicet
1032 2116 1245 2166 mercaturam
1269 2119 1344 2164 cum
1372 2098 1503 2182 Belgis,

330 2207 388 2288 qui
420 2209 481 2274 sub
514 2208 677 2275 Ordinum
719 2224 827 2275 essent
867 2210 1027 2293 imperio,
1069 2213 1123 2276 vel
1158 2231 1198 2278 ex
1231 2211 1300 2294 ipsa
1332 2209 1503 2275 Lusitania

328 2333 403 2384 tuto
431 2334 689 2402 commutarent,
719 2321 810 2385 aditu
834 2335 867 2386 et
888 2321 978 2387 exitu
1009 2336 1159 2404 patente:
1184 2342 1251 2403 quo
1274 2321 1322 2386 illi
1341 2319 1503 2386 beneficio

330 2449 437 2511 usque
456 2431 496 2495 ad
515 2431 801 2513 interdictionem,
826 2447 859 2497 et
878 2447 1020 2514 quatuor
1039 2447 1114 2516 post
1134 2431 1395 2498 interdictionem
1415 2449 1505 2496 men-

172 2566 242 2613 Anno
256 2578 316 2622 ¹59²·
330 2541 422 2606 sibus
435 2541 631 2608 fruerentur.
656 2543 821 2608 Effectum
834 2543 951 2610 deinde
964 2559 1014 2609 est
1025 2544 1208 2610 liberaliore
1219 2541 1503 2625 interpretatione,

73 2636 79 2648 ·
167 2622 219 2677 er.
233 2619 255 2665 d.
269 2635 304 2676 30.

173 2687 264 2746 paga,
332 2652 442 2718 uthis
472 2654 637 2737 rescriptis
667 2654 762 2720 etiam
791 2655 839 2720 illi
869 2655 1103 2720 Lusitanorum
1127 2653 1503 2740 comprehenderentur,

332 2764 390 2845 qui
419 2765 619 2847 Antverpiae
654 2780 710 2831 aut
741 2765 774 2831 in
804 2765 877 2830 aliis
908 2766 1013 2850 belgii
1036 2765 1197 2848 urbibus,
1222 2783 1305 2847 quas
1328 2762 1504 2830 adversarii

332 2889 465 2957 tenent,
498 2876 590 2942 sedes
621 2877 739 2942 fixere:
770 2877 815 2942 ita
835 2892 941 2942 tamen
964 2892 1001 2941 ut
1022 2877 1096 2942 inde
1115 2877 1148 2941 in
1170 2875 1318 2960 regiones
1341 2874 1503 2940 Ordinum

332 2985 517 3052 commercii
538 2987 639 3070 gratia
658 2988 891 3067 adventantes,
915 3001 1014 3069 atque
1036 2987 1147 3076 itidem
1171 2987 1219 3052 illi
1243 2985 1412 3065 vicissim,
1446 2984 1504 3066 qui

332 3097 409 3162 hinc
441 3097 474 3161 in
504 3098 654 3162 adversas
682 3112 789 3179 partes
819 3117 939 3163 merces
973 3099 1168 3177 eveherent,
1197 3096 1392 3182 singularem
1417 3115 1504 3160 com·

173 3227 319 3332 bagmgsgo.
332 3222 457 3272 meatus
469 3207 712 3289 permissionem
724 3209 879 3286 haberent
889 3209 1133 3291 impetrandam.
1153 3208 1337 3275 Posteriore
1346 3206 1505 3288 rescripto

174 3311 269 3408 [μμ]
298 3312 305 3326 ’
333 3318 429 3384 etiam
450 3317 533 3383 illud
553 3339 738 3401 expressum
761 3334 832 3399 est,
859 3334 894 3385 ut
915 3320 1047 3385 Brasilia
1068 3319 1099 3384 in
1120 3320 1260 3385 Batavos
1270 3337 1391 3382 merces
1402 3331 1505 3382 trans-

332 3429 409 3493 vehi
451 3443 598 3510 possent.
653 3431 702 3494 Ita
740 3430 805 3496 illis
836 3431 976 3496 Batavos
1007 3431 1095 3496 adire
1126 3429 1318 3496 volentibus
1359 3428 1505 3510 undique

331 3539 510 3621 provisum.
815 3615 816 3618 Ἴ

193 3679 275 3726 Arna.
291 3679 319 3725 V.
376 3649 496 3716 Merito
528 3670 604 3717 sane
628 3665 660 3716 et
679 3652 752 3735 jure
784 3652 1025 3734 quodammodo
1059 3671 1119 3718 suo
1143 3651 1257 3716 Batavi
1281 3653 1393 3733 quales
1415 3670 1449 3715 se
1470 3650 1503 3714 in

333 3764 407 3829 illos
436 3761 686 3844 praestiterant,
717 3764 798 3828 tales
828 3763 903 3829 illos
931 3763 964 3829 in
992 3783 1025 3829 se
1043 3777 1276 3845 speraverunt:
1302 3762 1440 3826 maxime
1464 3781 1504 3825 ex

333 3895 399 3957 quo
426 3873 659 3958 navigantibus
689 3874 722 3939 in
754 3873 957 3940 Lusitaniam
986 3874 1088 3956 prima
1119 3874 1338 3957 experimenta
1357 3873 1502 3958 ejusdem

174 4001 244 4044 Anno
258 4004 318 4056 1582.
333 3985 507 4067 aequitatis
547 3983 642 4050 fidem
685 3983 839 4050 fecerant.
886 3985 995 4050 Nemo
1035 3984 1242 4050 existimabat
1270 3987 1345 4067 plus
1375 3983 1505 4048 Batavis

175 4065 199 4098 η
211 4068 272 4114 κη’
332 4098 531 4163 obstiturum
555 4096 742 4185 Philippum
761 4095 929 4160 dominum
942 4096 1199 4176 Lusitanorum,
1224 4116 1320 4176 quam
1334 4094 1504 4161 Lusitanis

332 4208 417 4272 idem
438 4208 609 4274 obstiterat
639 4207 745 4272 hostis
775 4209 983 4273 Batavorum.
1030 4208 1078 4271 lta
1104 4227 1178 4272 cum
1200 4207 1322 4272 credita
1345 4206 1504 4271 securitas

332 4339 479 4404 magnam
510 4318 632 4384 faceret
665 4318 797 4384 navium
833 4317 1075 4399 frequentiam,
1114 4318 1329 4399 hominesque
1363 4317 1503 4400 benigne

333 4431 506 4512 aliquoties
535 4429 662 4512 excepti
693 4430 786 4495 nullo
817 4448 904 4493 novo
933 4428 1107 4494 interdicto
1137 4443 1344 4508 arcerentur,
1378 4429 1434 4494 ubi
1463 4429 1505 4494 ad
