3536 5692
520 669 567 714 on
590 666 683 734 June.
710 662 1106 711 runeonn.cne.x1u.
1336 648 1398 725 285

229 842 268 886 ex
291 824 388 887 altera
422 820 636 901 Pausaniam,
670 818 860 900 Neronem,
896 817 1059 883 Falerium
1082 816 1266 898 Principes.
1313 817 1399 904 Quis

230 952 295 998 non
318 933 380 999 bos
402 933 514 1015 potius
538 951 636 1013 quarn
661 929 736 994 illos
759 929 897 994 rebelles
919 929 1066 994 dixerit?
1099 928 1221 994 Multis
1245 927 1277 992 in
1298 928 1398 1007 locis,

230 1042 340 1124 inquit
364 1043 543 1127 Cajetanus
566 1045 598 1121 ¹,
622 1055 746 1108 statuta
768 1054 846 1105 sunt
869 1040 968 1119 talia,
992 1056 1030 1104 ut
1051 1058 1143 1123 reges
1168 1042 1239 1104 solo
1269 1038 1401 1104 nomine

231 1151 296 1216 sint
319 1173 429 1237 reges3
454 1167 486 1216 et
503 1155 599 1236 juxta
621 1151 799 1216 Proculum
823 1149 834 1184 ¹
859 1169 924 1215 non
948 1169 1189 1231 usquequaque
1221 1149 1305 1214 liber
1330 1169 1400 1214 esse

231 1261 355 1327 desinit
374 1263 537 1345 populus,
562 1260 620 1342 qui
645 1260 845 1358 superiorem
868 1260 979 1326 habet.
1025 1261 1183 1340 Idemque
1206 1259 1301 1340 multi
1322 1257 1400 1323 alii³

229 1386 402 1438 testantur.
448 1371 549 1458 Quod
580 1371 608 1436 si
638 1371 738 1437 dubia
768 1371 811 1436 sit
841 1370 976 1436 omnino
1006 1390 1127 1450 causa,
1155 1389 1221 1435 non
1246 1388 1401 1453 negamus

228 1482 370 1563 priorem
409 1483 497 1548 bono
531 1481 596 1547 civi
632 1501 702 1548 esse
741 1482 859 1547 debere
897 1481 1062 1563 Principis
1104 1501 1202 1561 quam
1237 1479 1401 1545 inferioris

228 1593 458 1676 cujuscunque
499 1593 706 1677 magistratus
747 1591 994 1658 auctoritatem:
1037 1593 1095 1658 sed
1129 1592 1240 1677 eadem
1276 1590 1402 1657 ratione

231 1702 333 1768 totius
365 1703 564 1785 reipublicae
595 1722 778 1769 consensus
809 1704 885 1785 plus
919 1703 1007 1786 apud
1041 1701 1158 1782 illum,
1182 1723 1281 1784 quam
1302 1702 1400 1768 unius

231 1813 391 1896 Principis
416 1816 569 1881 voluntas
591 1813 736 1893 valebit,
760 1834 834 1878 cum
859 1813 959 1898 hujus
982 1827 1128 1896 potestas
1156 1835 1173 1878 a
1201 1814 1401 1897 reipublicae

232 1938 393 2008 potestate
415 1925 580 1990 derivetur
595 1926 616 1990 ⁴.
642 1925 800 1990 Similiter
820 1939 945 2007 quanto
964 1927 1091 2010 legum,
1113 1945 1210 2006 quam
1229 1926 1401 1991 hominum

231 2035 391 2101 sanctiora
424 2051 456 2102 et
488 2035 729 2119 incorruptiota
762 2051 840 2103 sunt
871 2035 1030 2119 imperia,
1063 2051 1155 2102 tanto
1188 2056 1328 2118 aequum
1353 2052 1403 2102 est

231 2147 370 2229 priorem
395 2147 507 2213 haberi
530 2148 639 2231 legum
663 2147 864 2230 patriarum,
889 2167 986 2228 quam
1010 2147 1173 2230 Principis
1195 2148 1355 2213 rationem
1378 2153 1401 2212 ⁵.

232 2258 333 2345 Quod
365 2259 392 2324 si
422 2259 488 2342 jam
520 2261 668 2323 resoluto
700 2257 887 2340 principatu
919 2258 1101 2322 constituta
1131 2258 1175 2321 sit
1202 2258 1402 2340 reipublicae

232 2368 356 2449 forma,
382 2369 463 2450 quid
486 2368 519 2434 in
543 2369 697 2452 ambiguo
721 2368 816 2450 sequi
838 2368 954 2433 debeat
974 2367 1056 2433 civis
1064 2369 1138 2452 jura
1148 2369 1401 2448 monstrabunt,

232 2500 316 2562 quae
337 2479 497 2546 vindicias
521 2480 699 2544 decernunt
721 2498 781 2562 pro
804 2479 954 2544 libertate
974 2477 1006 2543 ⁶:
1031 2493 1063 2544 et
1085 2479 1201 2544 merito
1225 2499 1299 2544 cum
1323 2479 1402 2544 haec

231 2606 385 2657 anatura
417 2590 482 2670 sit,
516 2589 686 2672 imperium
709 2609 727 2654 a
750 2588 836 2655 facto
869 2589 1012 2655 hominis
1038 2589 1060 2654 ⁷.
1112 2590 1176 2655 Pro
1206 2588 1258 2655 his
1291 2605 1557 2667 autemusuprac.

232 2723 315 2783 quae
337 2717 452 2767 natura
475 2715 552 2766 sunt
574 2699 667 2766 favor
688 2715 751 2766 stat
774 2715 807 2764 et
828 2700 1038 2783 praesumtio.
1085 2701 1131 2765 Et
1153 2700 1216 2766 hoc
1241 2717 1289 2767 est
1308 2701 1399 2782 quod
1413 2661 1561 2759 meinulfi

231 2813 428 2896 posteriores
460 2811 605 2896 magistri
625 2817 636 2852 ⁸
657 2811 878 2892 tradiderunt,
912 2811 1054 2877 subditis
1078 2811 1117 2876 de
1141 2830 1201 2876 suo
1225 2827 1312 2878 statu
1334 2777 1486 2877 liti-‘m'
1502 2771 1546 2812 ω’

233 2924 385 3007 gentibus
408 2924 535 2987 nullum
560 2921 690 2986 interim
713 2921 950 3006 praejudicium
963 2920 1168 2986 inferendum
1181 2938 1293 2988 contra
1304 2922 1403 2987 liber-

232 3049 345 3100 tatem.
391 3034 493 3120 Quod
526 3033 664 3098 maxime
697 3052 812 3098 verum
847 3047 897 3098 est
930 3032 963 3098 in
996 3032 1146 3098 libertate
1177 3051 1243 3097 non
1279 3033 1402 3098 enormi

232 3165 338 3227 neque
363 3144 517 3225 effraeni,
542 3164 626 3225 quae
647 3143 779 3208 licentia
797 3143 910 3209 verius
930 3143 1073 3224 dicitur,
1097 3144 1209 3210 sedin
1232 3164 1270 3210 eo
1293 3158 1402 3224 statu,

233 3256 290 3336 qui
324 3255 562 3338 praefectorum
598 3255 692 3336 quasi
726 3254 935 3338 principatu,
980 3275 1151 3338 procerum
1186 3255 1402 3335 auctoritate,

232 3366 355 3431 civium
379 3347 608 3462 benevolentia
632 3365 788 3431 firmatur.
835 3367 881 3431 Et
903 3365 978 3432 hacc
1002 3366 1135 3448 quidem
1160 3367 1192 3432 in
1214 3367 1402 3432 universum

232 3477 320 3543 dicta
342 3477 383 3543 ad
405 3492 631 3562 argumentum
656 3493 803 3543 nostrum
829 3477 925 3543 facile
949 3478 1061 3559 quivis
1084 3478 1273 3560 applicabit.
1322 3479 1403 3543 Cae·

232 3604 337 3655 terum
371 3588 532 3654 Ordinum
565 3608 662 3654 causa
694 3603 864 3672 propterca
895 3610 1030 3671 quoque
1065 3589 1129 3672 piis
1154 3589 1284 3655 civibus
1308 3590 1405 3654 debet

232 3701 603 3782 esse-commendatior,
638 3702 729 3782 quod
749 3721 766 3764 a
785 3701 993 3784 Principibus
1022 3699 1086 3765 fere
1110 3700 1263 3766 omnibus
1287 3700 1405 3767 vicinis

271 4031 277 4062 ¹
296 4034 327 4080 ad
347 4036 438 4080 Summ.
457 4033 547 4079 Thom.
567 4045 590 4079 2.
611 4045 634 4079 α.
651 4045 693 4093 4ο.
714 4047 735 4081 1.
770 4029 815 4080 ²1.
832 4046 883 4080 non
902 4032 1000 4080 dubito.
1019 4033 1045 4079 ff.
1063 4034 1094 4080 de
1115 4044 1182 4092 capt.
1203 4031 1246 4095 [D.
1264 4046 1306 4095 49.
1319 4034 1401 4098 15.7.]

233 4123 244 4157 ³
270 4125 345 4183 Vasq.
370 4137 393 4171 c.
418 4136 441 4180 3.
465 4137 490 4171 n.
517 4137 540 4180 3.
566 4137 588 4172 c.
617 4135 657 4179 23.
679 4137 705 4170 n.
732 4135 755 4180 3.
779 4137 803 4172 c.
827 4136 869 4184 47.
894 4137 919 4170 n.
943 4138 967 4184 9.
986 4135 1010 4171 et
1030 4137 1082 4183 seq.
1116 4121 1221 4183 ⁴Vasq.
1238 4137 1261 4172 c.
1282 4137 1303 4171 1.
1321 4138 1346 4172 n.
1367 4139 1405 4174 rr.

233 4214 331 4262 ‘Idem
349 4228 372 4263 c.
389 4228 430 4274 41.
448 4228 472 4262 n.
492 4215 523 4262 26
538 4225 563 4262 et
579 4227 619 4272 27.
638 4213 705 4262 Vict.
724 4217 827 4275 (lepor.
845 4228 925 4275 papae
943 4226 968 4262 et
987 4228 1061 4263 conc.
1080 4229 1105 4262 n.
1124 4227 1154 4272 23
1174 4215 1200 4262 in
1210 4213 1269 4262 fine.
1305 4215 1316 4246 ⁶
1334 4218 1350 4263 l.
1361 4217 1406 4265 lite

233 4304 356 4352 ordinata.
373 4307 403 4353 C.
423 4306 453 4353 de
472 4305 517 4353 lib.
536 4319 618 4354 causa.
639 4306 681 4367 [C.
700 4318 724 4363 7.
745 4307 782 4354 16.
804 4305 856 4370 14.]
875 4306 964 4355 Livius
982 4306 1027 4353 lib.
1047 4319 1070 4363 3.
1089 4320 1113 4354 c.
1131 4319 1165 4367 44
1183 4319 1238 4366 sqq.
1257 4307 1282 4354 in
1301 4308 1406 4356 historia

232 4395 370 4455 Virginiac.
404 4393 493 4445 ⁷lnst.
518 4397 550 4444 de
574 4395 629 4452 iure
653 4397 761 4446 naturali
786 4401 808 4454 5.
832 4411 855 4444 2.
873 4398 927 4458 ibi,
944 4395 1000 4454 iure
1019 4397 1095 4444 enim.
1115 4395 1147 4458 [l.
1170 4411 1190 4445 1.
1209 4397 1245 4458 2.]
1280 4396 1361 4446 ⁸Bal.
1379 4399 1405 4446 in

233 4488 250 4533 Ι.
269 4499 325 4534 cum
343 4487 445 4546 aliquis.
464 4488 496 4534 ad
514 4485 599 4535 finem.
617 4489 646 4534 C.
666 4488 697 4535 de
715 4486 770 4544 jure
790 4489 867 4536 delib.
887 4487 930 4551 [C.
949 4490 972 4536 6.
992 4501 1031 4546 3ο.
1052 4487 1104 4550 21.]
