3546 5654
379 661 441 740 aad
679 677 726 723 os
749 675 843 744 Juas
868 675 1055 722 susanna.
1081 671 1162 722 ons.
1186 673 1251 722 xrr.

376 830 538 914 scriptio,
572 851 631 898 seu
661 829 933 900 consuetudinem
963 831 1068 896 mavis
1095 830 1214 898 dicere.
1268 829 1334 895 Sed
1362 849 1421 898 nec
1450 831 1550 916 hujus

376 959 436 1008 nec
467 943 556 1015 iilius
588 944 656 1009 vim
688 961 759 1008 esse
780 942 923 1023 aliquam
945 941 1030 1008 inter
1053 942 1170 1008 liberas
1192 942 1342 1007 nationes
1363 955 1419 1008 aut
1441 942 1550 1008 diver·

377 1071 484 1119 sarum
510 1055 657 1139 gentium
686 1053 881 1136 Principes,
903 1071 964 1118 nec
987 1054 1146 1119 adversus
1175 1074 1212 1118 ea
1242 1073 1326 1135 quae
1356 1053 1549 1137 primigenio

374 1165 448 1248 jure
478 1167 665 1232 introducta
696 1180 794 1244 sunt,
828 1184 902 1230 cum
933 1165 1083 1246 Vasquio
1115 1165 1329 1231 ostendimus.
1384 1166 1495 1230 Quare
1518 1179 1550 1230 et

376 1267 454 1358 hic',
477 1293 517 1342 ut
537 1279 592 1362 jus
615 1276 778 1347 mercandi
801 1275 970 1358 proprium
1002 1275 1080 1356 fiat,
1104 1276 1197 1358 quod
1226 1276 1434 1359 proprietatis
1455 1291 1550 1342 natu·

377 1407 442 1453 ram
469 1409 535 1454 non
559 1389 693 1472 recipit,
718 1389 811 1454 nullo
835 1401 981 1470 tempore
1012 1386 1159 1452 efficitur.
1206 1389 1320 1470 Itaque
1351 1407 1410 1454 nec
1432 1388 1549 1453 titulus

378 1500 431 1565 iric
465 1499 610 1566 adfuisse
648 1514 780 1582 potest,
815 1519 875 1563 nec
902 1499 990 1564 bona
1026 1499 1125 1564 iides:
1157 1519 1242 1581 quae
1273 1520 1346 1564 cum
1379 1499 1548 1565 manifeste

377 1612 519 1691 desunt,
551 1609 765 1694 praescriptio
794 1610 973 1678 secundum
1006 1629 1147 1676 canones
1173 1629 1239 1676 non
1267 1611 1322 1694 jus
1345 1610 1472 1676 dicetur
1491 1611 1548 1678 sed

377 1723 507 1806 injuria.
553 1723 646 1808 Quin
679 1738 711 1787 et
739 1722 809 1805 ipsa
833 1721 995 1787 mercandi
1026 1721 1119 1802 quasi
1142 1722 1308 1805 possessio
1331 1741 1397 1788 non
1421 1743 1461 1788 ex
1477 1723 1549 1806 jure

377 1835 511 1916 proprio
543 1833 722 1917 contigisse
752 1833 907 1914 videtur,
940 1832 999 1898 sed
1021 1853 1060 1897 ex
1088 1835 1161 1918 jure
1181 1834 1373 1913 communi,
1396 1834 1490 1915 quod
1509 1834 1549 1899 ad

377 1964 491 2014 omnes
524 1945 704 2027 acqualiter
734 1944 893 2028 pertinet:
925 1943 1014 2009 sicut
1047 1959 1158 2010 contra
1181 1945 1274 2028 quod
1296 1945 1377 2010 aliae
1401 1945 1548 2012 nationes

377 2077 453 2122 cum
477 2057 566 2122 indis
587 2057 777 2122 contrahere
801 2054 886 2121 forte
908 2058 1141 2141 neglexerunt,
1164 2055 1199 2121 id
1226 2075 1292 2122 non
1311 2056 1547 2122 Lusitanorum

377 2168 479 2252 gratia
514 2167 629 2233 fecisse
663 2167 871 2234 existimandi
905 2182 1005 2248 sunt,
1039 2167 1097 2234 sed
1130 2167 1208 2249 quia
1231 2167 1294 2233 sibi
1326 2167 1372 2232 ita
1396 2167 1547 2250 expedire

376 2278 603 2346 crediderunt:
631 2279 724 2362 quod
749 2279 832 2347 nibil
855 2281 987 2360 obstat,
1012 2279 1189 2361 quominus
1218 2278 1276 2344 ubi
1298 2279 1438 2344 suaserit
1460 2279 1548 2344 utili·

377 2403 426 2455 tas
454 2389 489 2455 id
515 2389 623 2457 facere
651 2391 798 2474 possint,
826 2390 919 2472 quod
953 2405 1046 2456 antea
1066 2409 1133 2455 non
1159 2389 1309 2456 iecerint.
1357 2391 1548 2456 Certissima

377 2500 463 2566 enim
496 2502 551 2566 illa
583 2504 695 2586 regula
718 2522 735 2566 a
757 2501 980 2568 doctoribus1
1007 2503 1147 2567 traditur
1182 2502 1215 2567 in
1247 2501 1322 2581 bis,
1355 2522 1440 2583 quae
1472 2517 1549 2568 sarit

378 2611 473 2677 liberi
505 2612 629 2680 arbitrii
657 2633 715 2679 seu
739 2633 844 2679 merae
868 2611 1059 2693 facultatis,
1083 2613 1127 2677 ita
1150 2627 1189 2677 ut
1210 2633 1269 2695 per
1283 2633 1326 2678 se
1349 2627 1457 2680 actum
1481 2629 1549 2680 tan-

377 2737 447 2788 tum
478 2722 647 2791 facultatis
682 2725 776 2808 ejus,
809 2743 875 2790 non
907 2739 1017 2789 autern
1043 2726 1097 2809 jus
1120 2743 1243 2790 novum
1266 2739 1466 2807 operentur,
1489 2745 1548 2791 nee

377 2835 643 2918 praescriptionis
676 2856 735 2900 nec
768 2835 1021 2901 consuetudinis
1061 2836 1160 2901 titulo
1194 2853 1296 2902 annos
1331 2835 1426 2901 etiam
1461 2837 1550 2902 mille

377 2945 556 3012 valituros:
587 2947 678 3028 quod
699 2962 732 3012 et
755 2947 944 3012 affirmative
969 2961 1001 3011 et
1021 2947 1174 3032 negative
1196 2947 1368 3029 procedit,
1393 2962 1430 3012 ut
1452 2948 1549 3015 docet

378 3056 548 3138 Vasquius
566 3056 590 3122 ².
634 3059 706 3123 Nec
735 3058 820 3124 enim
844 3059 936 3140 quod
959 3059 1059 3124 libere
1082 3057 1169 3139 feci,
1193 3057 1299 3124 facere
1331 3079 1455 3143 cogor,
1489 3080 1549 3125 nec

377 3168 471 3248 quod
501 3187 568 3233 non
600 3167 686 3249 feci,
715 3168 876 3234 omittere.
924 3170 1087 3253 Alioquin
1120 3170 1201 3252 quid
1234 3186 1322 3236 esset
1353 3171 1548 3254 absurdius,

377 3297 476 3359 quam
500 3299 540 3343 ex
562 3299 602 3345 eo
626 3282 717 3362 quod
739 3281 862 3365 singuli
884 3300 948 3346 non
969 3301 1146 3365 possumus
1167 3302 1240 3348 cum
1263 3282 1402 3366 singulis
1423 3303 1549 3365 semper

377 3390 593 3472 contrahere,
627 3392 754 3456 salvum
785 3390 884 3460 nobis
916 3391 948 3457 in
982 3407 1148 3475 posterum
1182 3413 1249 3458 non
1286 3414 1354 3460 esse
1385 3395 1440 3478 jus
1473 3414 1548 3459 cum

378 3499 469 3580 illis,
489 3501 517 3566 si
539 3520 621 3568 usus
644 3503 1034 3583 tulerit,contrabendii
1081 3504 1170 3569 idern
1194 3503 1363 3586 Vasquius
1382 3503 1394 3538 ⁸
1412 3520 1445 3570 et
1467 3505 1551 3570 illud

377 3610 580 3692 rectissime,
604 3633 644 3678 ne
668 3613 799 3679 infinito
822 3615 956 3696 quidem
980 3629 1126 3698 tempore
1147 3615 1253 3696 effici,
1278 3631 1315 3680 ut
1336 3616 1418 3698 quid
1438 3636 1548 3682 neces·

376 3721 472 3788 sitate
495 3723 609 3806 potius
633 3745 729 3806 quam
752 3740 869 3809 sponte
893 3726 1016 3792 factum
1039 3725 1202 3792 videatur.
1241 3727 1412 3792 Probanda
1436 3728 1549 3808 itaque

375 3834 548 3901 Lusitanis
571 3835 657 3902 soret
676 3837 827 3919 coactio,
855 3858 940 3920 quae
963 3852 1069 3904 tamen
1094 3838 1185 3921 ipsa,
1199 3859 1273 3904 cum
1297 3839 1357 3905 bac
1382 3838 1415 3904 in
1438 3838 1548 3923 rejuri

378 4038 573 4050 --—-....

411 4156 418 4191 1
435 4160 517 4210 iil-et
538 4161 606 4212 Bart.
625 4159 651 4212 ia
666 4161 683 4214 l·
701 4160 769 4214 vitm
784 4159 922 4224 purtem
939 4159 965 4207 ff.
981 4161 1014 4210 de
1032 4159 1075 4212 via
1093 4159 1163 4220 publ.
1184 4158 1228 4225 [D.
1244 4173 1285 4222 4³.
1304 4175 1343 4215 rr.
1363 4161 1399 4223 a]
1435 4160 1547 4218 balbas

375 4261 400 4307 4.
421 4262 478 4315 par.
502 4260 528 4310 5.
549 4263 602 4309 par.
625 4250 707 4310 princ.
731 4263 756 4318 q.
783 4263 804 4298 1.
822 4250 880 4300 Pan.
905 4249 931 4297 in
950 4264 973 4300 c.
991 4263 1023 4302 ex
1041 4263 1112 4311 parre
1130 4250 1252 4307 nsrensis,
1271 4253 1302 4306 de
1327 4265 1443 4308 concess.
1460 4252 1547 4318 maes,

377 4338 517 4400 [Decretal.
536 4353 558 4396 3.
578 4343 600 4387 8.
619 4339 670 4403 10.]
690 4342 739 4394 Dd.
753 4340 779 4387 in
798 4342 815 4388 l.
835 4341 879 4402 qui
896 4339 951 4398 iure
970 4341 1156 4390 familiaritatis.
1182 4341 1207 4389 ii.
1227 4344 1258 4396 de
1277 4356 1332 4403 acq.
1348 4357 1417 4404 poss.
1444 4342 1489 4414 [D.
1505 4356 1547 4404 41.

376 4443 398 4478 2.
424 4429 479 4494 am]
497 4442 522 4478 et
545 4433 642 4490 allegat.
665 4431 875 4490 peecaverunt
894 4445 916 4479 c.
935 4445 1076 4492 possessor.
1093 4446 1119 4492 p.
1143 4446 1165 4480 2.
1175 4435 1197 4490 i.
1205 4445 1230 4494 4.
1239 4447 1264 4481 n.
1274 4434 1298 4482 6.
1332 4431 1343 4464 ²
1361 4436 1486 4484 Controv.
1501 4447 1548 4482 usu

372 4519 655 4581 freq.e.4.rr.ro.et
676 4533 714 4569 ro.
745 4518 843 4571 ida.
862 4533 901 4571 ra.
