3552 5654
540 644 587 690 nn
610 646 704 712 June
730 646 916 694 rannone,
942 647 1025 694 cnr.
1050 647 1086 692 x.
1345 645 1405 708 147

232 799 368 866 ritoruur
389 796 485 863 etiam
504 816 599 879 saepe
617 797 728 864 habita
745 799 848 879 ratio,
872 799 960 866 sicut
978 799 1126 866 Marcius
1137 847 1157 877 ,,
1170 798 1263 880 quod
1280 797 1408 864 fortiter

232 908 384 990 fecisset,
408 928 448 974 ex
467 907 586 992 praeda
605 909 781 976 Coriolana
799 909 939 975 donatus
959 925 1009 976 est
1026 930 1044 975 a
1061 907 1244 974 Postumio.
1267 909 1408 978 Utrovis

230 1020 329 1086 modo
348 1017 469 1086 divisio
490 1017 601 1098 fieret,
624 1018 743 1084 licebat
755 1020 942 1104 imperatori
953 1023 1112 1104 ἐξαίρετον,
1134 1020 1199 1086 lroc
1218 1034 1286 1096 est,
1304 1033 1408 1105 prae·

230 1135 364 1218 cipuum
397 1129 462 1196 sibi
494 1129 639 1220 accipere
674 1145 832 1213 quantum
853 1134 976 1210 vellet,
1003 1145 1039 1196 ut
1061 1129 1222 1196 Ocrisiam
1246 1129 1407 1196 Comicu-

232 1243 337 1306 lanam
366 1242 441 1307 Rex
471 1241 606 1306 Tullius
630 1244 653 1307 ¹.
704 1241 874 1308 Fabricius
906 1243 993 1326 apud
1024 1241 1306 1308 Halicarnasseum
1335 1241 1346 1277 ¹
1373 1239 1407 1306 in

232 1351 381 1418 oratione
408 1351 449 1417 ad
478 1350 658 1448 Pyrrhum:
690 1355 801 1422 ἐκείνων
826 1357 999 1437 &metirer
1028 1356 1090 1434 ἐξόν
1117 1379 1164 1435 μοι
1187 1357 1293 1434 λαβεῖν
1314 1352 1408 1420 iudea

230 1465 406 1545 βουλοίμην,
426 1482 467 1526 ex
485 1463 537 1525 hir
556 1481 641 1546 quae
660 1460 742 1526 ballo
761 1475 862 1547 capta
881 1475 980 1527 crant
1000 1462 1121 1526 licebat
1141 1462 1224 1526 mihi
1242 1474 1406 1546 quantum

233 1570 348 1640 sellam
364 1575 521 1657 accipere.
568 1571 643 1638 Hoc
662 1571 973 1655 Isidorus³respicit
991 1591 1088 1656 agens
1106 1572 1147 1636 de
1165 1572 1238 1656 iure
1259 1571 1406 1636 militari:

234 1682 317 1746 Item
344 1681 496 1766 praedae
525 1681 644 1748 decisio
676 1697 707 1748 et
725 1697 789 1770 pro
807 1697 1029 1769 personarum
1053 1681 1279 1768 qualitatibus
1301 1695 1333 1747 et
1356 1682 1371 1746 l
1392 1716 1407 1730 ·

233 1791 365 1858 boribus
372 1793 473 1877 justa
484 1792 603 1860 divisio
621 1815 661 1858 ac
673 1793 845 1878 Principis
851 1797 978 1878 portio.
1003 1791 1207 1875 Tarquinius
1221 1791 1406 1875 Superbus,

234 1917 274 1967 ut
303 1903 390 1985 apud
421 1901 558 1968 Livium
579 1903 590 1938 ⁴
609 1918 680 1985 cst,
714 1919 747 1970 et
779 1904 847 1987 ipse
882 1903 977 1970 ditari
1012 1904 1183 1984 volebat‚'
1205 1917 1238 1969 et
1271 1902 1407 1970 delinire

233 2014 350 2095 praeda
383 2015 589 2098 popularium
624 2015 759 2080 animos.
805 2009 966 2082 Servilius'
990 2021 1002 2058 ⁵
1028 2013 1063 2080 in
1096 2014 1243 2080 oratione
1271 2033 1331 2096 pro
1362 2013 1406 2079 L.

234 2122 337 2190 Paulo
356 2125 438 2190 dicit
457 2144 531 2190 eum
550 2125 667 2207 praeda
685 2125 854 2207 partienda
870 2145 904 2190 se
924 2126 1119 2208 locupletem
1134 2123 1240 2190 facere
1249 2123 1407 2206 potuisse.

234 2233 321 2300 Sunt
345 2250 451 2301 autern
481 2234 539 2318 qui
558 2232 570 2269 ⁸
590 2236 673 2301 hanc
703 2235 816 2317 potius
846 2233 1049 2318 imperatoris
1076 2234 1259 2318 portionem
1296 2251 1408 2298 manu·

234 2345 360 2410 biarum
381 2345 514 2412 nomine
535 2345 712 2429 significari
735 2345 851 2412 velint.
898 2345 1046 2410 Laudata
1064 2363 1142 2409 vero
1166 2342 1325 2426 imprimis
1348 2342 1409 2407 du·

234 2474 310 2520 cum
333 2454 551 2534 abstinentia,
581 2455 640 2537 qui
668 2458 724 2540 jus
754 2475 850 2524 suum
879 2454 1079 2521 remittentes
1104 2453 1254 2536 praedam
1274 2452 1408 2519 omnino

234 2583 301 2629 non
324 2563 522 2648 attigerunt,
547 2579 586 2630 ut
608 2564 683 2645 ille,
708 2585 806 2649 quem
817 2565 917 2646 dico,
939 2564 1131 2646 Fabricius,
1156 2580 1188 2632 et
1201 2563 1311 2647 Scipio
1321 2563 1409 2629 victa

236 2674 435 2759 Carthagine
453 2677 475 2739 ⁷.
522 2675 595 2740 Aut
626 2674 684 2758 qui
716 2676 843 2762 modice
866 2675 1072 2758 delibarunt,
1096 2691 1136 2742 ut
1156 2675 1333 2759 Pompejus
1356 2693 1409 2740 or·

235 2799 333 2850 natur
364 2783 501 2849 Catonis
524 2785 642 2868 ¹elogio
675 2785 762 2868 apud
794 2784 988 2867 Lucanum,
1024 2785 1117 2868 quod
1148 2787 1242 2868 plura
1274 2783 1408 2850 retentis

235 2895 411 2962 intulisset.
457 2896 493 2960 In
525 2896 688 2964 divisione
718 2897 829 2963 habita
851 2897 1014 2964 interdum
1037 2897 1120 2963 ratio
1144 2895 1347 2976 absentium,
1372 2909 1410 2960 ut

233 3006 268 3074 in
292 3021 387 3089 capto
417 3006 555 3074 Anxure
585 3007 706 3074 Fabius
730 3008 916 3076 Ambustus
939 3007 1115 3074 constituit
1132 3011 1166 3088 ⁸,
1190 3020 1409 3091 congruenter

236 3117 461 3184 Hebraeorum
487 3118 654 3186 moribus:
678 3118 842 3185 interdum
861 3119 1080 3202 praesentium
1103 3116 1318 3200 quorumdam
1342 3135 1408 3182 non

234 3227 369 3311 habita,
393 3243 431 3294 ut
454 3228 641 3296 Minuciani
665 3229 829 3296 exercitus
849 3229 1009 3296 dictatore
1029 3228 1229 3296 Cincinnato
1238 3234 1263 3293 ⁹.
1308 3227 1410 3314 Quod

234 3353 343 3404 autem
373 3339 427 3424 jus
461 3339 494 3405 in
525 3339 702 3406 dividenda
734 3340 852 3423 praeda
882 3340 986 3406 veteri
1013 3340 1180 3423 republica
1200 3337 1409 3421 imperatores

235 3450 379 3514 habuere
402 3448 436 3515 id
458 3465 570 3534 postea
592 3451 633 3517 ad
655 3451 826 3536 magistros
848 3451 1201 3518 militum'translatum
1223 3469 1263 3513 ex
1284 3448 1410 3514 Codice

232 3559 633 3644 Justinimeo¹⁰apparet,
657 3561 716 3628 ubi
735 3583 753 3626 a
773 3577 937 3646 gestorum
960 3562 1182 3630 insinuatione
1192 3561 1410 3626 absolvuntur

236 3669 430 3736 donationes
451 3691 558 3738 rerum
582 3673 754 3739 mobilium
777 3674 830 3739 vel
851 3693 885 3740 se
906 3673 1129 3752 moventium,
1153 3691 1235 3754 quas
1264 3669 1409 3754 magistri

237 3780 378 3846 militurn
406 3780 567 3847 militibus
595 3797 759 3864 praestant
787 3803 826 3848 ex
854 3782 969 3866 spoliis
995 3782 1163 3863 hostium,
1189 3781 1261 3846 sive
1284 3780 1318 3846 in
1341 3779 1411 3862 ipsa

271 4074 279 4107 ¹
298 4077 376 4125 Dion.
400 4075 484 4125 Halic.
508 4075 595 4136 Antiq.
620 4078 639 4124 1.
662 4089 687 4138 4.
707 4074 745 4139 [p.
764 4076 822 4124 eoo.
839 4089 878 4124 vs.
895 4074 948 4138 46.]
986 4071 997 4106 ²
1014 4075 1040 4122 in
1058 4074 1146 4134 fragm.
1166 4072 1204 4136 [p.
1222 4084 1279 4133 747.
1297 4085 1337 4120 vs.
1354 4069 1408 4133 4r.]

237 4164 248 4199 ⁸
265 4167 330 4226 orig.
348 4169 365 4214 l.
384 4177 408 4222 5.
424 4180 448 4215 c.
473 4178 497 4225 7.
522 4166 615 4215 citatur
633 4166 660 4214 in
677 4179 701 4215 c.
718 4164 758 4223 ius
776 4165 894 4214 militare.
913 4165 1002 4227 [Dect.
1021 4166 1089 4212 Grat.
1107 4179 1133 4225 p.
1154 4177 1175 4211 r.
1196 4177 1217 4211 r.
1237 4161 1290 4226 to]
1324 4159 1336 4193 ⁴
1353 4163 1412 4211 Liv.

236 4258 255 4304 1.
275 4270 297 4304 1.
317 4256 353 4320 [c.
372 4256 426 4322 ⁵7·]
462 4256 546 4306 ‘Lim
564 4259 582 4306 l.
599 4269 640 4318 45.
660 4257 696 4320 [c.
715 4255 766 4320 ³7·]
802 4255 890 4305 ‘Asc
908 4255 935 4304 in
948 4256 1020 4304 verr.
1037 4267 1060 4312 5.
1075 4255 1138 4318 [Ap.
1154 4255 1233 4302 Orell.
1248 4263 1286 4301 est
1301 4254 1411 4314 pseudo-

237 4348 366 4398 Asconius
385 4348 412 4398 in
429 4359 477 4398 aot.
496 4362 519 4397 2.
536 4349 564 4400 in
581 4349 686 4398 Verrem
703 4349 735 4398 ad
754 4351 776 4407 §-
796 4347 864 4410 154]
899 4344 993 4396 ⁷Plut.
1011 4348 1042 4398 de
1060 4346 1120 4396 fort.
1141 4343 1181 4409 [p.
1197 4357 1238 4408 97.
1255 4343 1292 4410 c.]
1327 4342 1412 4394 ⁸Liv.

238 4439 257 4486 i.
273 4451 298 4500 4.
318 4438 355 4500 [c.
374 4439 426 4502 ⁵9·]
461 4438 568 4490 ⁸idem.
586 4442 603 4489 1.
622 4453 645 4498 5.
665 4437 700 4504 [c.
719 4439 772 4502 29.]
810 4435 831 4472 ¹⁰
848 4440 865 4487 l.
882 4438 904 4488 si
921 4438 979 4498 quit
996 4451 1043 4498 pro
1062 4439 1167 4488 redemt.
1184 4439 1207 4496 5.
1219 4449 1240 4486 1.
1250 4435 1328 4484 simili
1337 4435 1411 4484 etiam

241 4528 328 4576 modo.
347 4530 376 4576 c.
395 4530 426 4577 de
444 4531 529 4578 donat.
549 4529 591 4594 [c.
610 4533 633 4578 8.
653 4542 692 4591 54.
711 4530 750 4586 56.
768 4532 790 4588 5.
812 4528 845 4592 1.]

1222 4617 1280 4681 10*
