3552 5654
565 667 613 712 na
637 667 731 732 June
756 665 943 714 annonas.
969 666 1048 712 car.
1076 668 1108 711 x.
1356 666 1416 728 139

243 832 304 884 aut
334 821 364 884 is
394 821 451 884 cai
475 817 641 905 praedam
670 819 909 906 acquirendam
933 818 991 884 ilie
1013 817 1210 906 assignavit.
1256 817 1413 899 Sequitur
1432 838 1559 904 confirm

242 928 459 996 consideratio
493 907 708 1011 acquirendae
741 929 877 1012 praedae
911 950 951 994 ex
984 930 1074 996 bello.
1087 954 1089 958 ’
1104 929 1261 1013 publico:
1295 929 1328 994 in
1352 949 1417 1011 qua
1425 893 1536 1008 iiiiii:

243 1058 318 1106 sane
353 1061 391 1105 eo
421 1040 574 1124 majorem
609 1039 745 1106 anobis
774 1039 855 1123 ipsis
887 1039 1086 1125 diligentiam
1122 1039 1304 1124 exigimus,
1340 1041 1417 1123 quia
1430 1027 1548 1126 mg?

241 1151 438 1236 posteriores
456 1149 684 1235 jurisconsulti
716 1151 821 1217 secuti
853 1168 1013 1216 canonum
1037 1151 1229 1234 interpretes
1251 1171 1309 1232 ea,
1332 1171 1417 1234 quae

242 1277 319 1328 sunt
331 1259 581 1328 consuetudinis
594 1276 626 1326 et
647 1261 779 1344 quidem
799 1261 931 1328 missine
950 1261 1163 1342 universalis,
1186 1261 1279 1344 quasi
1298 1261 1417 1345 prima-

241 1372 325 1438 rium
344 1373 399 1456 jus
421 1372 567 1456 gentium
598 1375 796 1441 retulerunt:
830 1387 862 1438 et
893 1372 1025 1454 quidem
1057 1373 1100 1438 ita
1130 1387 1334 1456 praepostere
1358 1387 1415 1454 ut,

242 1503 315 1548 cum
347 1501 441 1565 saepe
474 1483 630 1568 legissent
652 1484 686 1550 in
715 1480 788 1567 jure
813 1484 964 1549 Romano
987 1499 1081 1567 capta
1104 1483 1299 1565 capientium
1324 1483 1415 1565 fieri,
1457 1556 1460 1562 ,

242 1593 275 1656 in
299 1593 479 1658 canonibus
513 1609 620 1660 autem
650 1593 803 1660 distribui
831 1594 981 1676 praedam
1009 1595 1144 1677 publico
1172 1594 1328 1676 arbitrio,
1361 1593 1416 1659 alii
1532 1583 1537 1596 ’

241 1718 318 1786 post
349 1703 431 1769 alios
452 1707 460 1740 ¹
481 1704 624 1770 dixerint
653 1704 758 1788 primo
791 1704 862 1770 fieri
894 1720 986 1788 capta
1016 1707 1220 1790 singulorum
1242 1725 1340 1771 manu
1363 1726 1417 1770 ca·

241 1813 424 1897 pientium,
457 1814 516 1879 sed
546 1830 654 1880 tamen
685 1815 877 1900 assignanda
908 1815 1009 1896 duci,
1042 1816 1098 1899 qui
1129 1815 1304 1882 distribuat
1333 1817 1417 1883 inter

241 1925 377 1992 milites:
411 1925 503 2007 quod
534 1926 667 2008 quidem
700 1927 858 1992 rationem
886 1928 1007 1993 nullam
1031 1928 1141 1994 habet.
1187 1927 1273 1992 Nam
1295 1926 1416 2012 singuli

242 2035 290 2101 illi
322 2035 485 2118 capientes
519 2057 593 2102 cum
625 2057 721 2102 causa
753 2038 995 2118 destituantur,
1025 2052 1063 2102 ut
1085 2037 1248 2118 diximus,
1273 2037 1359 2102 sicut
1382 2038 1415 2102 in

240 2147 391 2230 privetu,
416 2146 460 2212 ita
479 2146 513 2212 in
532 2147 666 2230 publico
686 2149 772 2212 bello
792 2166 858 2214 non
871 2163 1010 2230 possunt
1022 2148 1200 2230 acquirere.
1224 2149 1262 2212 In
1273 2164 1415 2230 utroque

242 2257 325 2324 enim
348 2256 457 2322 eadem
478 2257 639 2323 obtinent.
662 2257 807 2322 Primum
828 2278 901 2322 cum
921 2257 1103 2341 pertineant
1123 2258 1163 2323 ad
1183 2259 1414 2340 rempublicam
1481 2249 1482 2252 '

241 2367 319 2432 belli
332 2367 560 2449 susceptricem
573 2368 687 2432 damna
707 2382 739 2433 et
758 2367 942 2450 impensae,
955 2389 1038 2451 quae
1056 2389 1073 2432 a
1090 2368 1231 2434 subditis
1249 2368 1415 2450 sociisque

240 2479 444 2557 tolerantur,
477 2491 515 2542 ut
548 2477 626 2543 alibi
658 2478 781 2543 dictum
813 2498 890 2543 mox
911 2479 1043 2561 planius
1065 2478 1301 2562 explicabitur,
1335 2479 1415 2544 haec

240 2607 367 2653 summo
390 2586 565 2671 privilegio
588 2588 628 2653 de
650 2588 768 2669 praeda
790 2588 979 2654 deducenda
1001 2604 1087 2656 sunt.
1133 2588 1347 2656 Praeferenda
1366 2603 1416 2654 est

242 2697 337 2762 etiam
362 2701 496 2763 caeteris
519 2697 703 2780 respublica
726 2699 872 2764 inomni
899 2701 994 2783 jure,
1016 2700 1108 2781 quod
1133 2701 1232 2767 habet
1259 2701 1414 2768 adversus

240 2808 392 2888 hostem,
420 2823 488 2874 tum
522 2809 598 2891 quia
626 2807 800 2891 vigilavit,
833 2824 903 2874 tum
933 2810 1010 2891 quia
1041 2829 1108 2875 non
1138 2824 1258 2874 temere
1290 2810 1414 2893 ubique

239 2934 405 3001 receptum
430 2933 500 2999 est,
533 2933 570 2984 ut
593 2918 694 2984 fiscus
725 2919 842 2984 habeat
863 2923 1097 3003 aparorpaiiam
1130 2920 1338 3002 primumque
1358 2921 1413 3004 jus

240 3028 354 3094 crediti
386 3029 555 3112 exigendi:
588 3029 725 3094 maxime
758 3029 791 3093 in
824 3031 927 3094 laesae
959 3029 1138 3113 majestatis
1169 3030 1324 3112 crimine,
1360 3031 1413 3097 cui

240 3153 443 3221 comparatur
468 3139 539 3222 ejus
558 3139 754 3222 reipublicae
773 3140 951 3222 iniquitas,
976 3161 1059 3222 quae
1078 3127 1212 3207 alterius
1231 3142 1414 3207 innocentis

239 3268 349 3332 pacem
370 3264 401 3313 et
420 3263 540 3314 statum
560 3250 679 3316 turbat.
713 3251 766 3315 Ex
784 3251 836 3316 his
855 3271 972 3317 novam
991 3249 1183 3336 colligemus
1200 3253 1412 3335 sententiam,
1426 3269 1500 3313 rara.

241 3375 333 3442 capta
365 3360 452 3425 bello
480 3360 614 3442 publico
644 3360 841 3443 reipublicae
873 3361 943 3427 fieri
977 3362 1186 3444 suscipientis
1216 3362 1320 3429 donec
1350 3365 1413 3446 ipsi
1426 3321 1506 3366 ‘m'

241 3470 442 3535 satisfactum
467 3470 519 3536 sit.
543 3472 751 3558 Quamquam
775 3493 833 3538 cur
853 3492 971 3538 novam
991 3473 1088 3538 dico?
1104 3474 1209 3556 Apud
1226 3475 1413 3541 Isidorum²

241 3581 323 3647 inter
346 3581 423 3646 alias
448 3602 531 3664 quae
559 3583 646 3666 apud
677 3582 770 3648 illum
799 3598 876 3650 sunt
899 3584 972 3650 aevi
992 3584 1149 3649 doctioris
1172 3584 1328 3667 reliquias
1350 3587 1413 3650 hoc

241 3691 337 3757 etiam
366 3692 524 3784 legimus:
557 3693 591 3758 in
621 3695 694 3776 Jure
725 3693 857 3760 militari
886 3695 1007 3760 versari
1034 3695 1170 3778 praedae
1192 3695 1412 3776 decisionem,

242 3817 274 3868 et
291 3822 351 3886 pro
370 3821 580 3885 personarum
601 3803 815 3885 qualitatibus
835 3805 1051 3880 etlaboribus
1068 3807 1187 3889 justam
1201 3805 1411 3872 divisionem:

240 3911 317 3977 item
352 3912 515 3995 Principis
548 3913 745 3995 portionem.
794 3915 887 4000 Quae
921 3915 1021 3980 verba
1055 3914 1249 3980 examinanti
1283 3916 1411 3999 liquido

251 4090 435 4101 u-——n-—a—

273 4181 281 4214 ¹
300 4185 366 4231 Bart.
389 4185 421 4231 ad
440 4185 457 4230 1.
471 4183 493 4232 si
512 4183 573 4244 quid
591 4181 667 4232 bello.
682 4185 709 4233 ff.
725 4187 756 4234 de
772 4198 838 4246 capt.
855 4183 900 4248 [D.
914 4200 955 4248 49.
975 4199 1014 4241 15-
1032 4187 1084 4248 28.]
1105 4189 1179 4234 Alex.
1196 4198 1220 4235 et
1238 4188 1288 4249 Jas.
1305 4189 1336 4235 ad
1352 4190 1368 4236 l.
1390 4201 1410 4236 1.

238 4272 265 4338 ff.
290 4275 321 4322 de
343 4287 397 4333 acm
414 4287 483 4333 poss.
510 4273 554 4337 [D.
577 4289 618 4336 4ι.
637 4277 673 4337 a]
692 4276 755 4325 Inst.
774 4279 804 4324 de
823 4290 873 4325 rere
893 4276 945 4326 div.
963 4281 984 4335 ς.
1005 4277 1144 4337 itemquae
1162 4291 1194 4325 ex
1213 4279 1280 4326 host.
1297 4277 1328 4341 [Ι.
1348 4293 1369 4327 2.
1388 4293 1410 4328 1.

239 4367 261 4422 5.
287 4363 337 4428 17.]
357 4367 415 4412 Pan.
432 4367 464 4413 ad
478 4379 501 4412 c.
517 4367 592 4414 sicut.
609 4369 640 4415 de
655 4365 760 4424 jurejur.
783 4367 919 4430 [Decretal.
936 4382 958 4416 2.
978 4381 1017 4428 24.
1035 4367 1087 4429 ap]
1113 4382 1138 4415 n.
1161 4379 1184 4426 7.
1203 4370 1293 4416 Thom.
1308 4384 1410 4430 gramm.

238 4455 324 4502 Decis.
343 4455 423 4516 Neap.
442 4467 481 4514 71.
499 4470 524 4504 n.
548 4470 586 4516 17.
605 4459 680 4506 Mart.
700 4460 777 4506 Laud.
793 4460 824 4508 de
842 4459 920 4507 bello.
936 4474 960 4520 q.
977 4474 1002 4521 4.
1036 4457 1146 4518 ²Etym.
1165 4462 1180 4508 l.
1199 4473 1220 4516 5.
1240 4474 1261 4507 c.
1280 4473 1303 4518 7.
1320 4461 1411 4510 citatur

239 4545 265 4591 in
282 4559 303 4592 c.
320 4543 360 4602 jus
376 4545 494 4595 militare.
513 4548 557 4596 nbi
573 4549 632 4597 vido
652 4552 691 4598 Gl.
708 4549 793 4610 [Deer.
813 4551 881 4598 Grat.
900 4564 925 4608 p.
947 4564 967 4598 1.
987 4565 1007 4598 1.
1026 4551 1075 4611 ro]
