3552 5654
519 662 564 712 DE
590 665 681 732 JURE
709 665 891 712 PRAEDAE.
918 667 995 711 CAP.
1022 666 1101 712 VIII.
1347 665 1405 727 113

228 834 334 886 orant
351 833 382 886 et
402 822 527 884 semitm
543 832 686 904 portant
707 821 753 886 ad
771 841 891 907 agrurn
909 839 1058 904 congrua
1075 824 1258 885 securitate
1278 819 1403 884 laeten-

226 946 297 998 tur.
322 931 369 996 Et
386 930 441 995 hic
461 929 555 994 etiam
573 945 768 997 mercatores
784 945 911 996 tantum
934 943 1104 996 extraneos
1116 929 1256 1013 intelligi
1269 949 1326 1012 par
1339 944 1401 996 est.

227 1043 407 1127 Cajetanus
431 1049 459 1105 ¹:
490 1055 555 1126 per
588 1055 787 1106 mercatores
821 1041 973 1126 intelligo
1003 1061 1066 1104 non
1090 1045 1312 1127 negotiatores
1344 1041 1403 1125 qui

226 1154 274 1217 ibi
297 1152 465 1234 resident,
490 1151 547 1217 sed
566 1151 640 1216 illos
662 1154 721 1237 qut'
743 1153 959 1236 hospitentur
981 1164 1042 1216 aot
1062 1164 1252 1217 transeunt.
1294 1147 1404 1234 Quors-

226 1265 296 1327 iem
324 1275 522 1327 mercatores
550 1262 676 1327 incolas
712 1283 775 1326 nors
804 1261 896 1329 tideo
929 1262 1074 1327 melioris
1094 1282 1159 1326 esse
1184 1260 1402 1340 conditionis,

163 1381 165 1384 ’
228 1393 327 1456 qoam
351 1369 508 1455 artifices.
553 1372 619 1438 Sed
638 1387 746 1439 totum
768 1371 833 1438 hoc
854 1372 997 1439 edictum
1007 1373 1092 1458 jurIs
1103 1370 1288 1456 pontificii,
1311 1373 1403 1454 quod

228 1482 256 1547 T
255 1504 393 1569 reegero
427 1486 620 1548 eanonicam
648 1497 790 1564 vocant,
815 1483 966 1550 doctores
990 1483 1001 1520 ²
1025 1504 1088 1550 usu
1110 1483 1269 1550 hodierno
1290 1503 1401 1566 recep·

227 1607 296 1660 tum
331 1607 467 1676 negant:
501 1612 608 1676 neque
642 1613 722 1660 vero
752 1613 881 1660 causam
913 1609 1103 1678 perpetuam
1142 1595 1251 1660 habet.
1313 1593 1402 1660 Illud

225 1719 331 1769 autem
356 1704 547 1786 perspicuae
571 1720 619 1770 est
641 1703 812 1785 veritatis,
836 1725 903 1771 rem
927 1705 1089 1788 alienam,
1113 1725 1197 1787 quae
1218 1705 1259 1771 ad
1271 1706 1397 1772 hostem

210 1833 291 1880 non
314 1815 495 1897 pertineat,
530 1817 593 1882 hoc
624 1829 732 1880 autem
763 1831 834 1896 cst,
857 1834 917 1884 nec
939 1817 979 1882 ad
1001 1817 1109 1884 socios
1131 1835 1191 1882 nec
1222 1816 1263 1882 ad
1284 1816 1398 1882 subdi-

226 1940 302 2008 tos,
334 1925 397 1992 etsi
426 1945 526 2009 penes
557 1926 685 1994 hostem
719 1926 785 2008 sit,
827 1927 1033 2010 capientibus
1068 1947 1136 1994 non
1170 1926 1272 2012 magis
1303 1947 1399 2010 posse

224 2035 373 2118 acquiri,
390 2057 484 2118 quam
510 2037 664 2103 creditori
686 2057 751 2102 rem
775 2039 1009 2105 commodatam
1031 2054 1087 2105 ant
1108 2037 1262 2104 furtivam
1286 2038 1320 2104 in
1340 2038 1399 2104 bo·

223 2147 275 2214 nis
299 2147 455 2212 debitoris
478 2163 649 2230 repertam.
696 2147 811 2214 Induci
835 2149 889 2215 hic
910 2150 1017 2216 obiter
1036 2163 1145 2232 potest
1166 2147 1320 2230 frequens
1344 2149 1532 2259 idumaea

224 2271 258 2323 et
280 2260 419 2324 multum
444 2258 518 2324 aliis
541 2256 553 2291 ⁸
572 2258 692 2344 agitata
715 2259 892 2340 quaesti0‚
916 2259 998 2341 quid
1019 2260 1108 2326 hosti
1128 2259 1223 2324 liceat
1245 2259 1278 2322 in
1303 2259 1400 2324 adve-

225 2386 283 2434 nas
316 2367 374 2450 qui
405 2367 494 2450 apud
524 2369 636 2434 hostes
668 2383 768 2450 sunt,
803 2369 904 2451 inque
927 2389 985 2435 cos
1009 2369 1067 2450 qui
1089 2369 1217 2434 hostem
1238 2368 1400 2434 mercibus

223 2478 350 2560 juvant.
381 2478 429 2541 Ac
449 2477 591 2560 primum
612 2479 734 2544 nullam
753 2478 807 2544 hic
829 2497 899 2544 esse
921 2479 987 2544 vim
1011 2479 1096 2561 loci,
1120 2478 1154 2545 in
1181 2499 1249 2560 quo
1272 2477 1400 2563 quispi-

225 2606 275 2652 am
308 2586 582 2669 deprehenditur,
615 2587 694 2655 satis
726 2589 938 2672 perspicuum
972 2605 1030 2656 est.
1075 2591 1188 2656 Locus
1222 2591 1306 2655 enim
1329 2589 1399 2674 ipse

224 2715 323 2762 causa
356 2696 567 2782 obligationis
600 2716 667 2762 non
697 2713 755 2763 est.
810 2698 983 2783 Obligatos
1010 2715 1117 2766 autem
1151 2721 1220 2767 esse
1243 2715 1397 2784 oportet,

226 2827 312 2890 quos
333 2807 429 2874 liceat
451 2807 590 2891 spoliare
612 2807 633 2874 ⁴.
658 2808 836 2893 Suhjacent
858 2808 959 2892 igitur
978 2810 1064 2874 bello
1088 2809 1258 2892 inquilini,
1281 2811 1309 2876 si
1329 2831 1398 2876 mo·

226 2919 269 2985 do
301 2939 374 3002 pars
406 2934 485 2985 sunt
516 2918 713 3002 reipublicae
746 2919 972 3000 adversariae,
1003 2938 1069 2986 non
1092 2918 1201 2984 minus
1224 2938 1320 3001 quam
1344 2918 1398 2984 alii

225 3030 363 3098 subditi.
410 3030 488 3096 Pars
511 3045 640 3113 autem,
675 3031 766 3112 quod
788 3033 871 3097 hanc
895 3031 1118 3113 quaestionem
1141 3029 1279 3108 attinet,
1303 3030 1398 3096 intel·

225 3141 282 3225 ligi
303 3141 440 3222 debent,
466 3141 524 3223 qui
545 3163 584 3207 eo
606 3157 683 3209 sunt
701 3142 775 3227 jure
797 3156 834 3208 nt
855 3142 895 3207 ad
914 3142 1088 3210 tuitionem
1110 3143 1180 3228 eins
1199 3140 1397 3224 reipublicae

225 3267 258 3318 et
279 3244 402 3319 tributa
425 3252 623 3319 conferenda
646 3253 797 3337 compelli
820 3253 957 3336 possint.
1003 3254 1113 3335 Nam,
1146 3268 1183 3319 ut
1206 3253 1398 3338 Agathias⁵

223 3379 312 3429 recte
345 3364 506 3447 explicat,
539 3364 644 3431 hostis
678 3383 745 3430 non
769 3366 925 3430 natalium
947 3367 1021 3431 loco
1045 3365 1225 3432 censendus
1247 3379 1316 3445 est,
1340 3361 1398 3430 sed

225 3494 266 3539 ex
292 3475 425 3556 studio,
444 3475 472 3541 si
497 3497 532 3541 ea
555 3475 653 3542 faciat
683 3497 766 3558 quae
787 3476 876 3543 hosti
899 3478 1029 3560 placent
1056 3491 1112 3542 aut
1134 3477 1261 3543 hostem
1291 3479 1396 3562 juvet.

225 3585 327 3673 Quod
358 3587 398 3652 ad
428 3587 583 3653 mercium
614 3602 814 3654 travectores
846 3587 984 3669 attinet,
1008 3588 1211 3670 exploratum
1235 3602 1285 3652 est
1308 3587 1397 3670 apud

225 3699 398 3782 theologos
427 3713 460 3763 et
484 3699 738 3783 jurisconsultos
762 3698 900 3783 obligari
932 3699 1093 3765 neminem
1117 3717 1157 3764 ex
1180 3698 1297 3764 damno
1320 3713 1397 3781 post
1423 3789 1426 3792 Ι

225 3805 348 3902 factum
381 3828 477 3875 suum
509 3823 645 3890 secuto,
679 3808 744 3874 nIsi
781 3809 839 3891 qui
874 3827 1002 3874 causam
1035 3808 1183 3890 dederit,
1218 3829 1324 3892 neque
1356 3829 1396 3874 ex

226 3919 342 3985 damno
367 3918 459 4000 quod
480 3931 553 3984 ante
576 3918 700 3986 factum
724 3938 819 3985 suum
844 3918 985 3998 accidit,
1009 3919 1072 3983 nisi
1097 3919 1155 4002 qui
1179 3939 1275 3985 causa
1295 3918 1397 3985 fucrit

223 4029 449 4113 impediendae
468 4028 696 4096 restitutionis.
741 4029 863 4112 Neque
882 4028 1001 4095 sufficit
1019 4049 1147 4096 causam
1167 4029 1293 4094 dedisse
1313 4049 1395 4110 quo·

225 4141 478 4223 modocunque‚
502 4139 556 4206 sed
580 4155 618 4206 ut
639 4141 735 4207 dolus
768 4155 825 4206 aut
847 4141 959 4206 saltem
983 4141 1078 4223 culpa
1100 4140 1185 4207 adsit
1206 4138 1394 4222 requiritur.

225 4253 295 4340 Qui
327 4252 428 4338 igitur
460 4271 546 4317 arma
577 4267 634 4318 aut
665 4251 727 4318 alia
759 4251 917 4335 quaevis,
950 4271 1033 4334 quae
1061 4251 1228 4336 proprium
1255 4251 1289 4316 in
1308 4252 1395 4318 bello
1442 4303 1445 4308 .

262 4457 270 4489 ¹
289 4458 316 4506 in
333 4461 424 4508 summ.
442 4472 540 4519 peccat.
559 4461 585 4510 in
603 4477 628 4510 v.
647 4461 712 4510 Belli
729 4463 825 4510 damna.
860 4457 946 4509 ²Pan.
965 4459 1010 4509 ibi.
1028 4459 1108 4508 wnn.
1125 4461 1206 4508 Math.
1224 4473 1277 4520 req.
1295 4473 1319 4510 a.
1338 4470 1395 4520 pa.

226 4545 238 4578 ³
259 4548 343 4596 tilher.
362 4550 436 4597 Gens.
454 4552 485 4597 de
503 4549 557 4605 iure
575 4551 636 4599 belli
654 4554 670 4599 1.
689 4565 713 4599 a.
733 4566 756 4600 c.
775 4563 816 4600 aa.
841 4551 853 4584 ⁴
870 4549 931 4600 Silv.
950 4551 1012 4599 inv.
1024 4550 1208 4610 Repressaliae.
1228 4553 1248 4609 ε.
1268 4564 1291 4607 5.
1317 4550 1358 4598 ⁶1.
1371 4563 1393 4609 3.

1244 4645 1261 4704 8
