3546 5654
521 624 568 670 nn
592 623 685 689 June
711 620 894 666 sunnone,
920 619 998 665 cnr.
1025 618 1089 663 xn.
1331 599 1392 678 263

224 784 265 850 ad
286 784 497 848 Macauntem
531 778 699 860 aliquanto
733 789 809 858 post
831 774 1005 856 dixerunt,
1029 794 1064 840 se
1087 793 1162 839 cum
1186 771 1342 852 Batavis,
1366 769 1394 837 si
1406 784 1534 894 mg&

225 915 338 962 eorum
370 894 574 977 potirentur,
607 909 673 954 non
702 903 767 954 tam
799 889 974 953 clementer
1009 901 1149 951 acturos.
1206 883 1262 949 Ad
1296 883 1394 948 linem

229 1008 317 1088 quod
352 1007 469 1071 attinet
497 1003 555 1085 qui
585 1003 672 1068 bello
695 1001 913 1084 proponitur,
938 1000 1025 1064 hunc
1048 997 1113 1063 sibi
1139 996 1282 1079 quisque
1304 1013 1396 1076 prae-

228 1133 310 1182 stare
340 1118 454 1182 debet:
486 1134 545 1180 nec
577 1113 610 1178 in
640 1111 801 1196 judicium
832 1113 1011 1176 humanum
1042 1109 1103 1174 ista
1122 1128 1172 1175 res
1196 1105 1307 1187 cadit,
1331 1103 1396 1169 nisi

229 1243 389 1309 quatenus
412 1243 585 1292 commune
608 1224 771 1307 cujusque
794 1222 901 1306 gentis
922 1220 1112 1306 ingenium,
1135 1234 1205 1284 tum
1227 1237 1306 1284 vero
1329 1216 1395 1282 sin·

230 1340 355 1421 gulares
376 1337 522 1401 actiones
544 1336 764 1419 conjecturam
785 1332 1007 1416 suppeditant.
1052 1330 1177 1397 Verum
1199 1328 1278 1414 belli
1299 1327 1394 1393 finem
1408 1338 1529 1439 ffloqcrt

229 1467 299 1514 esse
319 1447 460 1513 diximus
479 1446 563 1532 juris
584 1444 809 1528 adeptionem:
833 1446 875 1510 ad
887 1464 984 1526 quem
997 1443 1025 1509 si
1037 1443 1155 1526 praeda
1165 1440 1290 1520 tendit,
1309 1442 1397 1525 juste
1409 1445 1450 1492 aa.
1464 1425 1486 1492 l·

228 1559 348 1642 pieque
378 1574 470 1640 parta
499 1557 623 1624 censeri
655 1557 770 1623 debet:
806 1575 901 1622 secus
933 1555 961 1620 si
995 1556 1133 1620 bellator
1156 1572 1217 1619 suo
1241 1552 1398 1617 duntaxat
1470 1625 1473 1630 ,

227 1672 319 1736 lucro
351 1669 466 1736 inhiat.
523 1669 562 1734 Id
592 1668 625 1732 in
656 1667 825 1734 Lusitanis
855 1687 895 1732 an
927 1666 960 1732 in
984 1665 1113 1731 Batavis
1142 1663 1331 1730 credibilius
1354 1661 1398 1730 sit

226 1781 415 1860 videamus:
448 1795 575 1847 veteres
599 1794 749 1844 auctores
774 1786 783 1819 ¹
807 1779 941 1844 tradunt
960 1778 1026 1863 jam
1050 1777 1128 1843 olim
1150 1790 1278 1861 gentem
1298 1774 1398 1840 Lusi·

223 1891 377 1959 'ranorum
410 1891 591 1957 latrociniis
621 1905 654 1956 et
682 1889 810 1973 praedis
830 1890 943 1956 vivere
967 1903 1137 1956 assuetam.
1183 1888 1236 1953 Ex
1258 1907 1297 1954 eo
1317 1902 1398 1953 tem-

227 2025 306 2086 pore
336 2023 432 2086 quam
462 2003 609 2085 impurae
639 2022 822 2085 avaraeque
846 2016 959 2087 gentes
984 2000 1038 2066 isti
1062 2021 1096 2067 se
1118 2000 1243 2082 populo
1262 1998 1398 2082 permis·
1463 1992 1465 1997 ’

228 2115 382 2197 cuerint,
415 2129 447 2180 et
479 2135 577 2196 quam
609 2113 759 2196 plerique
783 2134 895 2179 eorum
927 2114 1016 2195 apud
1047 2111 1254 2177 Christianos
1285 2128 1398 2192 parum

229 2227 313 2291 serio
345 2225 526 2321 Christiani
551 2226 751 2304 habeantur,
776 2224 835 2306 qui
854 2223 939 2288 inter
958 2223 1047 2306 ipsos
1071 2237 1148 2287 sunt
1168 2221 1248 2289 boni
1268 2217 1280 2252 ¹
1303 2219 1399 2285 mini-

229 2357 279 2401 me
309 2337 471 2420 ignorant.
517 2337 568 2400 De
600 2335 731 2400 Batavis
755 2349 868 2400 contra
899 2353 982 2416 quae
1007 2347 1135 2398 exstant
1165 2332 1295 2416 elogia,
1326 2351 1399 2413 per-

229 2466 327 2527 quam
351 2465 427 2511 sane
450 2445 657 2526 honorifica,
681 2445 914 2510 transscribere
941 2443 1152 2527 supersedeo.
1199 2443 1287 2508 Illud
1308 2442 1401 2524 quod

229 2577 302 2622 are
325 2557 487 2639 praesenti
519 2576 585 2621 non
618 2557 759 2622 alienum
789 2571 861 2637 est,
893 2555 970 2622 satis
1001 2555 1045 2622 sit
1074 2555 1219 2635 dixisse,
1252 2554 1399 2623 omnium

229 2667 409 2734 vicinarum
443 2667 589 2752 gentium
620 2669 743 2733 nullam
765 2688 782 2732 a
804 2665 936 2749 rapinae
966 2666 1077 2732 studio
1109 2665 1242 2749 longius
1274 2684 1399 2746 semper

230 2778 384 2846 abfuisse.
431 2777 571 2844 Tacitus
592 2781 604 2816 ³
624 2778 735 2861 itaque
756 2777 790 2844 in
812 2778 899 2843 bello
921 2777 1042 2843 Civilis
1055 2776 1238 2842 Germanos
1255 2775 1399 2858 adprae-

230 2890 303 2956 dam
330 2903 513 2973 pugnantes
545 2888 695 2968 inducit,
718 2888 859 2954 Batavos
879 2908 938 2971 pro
958 2887 1072 2972 gloria.
1117 2887 1263 2954 Proximi
1285 2901 1399 2954 nostro

231 3003 359 3068 saeculo
384 3016 416 3066 et
437 2999 561 3066 externi
579 2999 754 3082 scriptores
778 3006 790 3042 ⁴
810 2999 844 3064 in
868 2999 1010 3064 eamdem
1031 2998 1224 3064 sententiam
1247 2997 1400 3081 prodide-

230 3128 329 3193 runt,
352 3111 536 3178 Hollandos
560 3111 701 3178 eminere
723 3110 807 3176 inter
831 3125 942 3196 gentes
964 3109 1177 3177 Germanicas
1190 3109 1287 3175 alieni
1301 3108 1400 3174 absti-

230 3224 353 3291 nentia.
400 3224 474 3288 Hoc
498 3223 570 3305 ipso
594 3238 739 3304 tempore
763 3221 796 3288 in
818 3221 874 3288 illa
895 3222 964 3304 ipsa
988 3221 1081 3287 India
1101 3220 1185 3304 quid
1208 3221 1247 3286 de
1271 3220 1400 3287 Batavis

231 3335 349 3402 sentire
370 3348 531 3420 cogantur
551 3333 726 3416 Lusitani,
751 3333 862 3399 literae
885 3333 925 3398 ad
947 3353 1055 3418 regem
1074 3332 1290 3400 Malaccensis
1314 3332 1401 3416 epis·

232 3446 305 3528 copi
335 3446 414 3513 satis
446 3445 601 3512 indicant.
648 3444 743 3510 Mali
773 3445 882 3526 nihil,
917 3443 1047 3525 inquit,
1080 3444 1246 3532 indigenis
1277 3443 1402 3508 intule-

233 3571 338 3637 rant,
370 3561 478 3622 minus
508 3561 608 3622 etiam
639 3555 844 3621 Lusitanis:
880 3555 967 3620 nulli
990 3555 1130 3641 denique
1151 3558 1283 3619 nationi
1304 3553 1401 3640 quid·

232 3688 336 3751 quam,
363 3681 526 3732 crearunt
558 3666 740 3731 molestiae.
796 3667 841 3732 Et
870 3686 966 3731 mox:
997 3664 1136 3750 Accepti
1167 3663 1342 3730 admodum
1370 3677 1401 3727 et

230 3781 329 3864 grati
351 3777 517 3864 indigenis
540 3790 662 3855 erant,
686 3780 842 3861 quoniam
857 3778 958 3861 justa
981 3778 1175 3839 commercia
1205 3773 1401 3838 exercebant

233 3889 302 3950 sine
331 3890 366 3952 ni
397 3899 499 3970 atque
530 3887 676 3970 irp'uria.
723 3886 872 3968 Apparet
904 3886 1045 3950 Batavos
1065 3883 1148 3950 nihil
1168 3897 1295 3966 praeter
1314 3881 1401 3948 com'ss

231 3995 350 4062 mercia
382 3995 584 4078 quaesivisse
617 4010 649 4060 et
681 3995 934 4062 his¹c0ntentos
965 3994 1067 4060 fuisse
1097 3995 1251 4075 futuros,
1282 3993 1345 4058 nisi
1369 3993 1403 4060 in

268 4278 276 4310 ¹
295 4278 392 4327 Strabo.
411 4279 449 4342 [p.
467 4291 521 4341 154.
536 4277 572 4342 b.]
590 4278 668 4327 Diod.
683 4278 732 4327 sic.
751 4278 789 4339 [p.
809 4290 865 4334 215·
882 4277 917 4341 c.]
938 4277 1040 4327 servius
1056 4280 1087 4326 ad
1099 4280 1116 4324 l.
1127 4290 1149 4334 s.
1168 4277 1401 4340 Georg.[vs.107.]

234 4367 245 4400 ²
262 4370 292 4416 V.
311 4371 385 4418 Osor.
400 4369 446 4418 lib.
462 4384 483 4420 1.
517 4369 528 4403 ³
545 4369 641 4420 Histor.
651 4369 696 4420 lib.
711 4383 735 4432 4.
752 4369 764 4401 ⁴
782 4371 954 4420 chassanaeus
970 4371 1001 4417 ad
1020 4378 1135 4418 consuet.
1151 4369 1226 4428 Burg.
1239 4368 1264 4417 in
1274 4368 1355 4438 praei.
1373 4369 1405 4418 ad

235 4475 260 4508 v.
276 4459 434 4510 Hollandlae.
