3530 5656
345 639 388 704 ao
659 653 706 700 us
728 653 822 720 June
849 653 1199 702 antunnacum.

343 824 377 876 at
407 823 570 892 quatenus
602 808 801 892 reipublicae
821 823 899 876 sunt
919 824 1145 892 procuratores
1162 827 1229 876 non
1252 807 1294 874 ad
1315 827 1430 891 suam,
1456 810 1514 874 sed

343 921 384 988 ad
404 920 602 1004 reipublicae
625 920 797 986 utilitatem
818 919 961 986 instituti
985 937 1063 988 sunt
1086 925 1112 1000 ¹,
1137 922 1250 989 eodem
1271 920 1398 988 scilicet
1415 921 1515 988 modo

343 1052 411 1116 quo
432 1031 564 1098 navium
579 1032 830 1118 gubernatores.
859 1031 969 1120 Quare
989 1035 1079 1118 leges
1100 1033 1202 1115 duae,
1226 1053 1309 1118 quae
1330 1033 1514 1100 contractui

205 1159 257 1204 aa·
271 1159 303 1205 x.
343 1144 484 1210 mandati
515 1143 703 1212 naturaliter
734 1145 866 1226 insunt,
902 1145 955 1210 hic
981 1145 1076 1210 etiam
1098 1145 1323 1228 reperiuntur,
1347 1163 1431 1210 una:
1467 1146 1514 1210 Ut

207 1273 258 1318 aaa
271 1273 316 1319 ιιι.
343 1260 565 1342 magistratus
588 1263 698 1321 omnia
715 1269 817 1344 gerat
836 1277 852 1322 a
871 1257 949 1322 bono
967 1257 1190 1344 reipublicaa3
1210 1257 1326 1322 altera:
1351 1257 1398 1321 Ut
1417 1255 1514 1342 quid-

344 1367 427 1453 quid
457 1370 681 1454 magistratus
715 1371 817 1455 garrit
856 1368 1042 1454 respublica
1076 1383 1190 1434 ratum
1225 1370 1355 1435 habeat.
1409 1369 1513 1434 Recte

343 1480 466 1546 Seneca
497 1478 509 1516 ¹
540 1478 580 1544 de
620 1478 767 1563 principe
800 1494 832 1545 et
868 1479 1036 1562 republica
1069 1482 1201 1546 locutus
1232 1480 1343 1547 diduci
1377 1481 1512 1546 alterum

342 1605 440 1675 negat
469 1609 566 1674 posse
598 1591 667 1657 sine
699 1591 873 1673 utriusque
905 1592 1068 1675 pernicie:
1115 1592 1208 1657 Nam
1241 1605 1280 1656 ut
1306 1591 1362 1658 illi
1383 1592 1512 1660 uiribus

343 1718 420 1790 opus
454 1715 526 1782 ast,
560 1705 612 1766 ita
646 1715 678 1766 et
711 1703 788 1767 huic
821 1706 943 1789 capita.
990 1702 1025 1768 Si
1058 1722 1146 1769 nunc
1181 1701 1296 1770 cessim
1317 1720 1451 1784 eamus,
1475 1718 1513 1769 ut

343 1831 427 1895 quae
460 1813 608 1896 proxime
641 1813 727 1886 dicta
761 1829 839 1878 sunt
871 1813 911 1878 ad
945 1832 1002 1880 sua
1035 1813 1194 1898 principia
1228 1829 1315 1880 retro
1347 1813 1512 1897 ferantur,

343 1923 438 1990 facile
469 1925 637 2009 apparebit
666 1945 724 2008 per
760 1945 955 1992 consensum
997 1925 1141 1992 civitatis
1179 1940 1393 2008 sanctumque
1426 1926 1515 2009 apud

343 2056 457 2104 omnes
480 2052 593 2122 gentes
623 2037 869 2122 magistratuum
904 2057 1037 2117 nomen,
1073 2037 1102 2104 ei
1133 2037 1180 2104 rei
1202 2057 1269 2104 non
1292 2037 1390 2103 alium
1415 2057 1513 2120 quam

344 2151 450 2215 Deum
473 2168 543 2216 esse
564 2164 748 2215 auctorem:
773 2169 841 2232 quo
861 2164 986 2233 spectat
1005 2155 1037 2220 ἐκ
1057 2154 1086 2219 al
1106 2153 1173 2225 ntia
1188 2154 1346 2233 βασιλῆιςι
1370 2147 1423 2214 Ab
1430 2151 1515 2238 Joua

343 2276 420 2326 sunt
443 2283 534 2350 rages
556 2267 578 2328 ⁸.
622 2260 686 2328 Vis
710 2277 817 2328 autem
841 2261 896 2327 illa
919 2260 1060 2328 mandati
1080 2263 1207 2345 regulas
1219 2259 1392 2328 constituit
1412 2260 1513 2340 duas,

342 2374 517 2456 postremis
540 2373 668 2440 duabus
683 2388 901 2456 comparatas,
928 2391 1065 2456 quarum
1078 2392 1143 2439 una
1154 2370 1391 2456 legislatorum,
1415 2374 1514 2438 altera

171 2509 262 2568 negata
275 2509 315 2554 Vr.
341 2485 489 2569 judicum
509 2484 681 2550 confirmat
712 2485 948 2551 auctoritatem.
998 2482 1094 2567 Quod
1123 2505 1154 2548 ra
1185 2486 1407 2570 magistratus
1432 2483 1515 2551 ualle

171 2611 330 2670 Regulam.
343 2594 546 2682 significauit
567 2595 605 2662 id
623 2600 659 2660 iu
681 2599 765 2664 ciues
789 2600 956 2664 uniuersos
968 2597 1028 2681 jur
1052 2609 1109 2660 ast.
1155 2595 1219 2676 Et,
1243 2591 1339 2677 Quod
1351 2599 1515 2681 samagir-

343 2721 457 2774 tratur
479 2707 562 2776 uella
584 2706 788 2794 significauit
810 2708 849 2775 id
866 2712 903 2772 in
925 2711 1010 2776 ciues
1032 2706 1338 2795 singulosjasestr.
1383 2707 1515 2772 Annec-

342 2821 476 2890 tendum
498 2840 586 2885 nunc
610 2819 692 2886 illud
715 2835 783 2903 est,
807 2837 877 2885 esse
899 2820 1064 2902 quoddam
1085 2819 1140 2903 jus
1151 2818 1289 2884 mixtum
1303 2821 1424 2904 exJure
1436 2837 1514 2903 gen·

170 2960 215 3015 ιω
226 2959 329 3024 genuum
343 2933 425 2998 tium
446 2947 479 2997 et
499 2931 610 3013 civili,
634 2931 704 2998 sive
725 2933 781 3016 jus
809 2931 954 3015 gentium
976 2930 1069 3013 quod
1090 2945 1179 2996 recte
1206 2949 1243 2996 ac
1259 2929 1390 3013 proprie
1402 2951 1513 2994 sacun-

163 3015 329 3060 ⁸‘⁶'⁴''³‘²'¹'‘'''‘
342 3044 477 3111 darium
501 3053 512 3086 ⁸
536 3043 668 3108 dicitur.
714 3043 764 3108 Ut
797 3042 880 3107 enim
905 3061 1077 3108 commune
1100 3043 1223 3108 bonum
1253 3041 1454 3125 privatorum
1478 3061 1514 3106 ea

342 3155 486 3233 induxit,
510 3174 594 3236 quae
619 3155 684 3238 jam
711 3153 938 3235 recitavimus,
962 3154 1007 3220 ita
1030 3174 1104 3220 cunt
1128 3154 1171 3220 sit
1191 3153 1325 3236 aliquod
1343 3172 1513 3219 commune

341 3265 651 3350 rerumpublicarum
676 3265 760 3332 inter
794 3283 828 3330 se
861 3267 1003 3348 bonum,
1029 3285 1082 3332 eas
1104 3266 1188 3331 inter
1210 3281 1324 3350 gentes
1344 3285 1428 3348 quae
1448 3285 1513 3332 res·

342 3378 490 3462 publicas
527 3378 589 3444 sibi
630 3377 867 3444 constituerant
904 3378 945 3443 de
984 3377 1047 3444 hoc
1079 3377 1174 3442 etiam
1205 3377 1368 3445 convenit.
1426 3377 1513 3442 Hinc

343 3503 392 3555 est
422 3491 535 3574 regula
567 3489 722 3555 imitatrix
754 3489 824 3573 ejus
857 3509 940 3571 quae
972 3489 1039 3556 fuit
1068 3504 1204 3572 quarta,
1235 3490 1330 3573 cujus
1359 3489 1442 3554 ratio
1474 3509 1513 3554 ex

155 3629 247 3688 negata
260 3627 327 3672 νιιι.
341 3601 436 3668 tertia
459 3615 491 3666 et
512 3601 654 3668 secunda
677 3615 708 3665 et
729 3615 966 3682 consequenter
989 3622 1028 3667 ex
1049 3601 1151 3684 prima
1174 3601 1360 3668 deducitur.
1410 3599 1510 3684 Quid·

342 3713 425 3800 quid
464 3734 568 3778 omnes
613 3711 817 3800 respublicae
849 3713 1087 3802 significarunt
1118 3734 1150 3778 sa
1179 3711 1282 3794 uella,
1316 3711 1356 3778 id
1383 3717 1419 3777 in
1449 3735 1513 3776 om·

341 3847 395 3891 nas
409 3826 469 3912 jus
490 3838 547 3890 ast.
580 3823 739 3908 Exempla
763 3827 831 3893 dari
850 3841 990 3910 possunt
1012 3826 1051 3891 de
1073 3826 1189 3910 legatis
1210 3844 1278 3892 non
1297 3824 1460 3891 violandis
1477 3825 1511 3906 Β,

376 4130 383 4161 1
401 4130 478 4180 Arist.
498 4133 530 4178 de
548 4143 611 4178 mor.
629 4131 661 4179 ad
678 4129 780 4178 Nicom.
798 4131 815 4177 l.
834 4142 857 4185 5.
875 4144 898 4179 c.
918 4144 956 4178 ιο.
976 4132 1013 4194 [p.
1035 4143 1105 4191 1134.
1124 4145 1147 4178 a.
1165 4143 1203 4178 vs.
1225 4130 1258 4191 1.]
1278 4131 1348 4177 Plato
1359 4131 1390 4176 de
1399 4142 1452 4188 rep.
1462 4131 1478 4176 l.
1491 4143 1512 4176 1.

344 4224 382 4285 [p.
400 4234 456 4283 341.
480 4234 503 4270 c.
531 4221 569 4282 (ι.]
603 4217 663 4268 ide
685 4222 760 4268 clema
776 4223 794 4268 l.
814 4235 835 4269 1.
853 4235 876 4269 c.
893 4234 917 4282 4.
952 4221 1086 4270 illesiod.
1102 4222 1198 4282 Theos.
1220 4220 1270 4284 [vs.
1285 4219 1337 4283 od]
1373 4220 1463 4268 ⁴Inst.
1482 4221 1512 4267 de

341 4311 396 4371 jure
421 4305 471 4361 nat.
497 4315 510 4371 ς
534 4313 579 4361 sed
604 4323 628 4360 et
655 4313 724 4371 qnod
749 4311 877 4372 principi,
902 4324 927 4360 et
952 4325 1007 4373 sqq.
1037 4312 1068 4376 [1.
1092 4326 1114 4361 1.
1133 4316 1183 4372 2.§
1202 4310 1238 4375 6.]
1274 4310 1355 4359 ‘Pet
1374 4311 1432 4358 Fab.
1450 4313 1513 4358 Sem.

342 4406 359 4452 l.
376 4385 673 4453 2.c.1.circa'rnediu1n.
690 4403 767 4463 Vssq.
785 4405 873 4452 contr.
888 4414 954 4463 post.
968 4416 991 4451 c.
1009 4405 1048 4465 89.
1066 4413 1111 4454 art.
1128 4415 1168 4460 25.
1186 4403 1225 4464 [ln
1236 4401 1514 4462 Contr.p0st.Vesquii

342 4496 493 4544 nullusnest
511 4504 586 4554 caput
605 4495 644 4555 89.
661 4493 784 4543 Ultimum
802 4505 877 4554 caput
896 4505 933 4543 est
951 4505 992 4550 71.
1003 4493 1148 4554 Disputatio
1158 4491 1254 4550 dejure
1264 4492 1413 4542 secumdario
1423 4492 1514 4552 legitur

342 4586 369 4634 in
387 4586 475 4634 contr.
493 4583 674 4648 illustres]
709 4583 720 4615 ⁶
737 4587 755 4639 l.
772 4587 818 4634 ult.
836 4585 864 4634 ff.
877 4587 909 4634 tle
924 4587 998 4649 legat.
1015 4585 1059 4651 [D.
1073 4596 1112 4640 ια
1129 4596 1152 4643 7.
1171 4585 1222 4649 17.]
