3552 5654
380 695 441 757 144
687 694 733 738 ns
756 694 850 760 June
877 694 1062 742 aurnuns.
1088 693 1169 739 cna.
1195 694 1230 737 x.

374 851 448 935 jure
480 849 643 928 Romano.
690 847 897 936 Quamquam
931 847 1016 915 enim
1050 847 1168 915 titulus
1190 847 1261 931 ipse
1282 846 1322 912 de
1345 847 1546 926 acquirendo

377 981 483 1027 rerum
514 958 659 1027 dominio
680 959 690 998 ¹
708 961 764 1044 jus
794 959 939 1045 gentium
970 960 1102 1043 proprie
1131 973 1277 1042 spectet,
1308 960 1411 1024 multa
1440 973 1546 1025 tamen

377 1071 526 1139 continet
547 1072 582 1136 in
605 1071 727 1153 quibus
750 1091 767 1135 a
790 1070 956 1136 communi
984 1071 1057 1154 jure
1088 1090 1146 1153 per
1167 1072 1271 1154 legem
1293 1072 1347 1135 vel
1371 1085 1546 1136 consuetu·

377 1182 484 1249 dinem
513 1185 566 1249 vel
597 1196 744 1264 receptas
776 1181 951 1246 sententias
980 1180 1158 1248 discessum
1182 1196 1246 1247 est:
1272 1182 1395 1264 quippe
1417 1202 1492 1247 cum
1515 1196 1547 1247 et

374 1295 520 1360 diversas
540 1292 836 1377 jurisprudentium
857 1290 1028 1373 opiniones
1040 1306 1072 1358 et
1083 1292 1336 1360 constitutiones
1358 1292 1545 1375 Principum

377 1407 625 1488 complectatur.
668 1403 740 1486 Jam
773 1422 850 1468 vero
882 1404 1017 1468 alterum
1048 1404 1139 1484 quod
1168 1402 1360 1486 interpretes
1392 1403 1545 1486 decepit,

377 1531 469 1600 capta
487 1515 641 1581 nimirum
660 1513 819 1597 capientis
841 1513 914 1579 lieri
933 1512 966 1593 ²,
998 1514 1076 1581 satis
1096 1533 1192 1597 supra
1212 1515 1416 1581 ostendimus
1435 1515 1475 1580 de
1496 1536 1546 1581 re-

375 1627 506 1710 publica
523 1625 661 1709 intelligi
678 1623 795 1690 debere
815 1624 839 1690 ³.
886 1623 969 1705 Sed,
988 1639 1026 1690 ut
1043 1624 1176 1706 quidem
1195 1645 1255 1709 ego
1273 1625 1411 1710 judico,
1432 1627 1546 1693 melior

375 1739 459 1822 juris
469 1736 611 1802 Romani
624 1735 782 1818 interpres
791 1735 956 1819 Dionysio
968 1735 1216 1802 Halicamasseo
1226 1737 1337 1802 haberi
1348 1753 1542 1819 nonpotest.

376 1849 408 1913 Is
434 1848 534 1932 igitur
560 1847 700 1929 scriptor
725 1846 878 1911 historiae
904 1847 1071 1912 Romanae
1095 1846 1395 1932 diligentissimus*
1415 1843 1547 1932 de'J’ure

377 1960 513 2042 praedae
538 1958 583 2022 ita
609 1957 776 2040 loquitur:
803 1961 844 2026 rai
869 1961 980 2026 ἐκτῶν
1009 1962 1154 2040 πολεμίων
1173 1959 1314 2045 λάφυρα,
1338 1959 1401 2028 i'rau
1419 1963 1456 2028 iau
1478 1965 1547 2042 ἡμῖν

378 2072 498 2155 ὑπάρχῃ
526 2079 628 2153 τυχεῖν
645 2074 679 2142 dt?
706 2071 827 2152 ἀρετήν,
858 2069 982 2152 lupina
999 2067 1070 2137 εἶναι
1087 2072 1198 2139 κελεύει
1218 2075 1231 2138 ὃ
1252 2071 1350 2152 νόμος,
1374 2071 1548 2138 καὶτούτων

377 2187 433 2265 οὐχ
451 2178 526 2254 ὅπως
548 2206 592 2255 aaa
613 2183 722 2257 ἰδιώτης
742 2183 855 2259 yiurrau
873 2182 981 2263 κύριος,
1010 2183 1080 2247 ἀλλ’
1102 2183 1159 2246 οὐδ’
1181 2183 1270 2254 αὐτὸς
1292 2184 1305 2248 ὃ
1327 2189 1379 2255 τῆς
1399 2180 1546 2260 δυνάμεως

377 2295 503 2374 ἡγεμών.
535 2295 601 2360 ὅδὲ
621 2293 735 2372 ταμίαις
765 2294 846 2358 utirai
875 2293 1058 2373 παραλαβὼν
1087 2294 1262 2371 aiarurraitai
1288 2291 1337 2356 uui
1359 2293 1399 2363 eia
1416 2290 1546 2370 inuictae

375 2403 524 2487 ἀναφέρει.
549 2396 772 2484 Quaecunque
791 2420 832 2464 aaa
852 2398 998 2464 hostibus
1021 2399 1127 2484 spolia
1144 2412 1209 2482 par
1230 2402 1391 2467 uirtutem
1415 2399 1545 2466 obuene-

378 2525 480 2586 runt‚
504 2532 543 2574 aa
566 2509 620 2574 lex
634 2509 878 2594 jubatpubliaa
889 2529 974 2590 assa,
998 2513 1050 2573 ita
1063 2523 1101 2573 ut
1113 2530 1176 2573 nan
1188 2508 1279 2574 mado
1286 2512 1422 2594 priuati
1434 2529 1544 2574 aarum

377 2621 502 2714 domiui
533 2640 595 2683 non
622 2617 732 2701 fiant,
767 2619 823 2684 sad
843 2641 883 2683 na
904 2624 972 2704 ipsa
994 2619 1123 2704 quidam
1147 2623 1332 2704 imperatur
1356 2621 1546 2683 exercitus:

376 2751 491 2799 uarum
521 2743 678 2814 quaestor
708 2729 772 2794 illa
795 2734 940 2816 accipit,
964 2745 995 2795 at
1017 2729 1155 2798 vendita
1177 2733 1213 2794 in
1231 2729 1402 2816 publicum
1426 2727 1545 2812 rafart.

378 2841 464 2907 Sunt
494 2842 573 2906 haec
604 2841 704 2906 verba
734 2861 867 2921 eorum,
892 2841 949 2923 qui
974 2840 1188 2907 Coriolanum
1212 2853 1382 2904 accusant:
1407 2859 1547 2920 quorum

376 2973 450 3035 pars
473 2973 548 3018 vera
572 2966 642 3033 est,
675 2969 748 3034 pars
772 2970 869 3034 supra
891 2972 1004 3019 verum
1029 2951 1070 3016 ad
1092 2949 1248 3016 invidiam
1273 2963 1377 3014 aucta.
1423 2950 1547 3015 Verum

377 3077 426 3128 est
447 3052 616 3127 dominum
647 3061 782 3143 praedae
814 3080 884 3129 esse
915 3082 981 3128 non
1015 3061 1173 3143 militem,
1202 3078 1268 3125 non
1298 3059 1547 3141 imperatorem,

378 3173 435 3238 sed
456 3173 616 3254 populum
635 3171 852 3266 'Romanumz
886 3172 944 3238 sed
966 3186 999 3236 et
1020 3155 1104 3237 illud
1125 3191 1192 3237 non
1215 3169 1323 3236 minus
1344 3190 1458 3235 verum
1489 3170 1548 3235 im-

376 3287 557 3365 peratorem
589 3282 662 3365 jure
696 3282 848 3347 Romano
885 3282 1020 3364 praedae
1054 3301 1124 3366 esse
1159 3281 1413 3364 dispensatorem
1448 3295 1547 3362 atque

377 3392 532 3456 arbitrum
560 3411 634 3457 cum
660 3412 784 3458 summa
811 3407 984 3475 potestate.
1031 3393 1159 3459 Lucius
1187 3391 1350 3458 Aemilius
1376 3391 1463 3473 apud
1489 3391 1548 3455 Li-

378 3503 468 3569 vium
487 3507 518 3566 ⁸:
550 3516 691 3588 captas,
716 3525 779 3567 naa
810 3502 940 3569 deditas
973 3502 1081 3589 diripi
1113 3504 1232 3583 urbas,
1256 3517 1287 3568 at
1310 3506 1347 3566 in
1367 3504 1417 3566 his
1437 3516 1548 3567 tamen

378 3601 562 3678 arbitrium
593 3633 657 3677 assa
683 3616 920 3698 imperatoris,
948 3634 1012 3677 nan
1035 3612 1193 3679 militum.
1241 3613 1315 3678 Hoc
1339 3612 1439 3697 igitur
1462 3612 1546 3678 arbi-

376 3723 475 3807 trium
507 3723 669 3788 interdum
701 3721 909 3805 imperatores
940 3723 1091 3790 vitandae
1120 3723 1263 3788 invidiae
1296 3723 1338 3788 ad
1360 3723 1441 3790 alios
1463 3726 1545 3808 reje-

376 3848 510 3914 cerunt,
534 3848 572 3898 ut
592 3830 826 3900 Camillus⁸ad
842 3849 1008 3900 senatum:
1033 3833 1195 3899 interdum
1215 3853 1314 3916 penes
1327 3852 1361 3898 se
1373 3833 1545 3898 retinuere.

378 4025 558 4040 *tv—n*—

410 4129 418 4160 ¹
436 4132 454 4176 l.
472 4129 587 4189 quamvis
605 4130 675 4189 quod
690 4127 717 4176 in
734 4127 782 4176 litt.
800 4127 825 4176 ff.
844 4131 875 4177 de
893 4142 949 4189 acq.
966 4142 1015 4177 rer.
1034 4129 1101 4177 dom.
1122 4126 1165 4192 [D.
1183 4142 1224 4189 41.
1245 4139 1266 4176 t.
1285 4125 1337 4189 so]
1357 4139 1382 4174 ct
1399 4129 1416 4174 l.
1434 4126 1508 4175 adeo.
1527 4129 1549 4184 5.

378 4233 434 4268 cum
453 4220 517 4279 quis.
538 4218 567 4282 [l.
585 4231 609 4276 7.
626 4222 647 4277 ξ.
666 4230 690 4276 7.
709 4221 733 4267 d.
751 4219 782 4280 t.]
801 4221 819 4266 1.
837 4219 903 4266 liber
919 4221 1005 4267 homo.
1027 4218 1056 4282 [l.
1077 4232 1114 4281 19.
1133 4220 1157 4266 d.
1175 4217 1205 4281 t.]
1226 4221 1243 4266 l.
1257 4217 1390 4278 quidquid.
1400 4220 1422 4275 5.
1437 4229 1457 4264 r.
1468 4214 1499 4278 [l.
1509 4228 1549 4274 αῖ.

367 4312 402 4358 d.
419 4309 451 4373 t.]
470 4312 486 4356 l.
504 4309 530 4357 in
549 4309 621 4369 agris.
641 4309 670 4370 [l.
690 4309 727 4355 1'6.
745 4309 770 4356 d.
787 4307 818 4370 t.]
839 4310 899 4357 lns't.
917 4323 948 4356 eo
966 4309 1006 4356 tit.
1024 4312 1046 4368 4.
1060 4311 1199 4357 thesauros.
1212 4307 1243 4371 [1.
1254 4322 1278 4357 α.
1291 4322 1312 4356 1.
1323 4311 1345 4366 l.
1357 4306 1408 4371 39.]
1445 4302 1455 4338 ²
1473 4307 1547 4354 Adde

377 4403 394 4449 l.
411 4402 481 4460 quod
502 4413 569 4446 meo.
591 4398 617 4445 ff.
641 4400 671 4446 dc
695 4411 750 4458 acq.
773 4411 841 4458 poss.
859 4395 902 4461 [D.
925 4412 967 4459 41.
987 4411 1008 4446 a.
1030 4398 1080 4462 18.]
1116 4396 1169 4447 id.
1188 4401 1204 4446 l.
1223 4401 1296 4448 adeo.
1314 4400 1339 4446 tl.
1358 4399 1389 4446 de
1407 4411 1462 4457 acq.
1482 4399 1549 4445 dom.

380 4491 424 4551 [D.
445 4504 486 4551 41.
515 4503 534 4537 1.
554 4488 591 4552 7.]
626 4487 743 4548 ⁴Antiq.
768 4489 784 4535 l.
807 4499 831 4546 7.
859 4489 898 4550 [p.
925 4490 982 4550 467·
1009 4502 1046 4538 vs.
1071 4490 1112 4549 46.
1129 4487 1199 4553 sqq.]
1236 4489 1246 4520 ⁵
1272 4489 1329 4537 le.
1346 4491 1363 4536 l.
1383 4500 1423 4546 37.
1443 4488 1479 4550 [c.
1498 4487 1549 4548 aa]

376 4566 496 4628 ε1,ἰν.“1.
515 4591 537 4634 5.
557 4579 592 4639 [c.
611 4577 663 4640 ao]
