3536 5692
369 661 425 718 352
853 661 1060 703 uocumnnrn.

367 848 410 894 est
433 836 628 908 Hispanorum
650 836 679 892 iu
703 837 802 894 insulis
826 835 1018 910 Philippinis:
1042 851 1105 892 nam
1127 835 1205 892 illius
1227 835 1336 893 insulae
1357 853 1451 910 regern
1473 855 1538 896 cum

368 939 521 998 Hollandis
542 952 571 998 et
593 938 744 998 Zeelandis
765 941 907 1012 negotiari
930 956 988 996 nou
1011 939 1207 1013 patiebantur.
1235 940 1338 1013 Itaque
1360 957 1446 999 naves
1467 941 1540 999 duae

368 1043 597 1112 Hollandorum‚
620 1044 725 1118 quibus
748 1060 851 1101 nomen
875 1044 1070 1116 Ultrajectum
1096 1055 1125 1101 et
1154 1044 1280 1113 Custos,
1301 1055 1330 1102 et
1351 1061 1423 1117 quae
1450 1063 1540 1119 prope

367 1150 522 1207 Ternatam
555 1150 584 1206 in
615 1148 748 1206 anchoris
780 1158 881 1217 erant,
911 1158 944 1205 ut
976 1164 1049 1205 onus
1081 1148 1262 1220 reciperent,
1301 1151 1397 1206 oneris
1429 1162 1539 1224 partem

366 1251 498 1310 deserere
518 1265 548 1310 et
569 1268 678 1311 summo
708 1252 839 1324 periculo
864 1267 899 1308 ex
923 1249 1015 1308 media
1041 1251 1167 1308 hostium
1193 1253 1281 1308 classe
1302 1251 1423 1310 evadere
1445 1255 1539 1311 coacti

366 1369 444 1414 sunt.
485 1357 549 1414 Nec
579 1354 731 1428 ignorabat
762 1354 986 1412 Hemskerckius
1016 1355 1172 1412 Lusitanos
1203 1355 1362 1413 Macairnte
1391 1357 1420 1414 in
1451 1373 1539 1430 regno

368 1461 480 1518 Sinensi
508 1477 573 1517 cum
606 1457 759 1516 Hollandis
788 1459 915 1532 viginti,
947 1459 998 1531 qui
1030 1455 1065 1515 ad
1087 1459 1195 1517 Neckil
1217 1462 1333 1517 classem
1355 1462 1540 1533 pertinebant

366 1575 482 1622 etcum
512 1562 680 1622 Sinensibus
710 1564 886 1636 negotiatori
916 1574 1017 1632 erant,
1045 1573 1102 1620 tam
1132 1561 1291 1621 crudeliter
1320 1565 1427 1636 egisse,
1447 1576 1480 1623 ut
1502 1583 1538 1624 ex

366 1669 483 1726 illorum
511 1683 632 1726 numero
663 1665 856 1740 septendecim
878 1667 1006 1723 homines
1028 1664 1249 1740 suspenderint,
1274 1669 1401 1740 reliquos
1421 1671 1537 1728 vinctos

367 1773 459 1829 Goam
486 1772 632 1828 miserint:
660 1782 806 1843 praeterea
836 1781 950 1828 constat
980 1770 1008 1828 in
1039 1770 1242 1828 Cochinchina
1271 1771 1400 1830 homines
1429 1774 1536 1846 viginti

367 1874 426 1933 duo
457 1874 493 1932 de
524 1878 611 1932 classe
644 1872 818 1932 Hollandica
849 1873 1054 1946 Groesbergii,
1085 1875 1135 1946 qul
1168 1876 1378 1935 exscenderant
1404 1889 1437 1936 ut
1458 1879 1537 1935 varia

366 1989 512 2048 emerent,
549 1977 627 2051 iussu
666 1978 758 2050 regis,
798 1994 882 2050 quem
914 1978 1071 2036 monachus
1103 1979 1288 2038 Lusitanicus
1320 1982 1536 2050 stimulaverat,

367 2081 529 2141 trucidatos
550 2098 625 2140 esse:
649 2082 806 2156 capitaneis
828 2083 895 2138 solis
917 2094 1127 2155 pepercerunt,
1149 2099 1221 2156 quos
1242 2082 1309 2141 dein
1331 2085 1367 2142 ab
1384 2083 1537 2143 Hollandis

367 2185 479 2244 duobus
507 2186 658 2244 tormentis
680 2186 773 2243 aeneis
796 2185 898 2243 redimi
919 2188 1088 2245 voluerunt.
1131 2186 1251 2260 Insuper
1273 2200 1330 2245 tres
1352 2189 1480 2247 homines
1502 2188 1537 2247 de

367 2292 442 2361 illis,
470 2308 543 2364 quos
573 2290 797 2349 Hemslrerckius
827 2291 856 2348 in
885 2291 983 2364 priore
1011 2292 1116 2350 itinere
1138 2290 1253 2348 Bandae
1275 2293 1451 2365 reliquerat,
1471 2310 1537 2350 cum

368 2396 504 2453 centurio
525 2411 573 2452 eos
596 2392 762 2466 negotiandi
784 2411 868 2452 causa
889 2392 924 2451 ad
946 2395 1066 2452 insulam
1089 2394 1251 2452 Ambonam
1272 2391 1412 2464 misisset,
1433 2398 1538 2454 acriter

367 2500 511 2573 persecuti
533 2511 601 2556 sunt
622 2509 652 2556 et
673 2515 763 2556 unum
786 2495 902 2571 quidem
925 2509 1051 2570 quatuor
1061 2498 1144 2572 equis
1155 2496 1314 2556 distentum
1325 2497 1538 2570 dilacerarunt,

368 2605 459 2661 ceteri
495 2615 529 2661 ut
564 2604 654 2660 vitam
694 2604 800 2659 salvam
839 2601 977 2659 haberent
1009 2603 1038 2660 in
1072 2604 1157 2660 silvas
1194 2604 1269 2660 iuter
1302 2603 1377 2660 feros
1409 2605 1537 2662 homines

368 2707 501 2780 refugere
530 2707 623 2764 coacti
653 2716 730 2764 sunt.
774 2703 828 2762 Sed
857 2707 911 2762 alia
943 2716 1010 2764 sunt
1032 2716 1061 2763 et
1083 2706 1199 2780 pejora,
1220 2708 1350 2780 inprimis
1372 2707 1452 2781 quod
1473 2725 1536 2782 per·

368 2823 520 2883 petrarunt
542 2811 570 2867 in
594 2808 897 2882 Tidore,quae'u1na
918 2820 961 2867 est
982 2809 1207 2880 Moluccarum,
1229 2811 1257 2867 in
1280 2828 1381 2868 navem
1400 2813 1537 2885 praefecti

368 2914 526 2972 Baithasarl
558 2913 701 2972 Cordesii.
745 2915 825 2972 Haec
855 2915 936 2970 navis
964 2915 1041 2971 enim
1073 2915 1113 2972 ita
1145 2931 1174 2972 se
1194 2915 1342 2972 Lusitanis
1364 2914 1538 2987 tradiderat,

368 3029 400 3076 ut
428 3019 523 3086 viros,
551 3019 602 3091 qui
631 3019 763 3086 inerant,
791 3019 884 3074 salvos
913 3018 975 3075 fore
1002 3017 1151 3090 jurarent:
1180 3029 1209 3075 at
1238 3019 1282 3075 illl
1311 3023 1443 3092 neglecta
1464 3019 1537 3089 fide,

366 3124 437 3182 viris
459 3125 489 3180 in
511 3121 613 3180 ordine
644 3123 832 3194 constitutis,
863 3122 976 3179 cunctis
1008 3123 1134 3195 primum
1166 3121 1272 3196 pedes,
1303 3121 1386 3181 dein'
1403 3124 1537 3195 brachia,

367 3229 472 3285 ultimo
491 3229 560 3284 loco
581 3228 677 3301 capita
697 3227 839 3300 amputari
860 3226 973 3299 jubent.
1005 3224 1094 3283 lidem
1116 3236 1146 3283 et
1168 3225 1268 3298 Jacobi
1290 3228 1398 3285 Neckii
1421 3232 1536 3286 classem

367 3329 503 3387 incendio
530 3329 626 3387 delere
653 3331 751 3388 conati
780 3341 849 3388 sunt
879 3342 909 3387 et
940 3330 1047 3387 Achiui
1078 3345 1173 3402 regem
1201 3344 1373 3389 monuerant
1394 3343 1428 3390 ut
1450 3348 1536 3390 naves

368 3433 594 3503 Zeelandorum,
625 3451 698 3507 quae
729 3435 801 3492 illuc
834 3431 1002 3506 negotiandi
1035 3449 1119 3491 causa
1146 3447 1342 3505 accesserant,
1370 3435 1536 3505 invaderet,

367 3550 457 3612 atque
479 3540 518 3596 ita
539 3539 624 3596 multi
646 3539 704 3595 viri
726 3535 864 3595 trucidati
887 3548 965 3595 sunt.

409 3642 575 3700 Praefectus
604 3643 694 3716 igitur
724 3658 789 3699 cum
817 3639 868 3699 diu
899 3644 1081 3715 multumque
1103 3639 1287 3701 deliberasset
1308 3660 1373 3701 cum
1396 3645 1538 3714 consilio,

368 3745 482 3805 tandem
511 3747 639 3805 omnium
669 3763 809 3804 consensu
839 3745 971 3807 decrevit
998 3745 1145 3814 hostibus,
1166 3747 1216 3818 qui
1239 3747 1315 3820 ipsos
1336 3759 1393 3804 tam
1415 3748 1537 3822 superbe

368 3862 538 3910 tractassent
569 3862 599 3909 et
630 3861 676 3909 tot
708 3851 845 3908 molestiis
877 3849 1054 3917 affecissent,
1090 3867 1148 3906 non
1181 3860 1294 3909 tantum
1327 3853 1458 3911 resistere
1489 3852 1537 3910 sed

367 3959 447 4014 ultro
475 3973 523 4013 eos
551 3954 668 4028 aggredi
696 3966 725 4013 et
747 3953 826 4027 quod
847 3965 964 4026 possent
985 3952 1080 4011 damni
1103 3953 1225 4011 inferre:
1248 3967 1363 4013 constat
1384 3958 1460 4014 enim
1482 3958 1538 4014 hoc

368 4059 525 4116 remedium
553 4059 617 4133 jure
646 4071 764 4117 naturae
792 4068 821 4115 et
849 4058 976 4115 omnium
1006 4057 1135 4129 gentium
1164 4059 1310 4129 permitti,
1342 4058 1430 4133 idque
1452 4061 1536 4118 etiam

368 4163 514 4238 praefecto
547 4164 577 4219 in
608 4160 752 4219 codicillis
784 4161 931 4234 Principis
962 4160 1100 4218 Mauritii
1140 4160 1305 4219 mandatum
1336 4164 1442 4222 fuisse:
1474 4182 1537 4221 nam

368 4284 444 4324 mare
475 4269 597 4324 liberum
630 4282 688 4323 esse
712 4264 819 4334 debet,
840 4277 874 4323 ut
896 4263 997 4322 Indica
1018 4268 1197 4338 negotiatio,
1218 4283 1291 4339 quae
1313 4267 1356 4324 bis
1379 4269 1538 4340 provinciis

370 4371 521 4429 foederatis
550 4387 593 4427 res
622 4370 696 4427 tanti
728 4370 866 4426 momenti
889 4380 950 4437 est,
972 4370 1033 4426 sine
1054 4368 1162 4428 bellico
1184 4373 1314 4428 tumultu
1337 4373 1538 4430 continuetur.

368 4476 470 4548 ltaque
503 4474 732 4542 Hemskerckio,
762 4475 811 4545 qui
844 4474 899 4530 hoc
931 4475 1055 4531 consilio
1086 4491 1152 4532 cum
1185 4473 1294 4534 duabus
1327 4475 1447 4534 navibus
1476 4479 1538 4533 vela
