3552 5654
361 642 422 731 164
677 659 724 706 uu
747 657 840 724 June
867 659 1051 708 ansanus.
1078 659 1157 706 car.
1182 661 1231 708 xr.

360 827 560 898 agnoscunt,
581 833 655 879 cum
686 811 902 880 certissimum
926 814 1056 880 sitnon
1078 815 1324 898 magistratuum
1337 815 1454 896 modo,
1478 839 1535 884 ve-

359 945 430 990 rum
461 939 494 989 et
521 924 643 991 civium
666 925 804 991 maxima
823 939 912 1008 parte
935 924 1038 990 invita
1058 925 1093 989 id
1114 925 1220 1008 ipsum
1242 926 1444 1012 contigisse;
1468 929 1545 993 hoc·

361 1056 427 1102 uno
452 1038 590 1102 obtentu
611 1037 704 1121 jura,
722 1036 872 1123 judicia,
896 1036 1095 1102 tributorum
1119 1037 1265 1102 ordinem
1279 1051 1440 1103 mutatum
1452 1038 1533 1117 ivit,

360 1162 473 1214 contra
496 1150 585 1232 leges
607 1147 815 1230 Principibus
836 1149 984 1233 iuratas,
1010 1168 1093 1228 quae
1119 1167 1188 1214 rara
1210 1147 1294 1215 inter
1315 1149 1534 1232 principatum
1581 1141 1586 1155 '

361 1278 398 1325 ac
430 1258 611 1324 libertatem
644 1259 877 1341 temperatione
911 1258 1037 1340 imperii
1070 1259 1202 1324 modum
1228 1273 1259 1324 et
1282 1273 1387 1324 status
1411 1258 1534 1345 belgici

361 1368 609 1435 fundamentum
645 1369 869 1436 continebant.
926 1369 976 1434 Ea
1010 1369 1187 1436 necessitas
1218 1368 1365 1452 privatos
1393 1371 1534 1453 primurn

362 1481 491 1566 adegit,
524 1501 666 1563 quorum
698 1501 836 1564 corpora
857 1481 890 1545 in
914 1500 1075 1564 poenam,
1100 1481 1185 1547 bona
1209 1481 1242 1546 in
1265 1481 1378 1547 fiscum
1401 1497 1457 1546 aut
1479 1483 1535 1547 tri-

362 1594 479 1659 butum
515 1593 673 1659 adversus
707 1612 783 1673 eas,
816 1612 898 1674 quas
927 1591 1020 1672 dixi,
1043 1595 1131 1675 leges
1154 1591 1274 1675 patrias
1299 1593 1534 1673 trahebantur,

362 1703 434 1769 aliis
468 1702 620 1768 omnibus
643 1702 811 1786 praesidiis
838 1705 989 1770 exclusos
1012 1703 1078 1769 vim
1108 1703 1217 1768 moliri
1247 1723 1311 1785 qua
1340 1703 1407 1769 vim
1431 1706 1535 1786 repel-

363 1815 478 1879 lerent.
523 1813 612 1879 Idem
636 1813 786 1879 civitates
818 1813 947 1896 fecere,
972 1814 1131 1895 brevique
1154 1814 1292 1880 accessit
1314 1813 1533 1896 Hollandiae,

364 1945 448 2006 quae
477 1926 565 2010 justa
596 1925 661 2009 jam
696 1946 714 1990 a
744 1940 866 2009 septem
897 1926 1037 1992 saeculis
1067 1925 1251 2008 respublica
1273 1941 1346 2007 est,
1371 1925 1533 1992 Ordinum

364 2035 560 2101 auctoritas:
596 2055 680 2118 quos
703 2037 836 2118 quidem
860 2036 1001 2102 Ordines
1025 2050 1150 2101 certum
1175 2050 1246 2116 est,
1270 2051 1308 2100 ut
1324 2037 1397 2120 jura
1419 2039 1534 2121 populi

364 2145 599 2228 defenderent,
625 2147 835 2230 Principibus
858 2162 957 2228 atque
983 2146 1158 2230 praefectis
1182 2149 1275 2213 velut
1297 2148 1450 2236 custodes
1480 2149 1534 2214 ad·

204 2249 350 2358 Annona.
364 2258 464 2325 ditos.
513 2256 558 2322 Hi
577 2258 712 2341 publico
736 2278 892 2325 consessu
916 2259 1038 2324 bellum
1061 2259 1215 2328 adversus
1236 2258 1398 2324 Albanum
1412 2274 1444 2324 et
1457 2258 1535 2326 His-

363 2389 467 2452 panos
488 2370 722 2452 decreverunt,
747 2370 839 2451 quod
857 2369 1046 2436 nationibus
1076 2369 1147 2435 aliis
1170 2368 1338 2454 belgarum
1360 2390 1395 2436 se
1419 2369 1536 2454 adjun-

365 2481 517 2566 gentibus
537 2481 571 2545 in
591 2481 707 2547 Albani
732 2480 828 2547 etiam
849 2501 1054 2548 successores
1074 2481 1301 2546 continuatum
1324 2495 1395 2560 est,
1420 2481 1534 2562 utqui

364 2607 397 2658 et
424 2592 533 2658 eadem
569 2592 645 2668 illa,
678 2608 711 2658 et
739 2612 860 2678 poenas
881 2607 1047 2676 praeterea
1077 2591 1279 2658 defensionis
1307 2608 1533 2674 exposcerent.

364 2703 417 2768 Ex
446 2723 485 2769 eo
515 2718 660 2788 tempore
691 2719 850 2786 quantum
885 2703 1053 2787 sanguinis
1077 2702 1186 2768 fusum
1209 2702 1331 2784 fuerit,
1357 2703 1480 2784 quibus
1502 2719 1535 2768 et

362 2815 485 2898 rapinis
509 2829 541 2881 et
572 2831 684 2882 contra
715 2814 872 2898 impensis
902 2815 1058 2880 exhausta
1080 2813 1181 2880 fuerit
1204 2812 1355 2897 Belgica,
1382 2813 1534 2899 (fuerunt

364 2943 471 2992 autem
505 2927 668 3010 impensae
691 2928 794 3006 tales,
819 2926 964 3007 quibus,
988 2924 1016 2990 si
1036 2926 1125 3009 justa
1145 2924 1228 2989 ratio
1257 2940 1417 3007 ponatur,
1443 2927 1534 2991 nulla

364 3059 519 3120 umquam
552 3052 656 3103 aetate
689 3056 767 3122 gens
800 3039 865 3102 ulla
888 3057 981 3119 pares
1005 3035 1125 3120 tulit‚)
1146 3057 1211 3117 qua
1230 3036 1374 3118 denique
1397 3036 1533 3118 perfidia

365 3149 504 3233 Hispani
529 3163 585 3213 aut
607 3148 728 3212 bellum
754 3147 1073 3227 administraverint,
1098 3162 1155 3213 aut
1166 3167 1276 3231 pacem
1290 3149 1532 3229 simulaverint,

364 3263 498 3345 longum
522 3259 565 3324 sit
587 3259 703 3324 dicere.
749 3259 815 3324 Sed
836 3259 913 3324 hinc
937 3259 1015 3326 satis
1039 3259 1178 3342 intelligi
1198 3273 1308 3341 potest
1339 3259 1430 3340 quod
1459 3258 1532 3339 illi,

364 3391 438 3436 cum
462 3390 597 3450 omnes,
622 3369 680 3450 qui
704 3369 737 3434 in
758 3369 867 3450 aliqua
889 3389 1052 3435 sacrarum
1076 3370 1242 3434 literarum
1267 3369 1533 3452 interpretatione

365 3497 421 3548 aut
452 3481 591 3564 receptis
613 3481 733 3547 ritibus
756 3501 774 3546 a
803 3479 951 3546 Romana
976 3481 1128 3547 cathedra
1152 3481 1372 3574 dissentiunt,
1395 3479 1534 3547 haereti·

364 3613 419 3659 cos
452 3608 595 3674 vocent,
619 3593 755 3657 rebelles
779 3608 910 3672 autem,
936 3593 1127 3674 quicunque
1157 3591 1364 3675 Principibus
1388 3592 1457 3658 sine
1481 3612 1535 3657 ex-

363 3705 513 3788 ceptione
541 3704 720 3787 parendum
749 3723 815 3769 non
840 3724 965 3787 semper
995 3703 1204 3784 existimant,
1229 3717 1298 3768 tum
1322 3703 1405 3767 illud
1427 3717 1534 3785 aperte

363 3815 579 3900 profitentur,
603 3835 712 3898 neque
736 3835 809 3880 cum
833 3813 1004 3881 haereticis
1027 3834 1134 3896 neque
1158 3835 1232 3880 cum
1256 3814 1434 3879 rebellibus
1457 3813 1531 3879 fidei

364 3947 435 3994 esse
467 3927 695 3993 commercium
722 3933 752 4005 ¹,
786 3925 1039 4009 improbamque
1071 3945 1198 3991 omnem
1231 3923 1470 3990 conciliationis
1502 3938 1533 3988 et

364 4038 554 4106 clementiae
583 4039 752 4105 rationem.
799 4037 946 4103 Tandem
978 4058 1051 4102 cum
1073 4057 1129 4102 rex
1152 4037 1327 4120 Philippus
1348 4054 1414 4102 non
1435 4035 1534 4100 modo

363 4153 506 4234 populos
538 4171 615 4216 suae
649 4151 770 4216 tutelae
803 4149 1046 4216 commendatos
1077 4168 1143 4214 non
1179 4147 1392 4227 defenderet,
1426 4166 1534 4228 neque

363 4279 513 4329 auctores
535 4261 672 4348 injuriae
694 4262 726 4327 in
747 4261 939 4342 Hispaniam
960 4278 1109 4325 reversos
1130 4279 1189 4342 pro
1208 4259 1334 4325 meritis
1353 4260 1534 4342 plecteret,

364 4455 556 4467 -μ--ι-ι-ι--υι

398 4558 406 4590 ¹
425 4561 456 4607 V.
474 4561 579 4619 Ayalam
597 4561 614 4608 l.
636 4573 657 4607 1.
676 4572 700 4607 e.
718 4559 743 4608 6.
760 4571 784 4606 n.
804 4570 844 4615 71·
