3552 5654
365 636 423 716 136
668 654 715 700 nu
737 627 830 720 June
856 655 1044 704 1111111111.
1069 657 1150 706 cnr.
1176 658 1212 704 x.

358 805 434 872 trita
454 806 487 872 in
509 806 632 873 scholis
648 808 942 892 jurisprudentium
956 818 965 851 ¹
979 811 1077 876 alium
1107 811 1326 895 possessorem
1347 810 1529 876 ministerio

359 937 431 982 meo
450 917 647 999 nefacere,
669 919 836 1003 possidere
858 921 943 986 enim
963 941 1036 987 eum
1059 923 1154 1005 cuius
1173 920 1305 988 nomine
1325 921 1530 1003 possidetur:

358 1027 465 1110 ipsum
488 1043 594 1094 autern
613 1045 856 1111 procuratorem
877 1031 998 1098 alienae
1018 1046 1144 1098 tantum
1165 1031 1363 1114 possessioni
1384 1032 1530 1098 ministe-

358 1137 442 1202 rium
465 1152 643 1221 praestare.
691 1140 756 1206 Sed
788 1140 931 1207 dubitari
961 1157 1071 1224 potest
1093 1163 1133 1207 ex
1155 1141 1293 1208 naturali
1316 1141 1442 1207 ratione
1464 1143 1528 1208 hoc

256 1275 261 1282 ·
358 1248 517 1330 obtineat,
538 1269 577 1314 an
594 1250 667 1333 jure
686 1250 867 1337 Quiritium
879 1266 912 1317 et
921 1251 1156 1319 constitutione
1166 1248 1319 1317 Severi²:
1342 1252 1529 1336 praesertim

358 1360 435 1440 quia
458 1359 493 1425 id
515 1359 667 1427 utilitatis
694 1381 789 1429 causa
822 1377 987 1445 receptum
1017 1363 1081 1428 dici
1117 1362 1267 1428 videatur
1286 1359 1308 1426 ⁸.
1355 1363 1400 1428 At
1421 1376 1542 1427 tamen*

356 1489 422 1535 non
446 1471 585 1551 dubito,
610 1473 691 1554 quin
716 1493 755 1540 ex
769 1473 842 1556 jure
856 1473 1001 1556 gentium
1015 1474 1187 1555 procedat:
1213 1475 1307 1558 cuius
1318 1473 1365 1538 rei
1377 1491 1528 1557 magnum

356 1601 432 1647 sane
453 1597 679 1665 argumentum
701 1597 771 1662 est,
795 1583 887 1664 quod
909 1582 942 1648 in
966 1583 1120 1650 civilibus
1142 1581 1417 1665 acquisitionibus
1437 1581 1530 1646 aliter

357 1710 391 1756 se
412 1710 463 1756 res
483 1692 602 1774 habet,
636 1708 674 1758 ut
696 1693 729 1758 in
748 1692 1039 1775 stipulationibus,
1073 1712 1157 1774 quae
1180 1693 1286 1760 alieno
1308 1693 1439 1760 nomine
1459 1692 1528 1757 fieri

356 1820 421 1866 non
448 1817 588 1884 possunt
607 1798 628 1869 ⁴.
675 1803 721 1868 Et
750 1803 889 1870 discrete
917 1802 1131 1870 Modestinus
1151 1805 1181 1868 ⁵:
1207 1804 1297 1889 qaod
1315 1803 1528 1868 naturaliter

355 1916 553 1996 acquiritur
584 1917 671 1978 sicut
699 1917 880 2000 possessio,
909 1912 1038 1994 inquit,
1061 1928 1126 1998 par
1149 1913 1324 1999 quamlibet
1345 1913 1526 1982 solantibus

355 2023 444 2087 nobis
467 2023 635 2108 possidere
666 2027 876 2110 acquiritur.
923 2023 988 2090 Sed
1011 2023 1072 2089 alia
1092 2024 1229 2092 fuerunt
1252 2024 1293 2090 de
1317 2024 1439 2107 quibus
1462 2023 1528 2088 dis-

354 2146 504 2214 putatum
538 2148 587 2199 est
618 2133 702 2200 inter
730 2148 858 2200 veteres
885 2134 968 2218 juris
992 2149 1142 2202 auctores
1159 2137 1196 2216 ⁸,
1221 2149 1383 2217 quatenus
1404 2134 1528 2200 scilicet

354 2243 520 2326 possessio
544 2244 618 2312 talis
636 2244 862 2330 ignorantibus
883 2244 979 2311 etiam
991 2244 1088 2310 nobis
1100 2245 1302 2327 acquiratur,
1324 2259 1529 2326 etquatenus

354 2355 527 2421 accedente
545 2355 681 2420 scientia
699 2356 854 2438 procedat
874 2355 1044 2437 usucapio.
1072 2355 1213 2423 Severus
1231 2352 1243 2387 ⁷
1262 2370 1369 2420 autem
1391 2355 1527 2420 adhaec

356 2464 451 2529 etiam
465 2467 609 2549 regulam
619 2465 794 2548 produxit,
819 2485 926 2546 neque
936 2469 1025 2547 sola,
1045 2481 1083 2531 ut
1092 2465 1220 2547 inquit,
1241 2466 1394 2532 utilitatis
1403 2466 1528 2530 ratione

354 2573 412 2638 sed
433 2589 465 2640 et
480 2574 766 2659 jurisprudentiae.
812 2575 1003 2657 Possessio,
1026 2591 1064 2642 ut
1084 2576 1115 2639 in
1136 2575 1299 2659 principio
1319 2576 1526 2661 attigimus⁸,

354 2705 393 2750 ex
415 2685 546 2752 duobus
566 2702 628 2768 est,
650 2707 688 2751 ex
708 2686 815 2752 anirno
835 2701 867 2751 et
886 2707 1032 2769 corpore.
1058 2687 1114 2751 Ab
1136 2685 1243 2752 animo
1263 2687 1378 2772 agendi
1398 2687 1526 2751 initium

355 2816 423 2865 esse
457 2797 576 2877 debet,
609 2798 696 2863 unde
727 2797 916 2862 naturaliter
947 2818 1006 2862 nec
1037 2796 1142 2862 infans
1164 2796 1286 2879 primae
1308 2797 1444 2878 aetatis,
1468 2815 1528 2862 nec

353 2906 522 2988 furiosus,
546 2929 605 2974 nec
629 2909 803 2992 quisquam
831 2909 967 2991 quinon
986 2910 1080 2988 vult,
1103 2907 1342 2990 possessionem
1356 2907 1496 2990 acquirit
1506 2917 1527 2970 ⁹.

353 3018 478 3084 Animo
508 3033 623 3084 autern·
647 3019 688 3084 ad
721 3019 1021 3102 apprehendendam
1044 3017 1301 3101 'possessionem
1341 3017 1530 3084 naturaliter

353 3130 536 3195 ministrare
556 3148 677 3212 corpus
698 3130 812 3195 debet:
837 3149 903 3194 non
925 3145 1032 3194 tamen
1053 3127 1236 3194 necessario
1258 3143 1418 3195 nostrum.
1444 3128 1528 3192 Pau-

353 3240 405 3310 lus
426 3242 450 3288 ¹⁰
469 3239 641 3326 Receptis:
676 3241 908 3310 Possessiorrrm
942 3243 1149 3330 acquirimus
1178 3243 1287 3306 areima
1307 3253 1338 3305 rr
1368 3253 1527 3325 corpora:

356 3437 551 3448 fi-——ua--na

389 3538 396 3570 ¹
415 3542 432 3587 l.
448 3540 514 3587 liber
531 3541 618 3588 horno.
633 3538 659 3588 ff.
675 3541 705 3587 de
723 3553 779 3598 aeq.
797 3553 845 3587 ret.
864 3540 932 3587 dom.
950 3539 994 3600 [D.
1012 3552 1053 3600 41.
1071 3551 1092 3586 1.
1109 3538 1195 3600 54]1.
1212 3535 1341 3597 possessio
1356 3535 1377 3597 ς.
1393 3533 1438 3583 fin.
1455 3535 1481 3582 ff.
1496 3537 1527 3583 de

354 3644 407 3690 aeq.
423 3643 491 3690 poss.
511 3630 555 3691 [D.
578 3642 619 3689 41.
645 3642 668 3679 1.
691 3629 726 3693 1.]
748 3633 765 3677 l.
782 3643 805 3678 1.
824 3632 854 3678 C.
869 3643 915 3690 pet
933 3643 993 3690 quas
1007 3641 1074 3689 pers.
1091 3626 1150 3676 nob.
1167 3640 1223 3688 aeq.
1243 3626 1284 3690 [C.
1302 3640 1327 3686 4.
1343 3626 1396 3687 27.]
1416 3627 1433 3673 l.
1450 3638 1527 3686 nego-

353 3721 405 3768 tiis.
430 3722 460 3768 C.
479 3721 511 3768 de
526 3733 582 3780 neg.
596 3720 682 3780 gestis.
698 3717 741 3782 [C.
761 3734 783 3768 2.
805 3721 910 3781 19.13.]
930 3721 947 3766 l.
966 3720 1036 3778 quod
1053 3731 1119 3766 tneo.
1134 3718 1160 3765 ff.
1176 3719 1207 3766 de
1224 3731 1279 3777 aeq.
1295 3730 1365 3777 poss.
1384 3717 1427 3778 [D.
1443 3729 1484 3775 41.
1504 3729 1527 3767 2.

354 3809 405 3874 18.]
441 3807 452 3842 ¹
469 3813 486 3858 l.
505 3824 527 3860 1.
544 3813 573 3859 C.
591 3813 622 3860 de
640 3824 695 3871 aeq.
709 3824 779 3870 poss.
796 3810 839 3871 [C.
855 3823 879 3867 7.
896 3811 948 3871 aa]
984 3808 995 3840 ³
1012 3812 1029 3857 l.
1043 3822 1090 3870 per
1105 3819 1306 3869 procuratorem.
1325 3809 1354 3866 ‚C.
1374 3821 1405 3854 eo
1422 3807 1463 3854 tit.
1483 3807 1528 3867 [C-

353 3914 378 3959 7.
402 3913 441 3958 31.
463 3901 499 3965 8.]
521 3904 537 3949 l.
557 3904 677 3950 solutum.
697 3905 717 3958 ς.
743 3914 764 3948 1.
785 3900 810 3947 ff.
829 3902 860 3948 de
881 3900 950 3960 pign.
971 3911 1019 3947 aet.
1043 3900 1087 3961 [D.
1108 3911 1146 3955 13.
1161 3911 1185 3956 7.
1204 3899 1256 3960 11.]
1281 3898 1372 3946 Paulus
1388 3899 1527 3946 Reusent.

353 3994 371 4040 l.
391 4006 414 4048 5.
430 4004 448 4040 t.
466 4006 488 4040 1.
503 3991 528 4040 in
542 4005 581 4051 pr.
615 3991 626 4023 ⁴
644 3993 660 4038 l.
679 4003 852 4050 quaecunque.
868 3989 894 4037 ff.
912 3991 943 4038 de
961 3989 1040 4050 oblig.
1055 3991 1098 4051 [D.
1113 4003 1154 4051 44.
1168 4001 1192 4046 7.
1208 3987 1260 4052 11.]
1280 3990 1297 4036 l.
1314 3987 1454 4047 stipulatio.
1463 3987 1484 4048 §.
1494 3989 1529 4034 al-

353 4084 410 4132 teri.
434 4082 460 4130 ff.
483 4085 514 4131 de
538 4081 609 4131 verb.
627 4081 679 4130 obl.
703 4082 747 4143 [D.
770 4093 811 4141 45.
836 4093 874 4138 13.
898 4083 920 4128 8.
946 4085 967 4138 ξ.
986 4082 1037 4142 17.]
1054 4083 1071 4128 l.
1090 4094 1111 4128 1.
1125 4083 1155 4128 C.
1173 4092 1221 4139 per
1236 4091 1297 4138 quas
1312 4091 1379 4137 pers.
1395 4077 1456 4124 nob.
1473 4090 1529 4136 aeq.

357 4175 399 4236 [C.
414 4187 438 4234 4.
455 4174 507 4235 27.]
543 4172 554 4203 ⁸
572 4174 589 4219 l.
606 4183 722 4230 eaquae.
739 4171 765 4219 ff.
782 4173 813 4220 de
832 4185 887 4231 aeq.
900 4173 967 4218 dom.
986 4170 1030 4234 [D.
1048 4184 1089 4231 41.
1106 4184 1127 4218 1.
1143 4169 1195 4230 5³·]
1231 4168 1242 4201 ⁸
1260 4171 1277 4216 l.
1292 4169 1439 4229 possessio..
1454 4167 1479 4214 ff.
1497 4168 1528 4214 de

354 4277 410 4324 acq.
428 4277 497 4324 poss.
516 4261 561 4326 [D.
576 4275 617 4322 41.
637 4275 660 4309 1.
681 4261 715 4322 1.]
733 4263 750 4308 l.
764 4261 786 4310 si
808 4275 857 4309 me.
880 4263 900 4321 ς.
918 4262 963 4309 sed
980 4262 1002 4309 si
1019 4275 1071 4310 non
1089 4259 1207 4309 milico
1225 4259 1265 4308 rit.
1284 4259 1328 4323 [D.
1347 4273 1387 4319 41.
1407 4272 1430 4306 1.
1449 4270 1489 4318 34.
1507 4261 1528 4314 5.

358 4355 391 4418 1.]
427 4351 481 4403 ⁷d.
504 4355 521 4401 l.
546 4366 567 4401 1.
588 4354 617 4400 C.
641 4365 687 4412 per
706 4365 769 4411 quas
793 4365 859 4412 pers.
882 4352 925 4413 [C.
947 4364 971 4412 4
998 4352 1051 4412 17.]
1086 4349 1097 4382 ⁸
1123 4352 1155 4399 ad
1171 4353 1188 4398 l.
1206 4364 1229 4398 1.
1247 4363 1322 4411 supra
1340 4363 1363 4396 c.
1382 4363 1406 4398 1.
1423 4349 1496 4397 Adde
1511 4349 1528 4394 l.

263 4509 264 4514 Ἰ
354 4446 494 4504 quemadm.
516 4443 542 4491 ff.
564 4445 596 4492 de
616 4456 672 4502 aeq.
695 4455 764 4502 poss.
784 4443 828 4504 [D.
845 4456 886 4504 41.
902 4456 925 4489 1.
943 4441 977 4504 8.]
1014 4441 1025 4473 ⁹
1044 4444 1060 4489 l.
1078 4455 1100 4489 1.
1117 4440 1143 4489 ff.
1161 4443 1192 4490 de
1212 4454 1267 4499 aeq.
1286 4453 1356 4500 poss.
1374 4440 1395 4501 ς.
1409 4438 1529 4486 furiosus.

355 4547 379 4584 et
398 4539 419 4593 ς.
434 4547 634 4595 proctuatorem.
649 4535 693 4596 [D.
710 4547 752 4594 4¹·
768 4547 790 4580 1.
811 4547 831 4581 1.
846 4533 868 4594 §.
886 4545 908 4590 3.
928 4544 952 4581 et
968 4533 989 4595 5.
1005 4533 1060 4594 1ο.]
1097 4531 1118 4565 ¹⁰
1136 4535 1202 4581 sent.
1216 4544 1268 4580 rec.
1284 4534 1300 4578 l.
1318 4544 1341 4586 s.
1359 4541 1377 4578 t.
1395 4544 1418 4578 1.
