3546 5654
363 655 425 722 252
662 656 709 702 or
732 654 827 720 June
853 653 1236 702 ruaroaa.cnr.x11.

363 827 395 877 et
418 797 604 896 supprimit.
652 810 738 876 Sunt
767 808 869 894 igitur
891 809 970 874 baec
993 807 1127 875 omnino
1151 823 1184 874 et
1209 807 1400 892 simpliciter
1428 809 1535 889 mala,

365 943 449 1004 quae
471 924 525 988 vel
549 922 591 988 ob
616 923 800 1004 exemplum
820 939 957 1003 poenam
980 921 1110 988 debent.
1135 919 1185 986 Ea
1202 936 1310 986 autem
1327 940 1430 1003 poena
1451 920 1535 986 nulli

359 1033 482 1100 rectius
503 1034 685 1116 applicatur
706 1052 804 1114 quarn
826 1031 902 1112 his,
917 1032 975 1112 qui
993 1032 1078 1115 juris
1089 1031 1273 1098 communis
1286 1032 1533 1098 exsecutionem

361 1147 392 1209 in
415 1166 450 1211 se
472 1144 675 1227 receperint,
700 1159 732 1210 et
755 1144 876 1210 baldus
899 1150 907 1184 ¹
931 1143 1016 1209 dixit
1034 1144 1107 1228 jure
1131 1143 1288 1210 canonico
1315 1158 1348 1209 et
1361 1146 1435 1228 jure
1456 1163 1533 1209 con-

359 1256 537 1334 scientiae,
562 1255 654 1338 quod
677 1277 694 1320 a
715 1256 788 1339 jure
820 1254 959 1320 naturali
990 1273 1056 1320 non
1089 1255 1274 1338 discrepat,
1310 1256 1394 1321 bona
1424 1254 1534 1322 omnia

360 1368 583 1450 delinquentis
617 1368 715 1433 tacite
749 1366 892 1451 obligata
921 1387 980 1449 pro
1014 1364 1259 1450 satisfactione,
1284 1387 1384 1448 quare
1408 1382 1534 1450 praeter

360 1480 475 1563 priora*
502 1479 599 1545 etiam
630 1480 693 1545 boc
712 1479 768 1563 jus
791 1477 920 1543 Batavis
944 1477 977 1542 in
999 1478 1086 1543 bello
1110 1478 1304 1544 Lusitanico
1326 1478 1408 1544 fuit.
1457 1478 1533 1544 Ori-

361 1606 461 1658 untur
488 1590 701 1656 haecomnia
733 1610 773 1655 ex
796 1589 883 1654 nuda
914 1588 1137 1670 prohibitione
1158 1590 1447 1657 commerciorum:
1472 1591 1532 1655 alia

362 1723 440 1768 vero
464 1723 529 1767 non
549 1702 676 1766 minora
695 1723 711 1767 e
733 1700 831 1766 modo
852 1700 1073 1783 prohibendi,
1098 1721 1165 1781 quo
1178 1702 1359 1767 calumniae
1371 1702 1534 1785 pertinent

200 1823 349 1924 frifif'sslss
361 1813 511 1897 superius
531 1808 542 1844 ¹
563 1827 720 1878 narratae.
779 1812 815 1876 Si
850 1827 997 1877 nostrum
1027 1812 1123 1877 nobis
1155 1814 1348 1879 servandum
1389 1829 1437 1879 est
1474 1835 1532 1879 nec

201 1946 285 1977 mara·
361 1927 395 1991 id
427 1925 523 1992 nobis
554 1923 677 2007 eripia
711 1943 880 2005 quoquam
910 1922 1029 2003 debet,
1056 1923 1138 2005 quid
1167 1939 1231 1988 tam
1264 1925 1340 1990 ulli·
1358 1944 1453 1991 suum
1486 1941 1534 1992 est

362 2058 459 2119 quam
494 2038 575 2103 bene
600 2035 734 2102 merenti
766 2035 850 2100 bona
874 2033 984 2114 fama,
1009 2055 1093 2116 quae
1117 2051 1203 2101 certe
1224 2037 1444 2103 nobilioribus
1466 2037 1534 2101 ani-

361 2148 422 2214 mis
444 2149 565 2231 quovis
584 2150 700 2228 lucro,
725 2166 826 2230 paene
847 2160 879 2210 et
899 2145 968 2210 vita
992 2146 1168 2228 pretiosior
1191 2149 1293 2214 est⁸‘.2
1319 2150 1433 2231 Atque
1453 2148 1533 2213 adeo

361 2282 438 2327 vera
464 2264 544 2326 haec
568 2259 688 2345 injuria
715 2274 787 2339 est,
812 2273 849 2323 ut
872 2277 1046 2323 commune
1071 2248 1196 2342 generis
1225 2277 1345 2324 nomen
1370 2259 1434 2324 sibi
1458 2280 1533 2342 pro-

362 2374 469 2456 prium
502 2372 616 2438 fecerit
639 2370 668 2435 ⁴:
693 2391 753 2437 nec
778 2369 862 2434 enim
887 2368 1144 2454 significantiore
1167 2371 1332 2436 vocabulo
1355 2371 1534 2453 exprimere

360 2502 537 2568 possumus
560 2483 616 2564 id,
643 2483 735 2564 quod
756 2480 973 2546 contumeliae
997 2499 1095 2546 causa
1117 2480 1175 2562 fit,
1201 2502 1297 2563 quarn
1320 2481 1439 2547 Graeci
1455 2483 1534 2566 ὕβριν

360 2610 490 2662 vocant.
524 2594 644 2676 Neque
666 2593 720 2659 bic
743 2593 783 2657 de
806 2592 871 2656 levi
896 2592 1096 2656 contumelia
1118 2592 1251 2676 agitur,
1272 2614 1356 2674 quae
1377 2591 1533 2658 facientes

360 2708 518 2784 delectet,
543 2705 678 2772 affectos
712 2723 825 2786 parum
856 2702 982 2780 laedat,
1007 2703 1065 2768 sed
1092 2704 1132 2767 de
1155 2724 1191 2768 ea
1214 2725 1280 2785 qua
1304 2704 1462 2769 Hollandi
1483 2704 1533 2768 in-

362 2818 474 2884 famati
497 2839 555 2902 per
586 2818 696 2884 orbem
720 2832 898 2894 terrarum,
922 2814 1183 2897 criminibusque
1209 2836 1276 2884 non
1301 2817 1410 2883 minus
1440 2815 1534 2882 falsis

360 2952 458 3015 quarn
488 2931 654 2996 atrocibus
686 2929 719 2992 in
742 2927 856 2993 odium
875 2925 1010 2990 humani
1042 2926 1167 3010 generis
1197 2927 1329 2993 adducti
1350 2942 1444 2993 sunt:
1468 2949 1533 3010 qua

358 3044 507 3123 factum,
540 3057 577 3108 ut
600 3039 733 3124 plurimi
764 3059 856 3122 reges
885 3052 917 3102 et
949 3037 1065 3120 populi
1095 3053 1268 3104 contactus
1298 3039 1392 3105 etiam
1427 3043 1533 3126 gentis

359 3158 452 3222 velut
483 3152 638 3236 profanos
671 3166 771 3232 atque
804 3147 944 3214 nefarios
978 3163 1233 3215 exsecrarentur.
1290 3150 1430 3219 Infames
1454 3155 1532 3221 olim

358 3266 474 3350 populi
506 3264 643 3348 piratica
674 3262 821 3342 Cilices,
846 3258 943 3325 furtis
976 3259 1164 3342 Cercopes,
1199 3259 1338 3328 infandis
1367 3265 1533 3331 amoribus

359 3379 497 3457 Persae,
522 3377 590 3442 vita
612 3377 724 3459 exlege
749 3389 781 3439 et
810 3371 995 3438 insociabili
1026 3370 1214 3437 Nomades:
1237 3374 1294 3438 sed
1317 3396 1414 3458 supra
1438 3397 1532 3443 omne

360 3491 451 3574 quod
481 3487 546 3554 dici
576 3501 685 3571 potest
708 3485 839 3550 illorum
866 3498 916 3548 est
939 3482 1051 3562 nefas,
1076 3483 1134 3564 qui
1158 3484 1265 3550 Deum
1289 3501 1321 3551 et
1340 3487 1530 3572 religionem

361 3621 427 3667 non
447 3614 648 3685 agnoscunt,
661 3617 736 3662 curn
757 3595 792 3660 id
813 3613 960 3675 eousque
982 3595 1021 3658 ab
1040 3595 1182 3660 humana
1201 3608 1316 3663 natura
1335 3600 1530 3681 abhorreat,

360 3729 398 3781 ut
422 3733 496 3779 vere
517 3712 642 3777 dictum
668 3709 711 3775 sit
730 3709 856 3774 nullum
891 3726 961 3772 esse
993 3708 1175 3788 populum,
1198 3708 1252 3774 cui
1282 3729 1348 3774 non
1382 3726 1533 3794 appareat

361 3828 504 3908 aliquam
526 3824 631 3890 inesse
654 3819 805 3888 notitiam
829 3832 861 3882 et
882 3819 1007 3883 cultum
1030 3816 1213 3885 divinitatis
1236 3829 1260 3885 ⁶.
1307 3821 1436 3886 Cuncta
1456 3823 1533 3888 haec

360 3938 493 4004 crimina
525 3934 676 4002 Lusitani
704 3935 736 3998 in
762 3929 945 3995 Hollandos
969 3945 1204 4012 congesserunt
1227 3946 1290 3996 tarn
1320 3952 1414 3998 caeca
1436 3936 1532 3998 male-

360 4049 489 4116 dicendi
512 4048 670 4126 libidine,
695 4060 734 4109 ut
756 4042 839 4108 nihil
856 4043 973 4106 horum
993 4041 1175 4122 reperiatur
1190 4043 1282 4125 quod
1299 4064 1364 4110 non
1380 4045 1413 4110 in
1433 4065 1533 4127 quos-

393 4337 399 4369 ¹
420 4337 445 4384 in
464 4339 482 4384 l.
501 4335 571 4384 furti.
591 4337 620 4382 C.
639 4337 670 4383 de
689 4334 772 4383 furtis.
791 4336 833 4396 [C.
852 4336 877 4383 6.
896 4349 919 4383 a.
941 4334 991 4398 15.]
1028 4331 1039 4364 ²
1058 4347 1081 4380 c.
1105 4345 1143 4379 11.
1161 4344 1187 4390 p.
1207 4343 1230 4377 a.
1243 4341 1289 4377 art.
1303 4343 1323 4377 1.
1359 4327 1369 4360 ³
1387 4328 1533 4378 Ecclesiast.

359 4430 400 4476 26.
420 4441 459 4476 vs.
479 4440 503 4485 7.
521 4429 605 4475 Anch.
630 4440 702 4475 cons.
721 4439 777 4484 325.
795 4442 821 4474 v.
842 4427 916 4474 Gent.
934 4426 980 4474 lib.
1000 4439 1023 4473 2.
1041 4437 1065 4473 c.
1087 4425 1124 4471 18.
1159 4420 1205 4468 ⁴1.
1226 4434 1247 4468 ι.
1264 4420 1290 4468 ff.
1309 4421 1341 4468 de
1360 4418 1470 4476 injuriis.
1489 4420 1533 4480 [D.

358 4532 399 4580 47.
421 4519 471 4583 10.]
509 4518 519 4548 ⁵
538 4517 594 4567 Cic.
613 4519 644 4566 de
662 4529 712 4565 nat.
730 4519 809 4565 Deor.
828 4519 845 4565 l.
866 4531 887 4566 r.
908 4518 944 4579 [c.
966 4517 1004 4566 16.
1022 4517 1042 4578 §-
1061 4513 1115 4576 430]
