3530 5656
553 671 600 719 DE
624 669 718 736 JURE
744 667 929 714 PRAEDAE.
957 666 1038 712 CAP.
1064 667 1120 714 111.
1381 665 1422 731 39

248 847 315 894 non
337 843 487 912 possunt,
533 827 645 912 Quare
665 823 751 889 sicut
769 822 853 888 inter
874 821 1060 904 Hebraeos,
1081 823 1215 906 junctos
1236 840 1303 888 non
1323 821 1421 886 modo

249 938 416 1025 religionis
434 939 493 1004 sed
511 953 543 1003 et
573 935 772 1019 reipublicae
794 948 826 999 et
846 934 1011 1020 sanguinis
1032 934 1187 1014 vincu10,
1207 934 1295 1018 justa
1316 948 1421 997 tamen

251 1052 334 1116 bella
352 1047 456 1119 ¹fuisse
475 1048 689 1116 certissimum
708 1061 757 1111 est
779 1057 810 1127 ¹,
837 1045 881 1110 ita
904 1046 984 1128 quin
1006 1047 1089 1112 idem
1111 1045 1195 1111 inter
1215 1044 1422 1111 Christianos

250 1161 379 1228 evenire
397 1161 517 1245 possit,
546 1160 695 1227 dubitare
718 1178 784 1222 non
805 1157 968 1222 convenit.
1014 1158 1099 1224 Illud
1113 1156 1241 1224 interim
1253 1156 1421 1222 fatendum

251 1273 383 1338 minime
411 1294 449 1338 ex
475 1271 581 1339 officio
604 1269 865 1336 Christianorum
886 1269 1055 1335 hominum
1077 1290 1132 1335 eos
1151 1268 1273 1349 facere,
1297 1269 1355 1351 qui
1374 1268 1424 1334 in-

250 1383 347 1468 juriis
375 1384 444 1450 suis
474 1403 634 1449 armorum
663 1394 827 1465 praestant
850 1381 1070 1463 occasionem,
1099 1401 1173 1446 curn
1192 1396 1319 1464 praeter
1338 1399 1425 1445 com-

252 1514 381 1561 munem
409 1493 512 1562 totius
542 1493 752 1560 humanitatis
779 1493 1049 1558 necessitudinem
1078 1492 1234 1576 peculiari
1254 1491 1370 1557 amoris
1395 1507 1426 1556 et

252 1605 443 1672 concordiae
466 1621 665 1672 sacramento
687 1605 882 1690 obligentur.

296 1720 516 1801 Nequaquam
548 1738 626 1784 vero
647 1716 699 1782 his
719 1716 902 1781 rationibus
923 1731 1083 1800 repugnat
1103 1715 1195 1798 quod
1217 1729 1249 1780 et
1270 1714 1425 1780 Christus

253 1830 322 1914 ipse
344 1846 375 1895 et
397 1829 610 1913 philosophi,
633 1827 792 1893 Platonici
813 1827 973 1908 maxime,
998 1842 1109 1894 vetant
1127 1835 1160 1899 rb
1178 1831 1427 1907 deturbatum-

245 1945 381 2028 jurium
405 1956 569 2026 reponere.
615 1939 701 2004 Nam
721 1939 803 2021 quid
827 1938 869 2004 sit
888 1939 980 2021 quod
998 1940 1037 2004 ab
1059 1939 1125 2004 illis
1143 1939 1363 2022 improbetur,
1387 1959 1426 2003 ex

254 2053 307 2120 his
339 2071 422 2134 quae
455 2070 551 2134 supra
585 2051 625 2116 de
656 2050 772 2134 poenis
801 2049 875 2116 fuse
899 2051 978 2115 satis
999 2051 1209 2118 tractavimus
1228 2049 1263 2131 ²,
1287 2049 1425 2134 intelligi

257 2178 376 2248 potest.
423 2163 468 2227 Et
496 2162 635 2246 primum
665 2163 743 2227 satis
775 2177 902 2228 constat
928 2178 1096 2246 praecepta
1120 2163 1174 2227 illa
1196 2161 1332 2245 privatis
1355 2161 1428 2226 data

258 2291 290 2342 et
314 2274 467 2341 ecclesiae
490 2274 706 2354 administris,
738 2293 823 2356 quos
843 2274 904 2339 hac
923 2274 957 2340 in
984 2289 1074 2356 parte
1097 2273 1253 2338 Christus
1283 2273 1429 2356 privatos

262 2406 331 2452 esse
354 2385 484 2465 voluit,
507 2385 691 2467 meritoque
719 2385 754 2451 id
775 2384 941 2468 prohiberi
964 2384 1055 2466 quod
1083 2403 1299 2464 concessum,
1323 2398 1360 2448 ut
1389 2383 1430 2448 ad

255 2500 356 2582 legem
382 2515 500 2562 nonam
522 2494 685 2576 diximuS,
714 2510 820 2561 totum
845 2495 989 2560 ordinem
1013 2495 1209 2579 reipublicae
1228 2496 1430 2579 perturbaret

255 2610 392 2693 eiusque
415 2606 683 2688 tranquillitatem
703 2609 918 2673 convelleret:
944 2606 1217 2689 quemadmodum
1228 2607 1354 2689 antiqui
1373 2607 1426 2691 ju-

256 2720 301 2784 ris
325 2719 612 2802 regula³testatur
634 2736 699 2782 non
722 2737 791 2783 esse
814 2719 952 2802 singulis
971 2719 1246 2802 permittendum,
1270 2718 1361 2800 quod
1373 2739 1431 2801 per

258 2829 480 2914 magistratum
511 2827 641 2910 publice
661 2829 767 2911 possit
790 2829 879 2909 fieri,
900 2849 941 2894 ne
962 2829 1004 2894 sit
1025 2828 1152 2894 occasio
1163 2829 1295 2913 majoris
1306 2831 1429 2894 tumul-

257 2956 322 3006 tus.
370 2941 444 3006 Hoc
463 2939 569 3022 ipsum
590 2953 696 3004 tamen
721 2960 896 3022 quousque
917 2941 1046 3006 extendi
1067 2941 1182 3005 debeat
1205 2939 1282 3005 alibi
1302 2939 1430 3006 videbi-

260 3070 342 3116 mus.
389 3050 521 3116 Interim
544 3066 673 3133 apparet
695 3062 747 3115 eas
768 3052 942 3117 sententias
963 3054 1004 3117 ad
1022 3051 1153 3135 publica
1174 3071 1260 3117 arma
1280 3070 1346 3117 non
1357 3073 1429 3134 per·

257 3163 371 3228 tinere.
418 3162 509 3227 Celsi
539 3161 686 3244 alioquin
710 3177 741 3228 et
766 3163 914 3248 Juliani,
938 3179 1067 3230 nostrae
1099 3163 1230 3247 pietatis
1261 3164 1429 3244 hostium,

257 3273 454 3341 accusationi
488 3273 789 3355 subscriberemus,
823 3276 881 3357 qui
906 3276 1113 3342 Christianos
1144 3275 1329 3341 calumniati
1353 3291 1429 3342 sunt

257 3406 330 3451 cum
354 3384 481 3450 ultione·
507 3386 579 3469 jura
609 3385 717 3450 omnia
744 3388 858 3451 tollere
880 3403 911 3453 et
934 3388 1141 3472 magistratus
1161 3406 1348 3470 poenasque
1369 3406 1429 3452 no·

259 3496 411 3561 cerrtium.
457 3496 559 3583 Quod
588 3510 714 3562 tantum
750 3498 864 3578 abest,
905 3514 942 3564 ut
974 3515 1086 3565 contra
1114 3499 1262 3584 theologi
1294 3498 1430 3563 nostri*

258 3607 512 3673 vindicationem
533 3607 566 3672 in
584 3607 745 3674 virtutum
766 3628 865 3674 censu
888 3611 1045 3691 habeant,
1068 3625 1105 3677 ut
1121 3610 1267 3696 justitiae
1285 3609 1430 3694 pedisse·

260 3739 367 3800 quam,
414 3719 566 3783 Alterum
598 3718 738 3800 vitium,
768 3722 860 3802 quod
886 3722 946 3786 hac
968 3721 1001 3786 in
1024 3736 1115 3804 parte
1145 3721 1268 3805 culpari
1300 3735 1431 3804 potest,

259 3829 468 3896 manifestius
498 3844 547 3894 est
575 3851 672 3911 quam
694 3845 730 3895 ut
753 3831 818 3895 dici
842 3850 972 3896 necesse
993 3831 1059 3913 sit,
1082 3832 1234 3898 nimirum
1256 3833 1313 3897 ubi
1337 3851 1433 3897 causa

261 3940 437 4009 ulciscendi
462 3939 582 4024 injusta
604 3955 661 4005 est.
697 3941 848 4006 Tertium
870 3942 926 4006 ubi
948 3941 1066 4007 modus
1079 3942 1267 4022 exceditur,
1287 3943 1345 4024 qui
1357 3963 1431 4024 pec-

260 4067 332 4118 cato
357 4052 553 4136 respondet:
579 4051 662 4117 illud
679 4051 844 4136 justitiae,
865 4054 927 4118 hoc
951 4039 1139 4118 clementiae
1152 4071 1223 4118 esse
1235 4051 1430 4118 contrarium

251 4165 384 4236 ¹Seneca
407 4169 417 4201 ⁵
442 4162 583 4245 scripsit.
630 4164 793 4250 Quartum
824 4178 895 4245 est,
920 4164 976 4230 ubi
1004 4184 1070 4230 non
1097 4166 1188 4248 justo
1211 4163 1318 4231 animo
1348 4163 1431 4230 ultio

295 4397 303 4428 ¹
321 4399 379 4459 Jud.
394 4411 433 4446 20.
449 4409 489 4454 23.
522 4393 533 4427 ²
550 4409 606 4456 cap.
621 4410 644 4444 a.
678 4394 689 4428 ³
706 4399 723 4445 l.
738 4411 789 4445 non
805 4409 842 4446 est
856 4397 969 4459 singulis.
983 4397 1009 4446 ff.
1025 4400 1055 4447 de
1070 4411 1121 4459 reg.
1137 4397 1185 4456 jur.
1202 4399 1246 4460 [D.
1262 4401 1429 4463 50.17.176.]

262 4485 273 4518 ⁴
290 4489 381 4536 Thom.
402 4501 424 4535 2.
448 4501 471 4535 2.
493 4501 518 4547 q.
541 4499 581 4544 72.
602 4500 648 4536 art.
670 4501 692 4545 3.
715 4500 739 4537 et
754 4503 779 4548 q.
796 4492 850 4538 108.
865 4499 890 4537 et
907 4492 961 4546 158.
980 4490 1040 4539 Silv.
1055 4490 1081 4539 in
1096 4507 1121 4539 v.
1136 4493 1182 4539 Ira.
1198 4494 1211 4549 ὁ
1226 4505 1241 4539 n
1256 4502 1280 4539 et
1296 4504 1318 4549 3.
1334 4503 1359 4540 et
1374 4492 1433 4542 inv.

265 4577 393 4628 Vindicta.
427 4577 437 4610 ⁵
456 4580 487 4626 de
503 4580 577 4626 clem.
591 4582 608 4626 l.
627 4593 649 4627 r.
664 4593 687 4628 c.
703 4594 735 4629 20
749 4591 774 4628 et
790 4583 807 4628 l.
823 4594 846 4628 2.
861 4594 884 4629 c.
898 4594 922 4641 4
