3552 5654
389 659 448 734 146
703 673 750 720 ur
773 675 866 742 June
892 671 1078 722 oratoru.
1103 674 1186 722 car.
1210 677 1246 722 x.

387 825 526 894 Gallicis
553 826 809 911 Hispanicisque
838 828 1012 911 triumphis
1043 829 1164 894 ducum
1195 828 1337 912 quisque
1364 849 1478 912 perse
1502 846 1558 896 aut

386 951 573 1018 quaestores
603 939 636 1004 in
667 940 824 1005 aerarium
854 938 1021 1015 retulerit,
1052 959 1137 1022 opus
1167 939 1353 1022 quaerentis
1373 939 1416 1005 sit
1436 941 1556 1007 dicere.

386 1047 506 1130 Neque
535 1063 644 1115 tamen
676 1050 863 1133 impositam
895 1049 1037 1116 ducibus
1067 1051 1290 1117 necessitatem
1322 1051 1406 1116 hane
1434 1049 1556 1131 fuisse,

387 1159 479 1240 quod
498 1159 631 1226 innuere
653 1160 809 1228 videntur
830 1175 1054 1242 accusatores,
1079 1181 1121 1226 ex
1140 1161 1251 1226 eadem
1263 1160 1400 1228 historia
1412 1177 1554 1245 apparet.

386 1269 535 1335 Dabatur
555 1270 639 1337 enim
660 1271 779 1355 praeda
798 1271 961 1336 interdurn
983 1270 1080 1351 Diis,
1104 1272 1266 1338 interdum
1287 1271 1340 1339 lris
1361 1272 1420 1354 qui
1441 1272 1558 1339 milita·

385 1395 519 1463 verant,
544 1382 705 1450 interdum
725 1383 807 1448 aliis.
853 1381 928 1449 Diis
950 1396 1006 1448 aut
1027 1382 1097 1465 ipsa
1117 1402 1271 1466 corpora,
1295 1398 1333 1450 ut
1351 1383 1456 1466 spolia
1475 1404 1558 1466 quae

386 1491 553 1568 Romulus
576 1493 719 1559 Feretrio
742 1494 914 1576 suspendit
934 1497 967 1576 ¹,
996 1509 1053 1559 aut
1079 1494 1206 1559 redacta
1225 1495 1309 1560 inde
1339 1493 1497 1578 pecunia,
1521 1508 1559 1558 ut

387 1621 427 1667 ex
458 1603 638 1671 Pometinis
670 1604 833 1670 manubiis
868 1605 1037 1688 Superbus
1068 1607 1225 1688 templum
1255 1606 1351 1690 Jovis
1382 1605 1416 1671 in
1448 1619 1557 1670 monte

387 1712 532 1799 Tarpejo
561 1714 678 1781 statuit
696 1721 720 1783 ⁸.
767 1714 936 1781 Militibus
965 1716 1114 1800 praedam
1134 1716 1221 1783 -dare
1252 1717 1369 1801 priscis
1398 1716 1557 1782 Romanis

387 1824 597 1891 ambitiosum
626 1826 818 1892 videbatur:
852 1823 902 1891 uti
934 1825 1053 1892 Sextus
1086 1826 1262 1910 Tarquinii
1297 1827 1438 1910 Superbi
1469 1825 1559 1892 filius

386 1953 453 2001 non
477 1935 609 2018 quidem
635 1937 783 2019 Romae,
812 1938 870 2004 sed
897 1937 1014 2002 Gabiis
1042 1937 1201 2022 profugus
1224 1939 1373 2021 praedam
1393 1937 1490 2004 militi
1509 1937 1558 2002 di·

388 2046 524 2131 largitus
554 2047 678 2114 dicitur
698 2053 732 2130 ⁸,
767 2064 805 2114 ut
840 2068 878 2114 eo
911 2049 1010 2115 modo
1044 2049 1225 2132 potentiam
1259 2049 1321 2114 sibi
1355 2048 1557 2114 conciliaret.

386 2158 518 2242 Appius
550 2159 711 2226 Claudius
730 2167 742 2204 ⁵
760 2159 795 2226 in
827 2175 940 2228 senatu
973 2159 1176 2246 largitionem
1207 2161 1290 2226 hanc
1319 2179 1460 2242 novam,
1484 2180 1559 2242 pro-

387 2268 518 2354 digam,
541 2271 767 2354 inaequalem,
790 2271 1007 2337 inconsultam
1027 2271 1146 2356 arguit.
1193 2271 1316 2337 Praeda
1336 2285 1442 2336 autern
1462 2271 1557 2337 militi

387 2380 462 2446 data
485 2396 542 2448 aut
564 2381 745 2464 dividitur,
778 2397 834 2448 aut
866 2382 1029 2465 diripitur.
1074 2381 1191 2448 Dividi
1220 2395 1330 2464 potest
1356 2383 1482 2448 ratione
1501 2383 1559 2449 sti-

387 2492 580 2575 pendiorum
601 2507 658 2559 aut
674 2494 875 2559 meritorum.
899 2493 1143 2578 Stipendiorum
1163 2493 1288 2560 ratione
1307 2493 1411 2559 dividi
1427 2493 1558 2577 Appius

390 2602 550 2668 Claudius
573 2604 705 2670 volebat
722 2607 757 2686 ⁸,
790 2605 818 2672 si
837 2603 920 2670 illud
940 2605 1087 2693 obtinere
1113 2624 1178 2671 non
1200 2618 1333 2686 posset,
1362 2620 1399 2670 ut
1421 2604 1559 2688 pecunia

388 2711 463 2778 inde
484 2714 612 2781 redacta
634 2714 668 2781 in
688 2715 808 2782 aerario
831 2730 925 2780 esset.
949 2715 1075 2782 Totum
1096 2729 1202 2780 autem
1222 2714 1393 2781 dividendi
1412 2715 1557 2781 ordinem

387 2823 567 2909 Polybius⁸
579 2826 734 2910 explicat:
757 2847 872 2910 nempe
892 2827 925 2894 in
947 2826 1018 2892 dies
1037 2841 1094 2892 aut
1111 2826 1241 2911 vigilias
1257 2842 1380 2909 partem
1398 2827 1559 2892 exercitus

388 2941 520 3005 alteram
544 2953 601 3003 aut
621 2938 778 3004 minorem
803 2938 843 3003 ad
866 2937 1131 3020 comportandam
1154 2938 1304 3022 praedam
1325 2936 1412 3002 mitti
1431 2940 1558 3020 solere,

388 3065 421 3117 et
454 3049 545 3132 quod
576 3049 718 3131 quisque
741 3049 913 3132 reperisset
936 3049 970 3114 id
991 3064 1139 3152 coactum
1159 3048 1193 3115 in
1212 3063 1314 3114 castra
1332 3048 1499 3131 perferre,
1523 3064 1561 3114 ut

387 3181 444 3244 per
484 3160 636 3225 tribunos
675 3160 854 3242 aequaliter
891 3160 1165 3240 distribueretur,
1203 3159 1331 3226 vocatis
1364 3159 1404 3224 ad
1437 3174 1558 3242 partem

389 3249 485 3337 etiarn
513 3270 586 3351 his,
617 3270 675 3352 qui
702 3285 807 3336 castra
837 3285 1004 3337 servarant
1034 3270 1158 3353 quique
1190 3290 1247 3352 per
1264 3269 1484 3336 valetudinem
1504 3285 1561 3335 aut

388 3383 534 3466 delegata
562 3380 740 3447 ministeria
769 3383 912 3446 aberant.
958 3381 1126 3448 Interdum
1156 3400 1222 3447 non
1251 3381 1321 3463 ipsa
1339 3381 1478 3463 praeda,
1501 3382 1561 3447 sed

387 3493 524 3577 pecunia
544 3493 679 3576 praedae
697 3494 772 3559 loco
790 3491 951 3558 militibus
980 3493 1117 3574 donata,
1142 3492 1234 3574 quod
1251 3491 1321 3558 fere
1340 3493 1376 3559 in
1391 3493 1558 3575 triumpho

388 3603 496 3669 fiebat.
541 3601 789 3686 Proportior'rem
819 3604 901 3670 hanc
930 3603 1063 3668 invenio
1083 3611 1110 3667 ²:
1132 3602 1271 3687 simplex
1289 3602 1415 3686 pediti,
1439 3605 1560 3686 duplex

388 3713 598 3794 centurioni,
627 3713 750 3797 triplex
779 3713 883 3796 equiti
911 3715 1040 3780 datum:
1073 3715 1235 3780 interdum
1266 3714 1405 3798 simplex
1434 3715 1558 3798 pediti,

389 3825 494 3908 equiti
521 3825 643 3909 duplex
661 3830 693 3890 ⁸:
725 3809 888 3890 interdurn
914 3825 1050 3907 simplex
1068 3825 1193 3908 pediti,
1217 3825 1338 3908 duplex
1357 3825 1557 3908 centuriori,

387 3909 520 4003 t'ribu‘no
541 3951 572 4003 et
591 3937 695 4020 equiti
717 3936 921 4020 quadruplex
939 3935 969 4000 ⁹:
994 3936 1071 4001 item
1092 3936 1192 4004 sociis
1213 3936 1383 4002 navalibus
1403 3937 1558 4019 simplex,

387 4048 661 4132 gubernatoribus
680 4048 821 4131 duplex,
845 4047 1008 4132 magistris
1030 4046 1163 4113 navium
1186 4048 1392 4132 quadruplex
1404 4044 1439 4113 ¹⁰.
1485 4047 1559 4111 Me-

384 4213 586 4228 m

420 4295 526 4344 ¹Dion.
544 4294 625 4343 llalic.
643 4294 731 4355 Antiq.
749 4295 766 4342 l.
785 4309 809 4344 a.
828 4295 866 4355 [p.
892 4308 948 4343 roa.
965 4307 1004 4343 vs.
1025 4294 1078 4356 ab]
1114 4291 1402 4356 ’Liv.1.r.[c.sa·t
1438 4291 1524 4342 'Lim
1542 4296 1560 4341 l.

389 4401 411 4435 r.
430 4387 466 4448 [c.
487 4385 539 4447 54]
574 4383 665 4434 ⁴Liv.
683 4387 701 4433 l.
720 4397 742 4442 5.
768 4385 804 4446 [c.
824 4385 876 4446 aaa]
912 4384 1048 4434 ‘ibidem
1082 4384 1205 4443 troryb.
1227 4386 1244 4432 1.
1270 4397 1308 4434 ιο.
1333 4384 1370 4445 [c.
1390 4384 1440 4445 ro]
1476 4381 1560 4433 'Lim

386 4479 404 4524 l.
428 4489 471 4538 4⁵·
496 4476 533 4538 [c.
556 4476 613 4538 40.]
648 4475 705 4524 'd
729 4476 747 4524 l.
773 4475 808 4536 [c.
833 4475 886 4538 na]
921 4473 1104 4524 ’Suet.Caet.
1119 4489 1142 4524 e.
1162 4477 1202 4532 38.
1220 4486 1244 4524 et
1263 4477 1332 4536 App.
1351 4475 1430 4526 Civil.
1448 4477 1466 4523 l.
1484 4489 1507 4524 2.
1523 4475 1560 4536 [c.

388 4579 444 4614 roo.
460 4576 484 4613 et
506 4565 573 4629 rao]
612 4563 633 4597 ¹⁰
649 4566 706 4614 Liv.
721 4567 745 4614 d.
761 4568 778 4614 l.
794 4563 832 4628 [c.
844 4564 900 4629 aa]
