3552 5654
567 624 614 671 nn
638 625 731 692 Juttlt
757 625 945 675 sunnone.
970 626 1051 675 cnr.
1077 626 1141 674 v11.
1396 613 1434 692 83

264 779 327 848 dus
347 797 380 848 et
401 778 499 848 animi
522 777 682 863 intentio,
707 779 788 863 quin
812 780 943 864 utrique
964 780 1047 865 parti
1071 782 1183 849 adesse
1206 782 1339 866 possint
1362 787 1435 850 nul·

263 896 326 959 lam
347 894 444 959 habet
464 892 709 960 dubitationem.
755 892 872 958 Omnis
895 907 1001 958 autem
1034 893 1208 961 difficultas
1229 895 1262 960 in
1286 915 1322 960 ea
1344 911 1435 979 parte

263 1005 406 1085 residet,
422 1004 462 1070 de
485 1023 551 1086 qua
570 1022 658 1070 nunc
677 1003 813 1088 egimus.
838 1005 912 1070 Nec
931 1003 1017 1070 enim
1040 1003 1111 1071 fieri
1130 1024 1227 1088 posse
1246 1007 1378 1073 videtur
1398 1022 1436 1072 ut

263 1115 307 1195 ei,
331 1114 390 1198 qui
403 1116 565 1201 jussuum
577 1113 968 1196 exsequitur,tamquam
989 1113 1140 1200 injuriam
1161 1115 1295 1183 facienti
1312 1116 1369 1202 jus
1392 1117 1435 1183 sit

262 1226 429 1298 resistere,
465 1224 650 1292 Discrimen
676 1225 776 1310 igitur
802 1223 987 1292 habendum
1015 1241 1065 1292 est
1092 1225 1299 1294 subditorum
1321 1243 1353 1293 et
1373 1228 1433 1294 im·

260 1337 454 1420 parantium.
498 1336 585 1403 Nam
606 1336 639 1402 in
660 1336 729 1420 ipsa
752 1335 918 1419 republica
950 1355 1008 1402 seu
1040 1337 1231 1422 magistratu
1254 1339 1333 1405 belli
1356 1359 1433 1406 auc·

262 1463 332 1517 tore
362 1447 494 1516 facilius
527 1447 649 1516 accidet
673 1463 712 1515 ut
741 1446 859 1532 injuria
882 1446 1068 1530 utrimque,
1092 1468 1189 1529 quam
1209 1463 1248 1514 ut
1265 1450 1321 1534 ius
1340 1450 1432 1517 inve-

262 1561 391 1644 niatur3
416 1574 454 1626 ut
474 1559 502 1625 si
522 1579 596 1626 cum
619 1557 768 1641 quinque
789 1559 966 1625 debeantur
984 1561 1065 1626 alter
1088 1559 1195 1624 decem
1217 1575 1329 1642 petat,
1353 1564 1432 1628 alter

261 1673 377 1739 offerat
402 1669 495 1737 nihil.
538 1670 625 1736 Nam
652 1669 736 1736 idem
768 1669 823 1736 hic
851 1685 900 1736 est
931 1669 1019 1751 quod
1049 1668 1082 1736 in
1105 1671 1276 1740 contrariis
1301 1672 1430 1753 effatis,

261 1803 343 1866 quae
366 1783 463 1850 simul
482 1781 565 1848 falsa
587 1798 658 1846 esse
676 1795 837 1864 possunt,
861 1780 959 1846 simul
979 1801 1056 1847 vera
1077 1799 1143 1847 non
1165 1796 1315 1865 possunt.
1344 1781 1431 1848 Illud

261 1894 393 1977 quidem
415 1892 577 1979 contingit
595 1906 634 1959 ut
664 1891 698 1957 in
716 1892 789 1976 iure
812 1906 869 1958 aut
895 1891 983 1957 facto
1004 1891 1168 1974 principes
1190 1892 1341 1959 labantur
1365 1897 1373 1931 ¹
1399 1909 1431 1959 et

259 2005 302 2072 sit
319 2005 451 2088 quidem
471 2024 559 2072 error
580 2001 793 2070 excusabilis:
818 2002 874 2068 sed
894 2004 959 2068 hoc
978 2001 1085 2086 ipsum
1105 2001 1138 2068 in
1160 2001 1231 2069 soro
1253 2002 1281 2068 si
1302 2004 1430 2070 contin-

259 2131 333 2202 gat,
351 2133 416 2183 non
432 2133 471 2181 eo
486 2114 590 2200 magis
607 2113 734 2180 dicetur
746 2111 820 2198 jure
836 2111 1009 2200 litigatum.
1054 2114 1139 2180 Nam
1159 2113 1193 2180 in
1212 2112 1265 2181 his
1289 2115 1347 2197 qui
1369 2135 1429 2182 vo-

258 2227 398 2294 luntarie
421 2240 543 2313 agunt,
576 2240 614 2292 ut
638 2226 727 2310 juste
754 2239 872 2308 agant,
903 2243 1035 2292 necesse
1065 2240 1115 2290 est
1145 2225 1305 2291 actionem
1328 2226 1362 2291 in
1394 2245 1429 2291 se

255 2339 384 2424 legibus
407 2356 478 2405 esse
497 2335 756 2403 convenientem.
794 2336 1004 2423 Quapropter
1026 2356 1137 2400 aarum
1159 2339 1224 2420 qui·
1237 2335 1429 2404 uoluntaria
1440 2338 1547 2439 mil·

257 2462 366 2535 agunt
387 2461 559 2534 respectu,
583 2445 702 2512 ballum
729 2467 770 2510 ex
793 2459 940 2531 utraque
953 2459 1058 2530 parta
1069 2446 1201 2532 justum
1223 2467 1287 2510 non
1305 2445 1426 2513 datur.

258 2560 431 2625 Caeterum
456 2555 664 2624 administros
683 2569 809 2622 tantum
829 2555 856 2620 si
875 2555 1084 2636 consideres,
1109 2555 1286 2639 quominus
1305 2557 1425 2624 bellum

256 2669 423 2752 utrimque
436 2669 562 2753 justum
580 2682 649 2732 esse
665 2664 771 2749 possit
788 2665 871 2730 nihil
888 2665 1032 2748 impedit.
1047 2665 1162 2732 Omnis
1180 2666 1265 2733 enim
1280 2667 1426 2752 jststitiae

254 2797 352 2846 causa
381 2778 533 2846 consistit
561 2797 627 2843 non
651 2776 684 2842 in
708 2795 852 2857 reone,
881 2777 938 2842 sed
965 2776 998 2841 in
1018 2777 1114 2860 jussu
1135 2777 1339 2844 diversorum
1367 2778 1426 2843 im·

253 2891 436 2976 parantium
463 2888 626 2956 contrario
658 2902 690 2954 et
718 2886 862 2970 ipsorum
891 2885 1056 2969 opinione.
1109 2888 1208 2953 Facta
1240 2903 1346 2954 autem
1377 2888 1425 2954 di·

253 3021 421 3070 versorum
438 2999 598 3068 contraria
612 3017 648 3064 se
662 3012 779 3064 mutuo
793 3017 860 3065 non
877 2997 1081 3080 impediunt,
1101 2997 1187 3065 sicut
1202 3013 1234 3064 et
1253 2998 1425 3082 opiniones

253 3113 432 3180 contrariae
455 3127 488 3178 et
517 3126 675 3193 utraeque
698 3107 882 3192 probabiles
907 3109 1017 3175 eadem
1039 3108 1079 3174 de
1102 3129 1136 3174 re
1159 3108 1349 3176 hominibus
1375 3110 1424 3176 di-

251 3223 357 3292 versis
378 3222 545 3289 incidunt:
1481 3212 1484 3216 ’

205 3329 207 3334 ’
603 3330 685 3416 Quis
698 3333 829 3417 justius
851 3329 973 3396 induat
995 3350 1094 3396 arma

367 3444 460 3510 Scire
482 3442 600 3528 nefas:
623 3463 742 3530 magno
764 3462 796 3507 sa
813 3440 926 3523 judica
948 3443 1086 3526 quisque
1107 3453 1225 3506 tuetur
1245 3447 1270 3508 ¹.

295 3553 358 3622 Est
385 3570 418 3621 et
444 3575 541 3637 super
570 3553 683 3620 eodem
716 3567 905 3639 argumento
933 3549 1017 3617 illud
1048 3551 1240 3618 Tullianum
1271 3552 1302 3614 ⁸:
1329 3548 1422 3616 Erat

252 3679 362 3732 nutam
391 3667 575 3731 obscuritas
605 3663 790 3750 quaedam,
824 3676 900 3729 crat
918 3676 1086 3727 certamen
1107 3663 1198 3727 inter
1216 3659 1419 3727 clarissimos

250 3776 493 3842 ducas.··multi
512 3774 715 3841 dubitabant
734 3774 819 3859 quid
839 3775 993 3858 optimum
1017 3784 1114 3849 esset,
1138 3769 1239 3834 multi
1259 3769 1343 3855 quid
1358 3770 1421 3834 siti

251 3886 446 3973 tapediret,
469 3885 569 3950 multi
591 3883 676 3971 quid
692 3885 843 3963 deceret,
867 3879 1020 3946 nonnulli
1048 3882 1149 3944 etiam
1180 3879 1265 3964 quid
1294 3879 1418 3943 liceret.

250 3995 296 4062 Hi
321 4011 397 4063 sunt
415 3996 516 4081 igitur
535 3995 594 4078 qui
607 3995 699 4080 justi
716 3995 820 4059 hostes
838 3991 958 4074 passim
976 4004 1153 4066 vocantur,
1177 3987 1231 4054 isti
1250 3987 1419 4066 nimirum,
1428 4013 1496 4070 Jasrt

250 4109 308 4191 qui
339 4108 430 4192 quod
457 4105 583 4174 faciunt
610 4103 787 4189 superioris
814 4103 941 4187 imperii
974 4100 1099 4167 faciunt
1133 4097 1274 4167 decreto.
1320 4097 1419 4165 Unde
1432 4069 1514 4114 'mm'

253 4309 437 4320 *—

286 4425 295 4458 ¹
313 4427 381 4475 vict.
399 4429 430 4476 de
447 4425 503 4484 iure
519 4425 588 4476 belli.
605 4440 630 4476 n.
648 4439 687 4490 ⁵9·
721 4423 732 4459 ²
749 4386 843 4476 Lucan.¹
861 4425 957 4488 [Phara.
974 4427 991 4473 l.
1014 4437 1035 4472 1.
1052 4437 1091 4474 vs.
1104 4422 1158 4472 126.
1166 4419 1218 4482 sq.]
1253 4417 1265 4454 ³
1282 4430 1329 4480 pro
1339 4419 1419 4466 Marc.

253 4517 289 4577 [c.
312 4530 348 4564 10.
366 4521 388 4574 5.
403 4518 455 4578 so]
1365 4516 1368 4522 ·

1210 4601 1248 4664 6*
