3530 5656
383 683 425 761 64
688 700 735 746 ou
759 698 852 764 June
879 697 1060 746 rnnronr.
1087 699 1167 746 cnr.
1192 699 1239 745 vr.

381 873 469 918 mum
487 852 626 919 credidit
648 853 833 937 respublica
853 855 1056 920 commissam
1075 852 1220 920 voluerit
1239 853 1310 938 eius
1330 853 1484 918 movendi
1504 853 1553 918 fa·

380 967 545 1030 cultatem.
592 964 746 1046 Cumque
773 964 920 1032 diversos
948 963 1125 1031 instituerit
1144 963 1391 1048 magistratuum
1413 964 1554 1047 gradus,

379 1093 445 1141 non
464 1075 615 1160 ambigua
633 1075 814 1142 voluntatis
837 1075 1035 1162 significatio
1053 1090 1125 1157 est,
1149 1067 1240 1141 ut'in
1260 1095 1293 1142 re
1315 1089 1379 1140 tam
1401 1075 1492 1159 gravi
1513 1076 1555 1141 ad

378 1206 567 1270 supremum
590 1187 813 1270 magistratum
842 1187 949 1270 primo
979 1188 1054 1252 loco
1080 1201 1196 1265 eatur,
1222 1185 1277 1251 bic
1298 1184 1326 1252 si
1349 1187 1467 1251 babere
1486 1203 1553 1252 non

379 1298 483 1381 possit
505 1313 561 1364 aut
582 1297 730 1364 officium
753 1317 819 1365 non
843 1295 963 1380 faciat,
988 1297 1029 1364 ad
1047 1297 1242 1364 secundum:
1271 1311 1305 1362 et
1325 1297 1370 1362 ita
1390 1297 1552 1379 deinceps.

380 1409 515 1492 Semper
536 1408 620 1475 enim
642 1409 824 1491 respublica
844 1424 875 1474 et
897 1407 1027 1475 defendi
1041 1409 1110 1490 ipsa
1128 1409 1225 1489 vult,
1247 1423 1280 1474 et
1288 1407 1448 1492 justitiam
1462 1427 1552 1474 exer-

378 1519 464 1597 ceri,
487 1520 632 1602 bonique
662 1520 785 1603 publici
814 1521 1000 1602 procuratio
1026 1520 1068 1584 ad
1093 1519 1300 1603 magistratus
1323 1537 1434 1586 omnes
1454 1518 1553 1601 perti-

378 1645 435 1696 net
457 1640 478 1696 ¹.
522 1631 591 1697 Ubi
613 1629 715 1716 igitur
736 1633 879 1714 populus
903 1630 972 1714 ipse
993 1631 1168 1698 convenire
1188 1631 1220 1695 iu
1246 1650 1347 1696 unum
1374 1649 1440 1695 non
1468 1630 1554 1696 solet

379 1761 486 1823 neque
506 1742 570 1807 hoc
591 1761 630 1807 ex
652 1761 715 1808 usu
738 1761 799 1808 suo
819 1743 993 1808 arbitratus
1014 1757 1082 1820 est,
1106 1741 1183 1807 belli
1203 1741 1357 1807 movendi
1375 1740 1552 1806 auctoritas

378 1853 483 1934 primo
504 1872 603 1936 penes
627 1852 701 1918 illos
724 1853 858 1920 illumve
882 1868 954 1935 est,
977 1853 1031 1919 cui
1054 1869 1111 1918 aut
1134 1853 1257 1936 quibus
1273 1867 1342 1918 tota
1365 1851 1473 1919 civilis
1493 1871 1552 1934 po-

377 1978 477 2029 testas
508 1978 564 2028 aut
590 1984 664 2046 pars
695 1965 766 2048 ejus
796 1963 935 2030 maxima
966 1965 1114 2030 mandata
1144 1978 1203 2031 est.
1249 1964 1334 2029 Sunt
1365 1963 1450 2028 enim
1472 1962 1550 2029 alibi

376 2075 486 2157 plures
514 2089 552 2140 ut
580 2093 654 2158 pars
684 2074 799 2157 populi
828 2074 936 2156 aliqua
959 2091 1016 2142 aut
1047 2073 1237 2157 optimates:
1265 2074 1342 2139 alibi
1375 2093 1462 2140 unus
1492 2071 1550 2154 qui

376 2183 531 2269 Princeps
550 2185 682 2251 dicitur.
715 2186 815 2251 Unde
832 2186 1038 2270 Augustinus
1057 2184 1086 2249 ²:
1112 2185 1225 2268 Ordo,
1250 2185 1381 2267 inquit,
1405 2197 1554 2249 natara-

378 2295 420 2360 lis
450 2296 644 2361 mortalium
670 2299 752 2383 paci
778 2296 1039 2362 accommodatus
1059 2300 1117 2362 hoc
1131 2301 1260 2384 poscit,
1280 2311 1318 2362 ut
1352 2295 1551 2381 suscipiendi

376 2406 454 2472 belli
481 2411 669 2472 auctoritas
699 2421 801 2493 atque
831 2407 1005 2472 consilium
1028 2423 1124 2494 pones
1148 2408 1322 2494 Principes
1343 2416 1355 2453 ⁸
1378 2411 1434 2472 sit.
1480 2405 1550 2470 Ubi

375 2536 455 2581 vero
478 2517 632 2600 Princeps
661 2533 717 2584 aut
745 2519 836 2584 abest
865 2533 922 2583 aut
947 2517 1087 2605 negligit
1113 2538 1221 2600 neque
1251 2519 1303 2582 lex
1326 2533 1374 2584 cst
1397 2537 1481 2599 quae
1501 2516 1551 2581 di-

376 2642 460 2693 serte
480 2640 591 2710 vetat,
616 2629 696 2710 quin
716 2630 822 2712 possit
841 2630 1010 2711 proximus
1030 2630 1237 2715 magistratus
1254 2645 1320 2695 non
1341 2630 1447 2696 solum
1466 2648 1549 2694 rema

376 2738 540 2821 publicam
563 2738 757 2822 defendere,
781 2741 839 2805 sed
862 2741 957 2807 etiam
980 2742 1102 2806 bellurn
1120 2738 1236 2805 inferre
1261 2755 1293 2804 et
1309 2739 1343 2803 in
1359 2741 1468 2805 hostes
1481 2738 1550 2803 ani-

376 2851 576 2917 madvertere
595 2867 628 2918 et
650 2850 871 2918 malefactores
887 2851 981 2917 etiam
1008 2851 1180 2932 occidere,
1203 2870 1270 2917 non
1287 2851 1416 2934 ambigo
1435 2853 1459 2917 ⁴.
1485 2849 1551 2915 Sed

376 2982 416 3027 an
445 2963 472 3028 si
505 2965 569 3027 tale
599 2961 681 3044 quid
703 2963 844 3041 accidat,
869 2963 990 3029 bellum
1012 2962 1181 3045 publicum
1201 2962 1373 3028 dicendum
1393 2961 1458 3042 sit,
1483 2960 1549 3027 dis-

218 3091 362 3140 par-aaron.
375 3087 521 3155 putatur.
566 3072 640 3155 Ego
665 3073 841 3153 quominus
859 3072 901 3140 sit
924 3073 1006 3139 nihil
1030 3073 1148 3162 video:
1172 3071 1271 3138 habet
1292 3070 1376 3136 enim
1392 3071 1549 3154 reipubli-

375 3201 430 3248 cae
453 3183 674 3247 voluntatem:
698 3202 794 3265 quam
815 3184 946 3264 quidem
967 3184 1000 3249 in
1022 3185 1109 3250 bello
1128 3184 1269 3266 gerendo
1284 3203 1345 3266 pro
1357 3183 1548 3249 auctoritate

375 3294 579 3374 babendum,
610 3295 673 3359 hoc
692 3309 758 3376 est,
779 3295 909 3360 tacitam
944 3298 1015 3380 ejus
1040 3294 1313 3379 significationem
1344 3314 1409 3359 non
1440 3293 1550 3358 minus

376 3423 473 3485 quam
494 3424 675 3486 expressam
696 3405 797 3487 recipi
819 3405 959 3487 debere,
980 3425 1045 3470 non
1063 3405 1180 3471 Cicero
1200 3416 1211 3448 ⁵
1230 3420 1378 3486 tantum,
1396 3405 1454 3470 sed
1464 3405 1550 3470 inter

377 3515 550 3598 theologos
573 3516 668 3580 etiam
691 3516 901 3600 Cajetanus⁶
923 3518 1086 3598 explicat,
1112 3535 1151 3580 ex
1171 3515 1272 3582 veteri
1302 3515 1455 3582 nimirum
1483 3513 1547 3579 for·

262 3627 269 3634 '
375 3627 478 3689 mula:
511 3626 610 3689 Salus
637 3626 754 3711 populi
782 3642 936 3711 suprema
966 3627 1020 3690 lex
1052 3641 1129 3692 esto.
1173 3627 1344 3711 Agitatum
1371 3643 1476 3692 tamen
1499 3643 1548 3691 est

375 3739 439 3802 hoc
467 3756 540 3801 cum
573 3736 649 3800 alibi
679 3751 747 3801 tum
781 3737 904 3802 Romae
929 3736 1114 3818 aliquoties
1158 3738 1236 3821 Jure
1258 3737 1342 3802 enim
1366 3737 1546 3823 Quiritium

376 3849 521 3927 bellum,
545 3847 758 3912 communiter
779 3863 885 3926 certe,
910 3848 973 3912 nisi
995 3869 1035 3912 ex
1053 3849 1171 3931 Populi
1190 3849 1369 3914 Sen'atusve
1387 3847 1547 3913 sententia

375 3959 499 4025 moveri
521 3978 587 4024 non
609 3973 745 4040 poterat.
771 3960 833 4024 Cn.
857 3975 963 4025 tamen
980 3959 1124 4026 Manlius
1144 3981 1218 4025 cum
1238 3960 1463 4044 Gallograecis
1480 3961 1548 4024 bel-

409 4227 417 4259 ¹
436 4225 663 4274 v.c.a.ad.1.1o.
697 4222 708 4256 ²
725 4237 748 4272 c.
764 4226 845 4273 Faust.
863 4227 974 4274 Manich.
993 4230 1010 4275 l.
1029 4242 1069 4274 22.
1087 4243 1107 4275 e.
1125 4241 1165 4287 74.
1183 4227 1272 4275 citatur
1282 4227 1307 4275 in
1323 4241 1346 4275 c.
1356 4228 1418 4288 quid
1427 4230 1548 4287 culpatur.

376 4314 464 4380 [Deer.
487 4316 557 4363 Grat.
582 4328 608 4373 p.
625 4327 648 4360 2.
674 4326 714 4370 aa.
741 4327 762 4362 1.
779 4316 815 4376 4.]
852 4315 943 4365 ³Sam.
966 4331 987 4364 1.
1010 4321 1033 4365 8.
1049 4331 1091 4366 20.
1130 4317 1231 4365 ⁴Viet.
1254 4331 1279 4365 n.
1305 4331 1320 4378 9
1347 4318 1373 4365 in
1397 4317 1456 4365 fine.
1481 4321 1548 4366 Bart.

375 4417 434 4467 post
446 4408 499 4454 Pet.
518 4405 544 4453 in
562 4407 578 4451 l.
596 4405 693 4451 exhor:
710 4401 773 4460 iure.
790 4403 863 4453 lude
880 4405 938 4462 just.
956 4419 980 4454 et
997 4407 1061 4464 jure.
1089 4407 1133 4470 [D.
1154 4422 1175 4455 1.
1194 4422 1215 4455 1.
1235 4408 1270 4473 5.]
1306 4410 1372 4456 Bart.
1391 4410 1421 4457 de
1440 4421 1547 4468 repress.

377 4509 400 4554 3.
413 4496 493 4555 princ.
511 4497 543 4544 ad
560 4496 702 4543 seeundum.
725 4508 750 4542 u.
777 4496 801 4542 6.
819 4497 894 4545 Mart.
913 4499 990 4546 Laud.
1008 4496 1122 4546 debello
1140 4513 1164 4558 q.
1184 4513 1206 4546 α.
1226 4497 1264 4560 [p.
1284 4499 1352 4561 324]
1388 4497 1497 4558 ⁵Epist.
1516 4500 1548 4546 ad
1586 4531 1588 4538 -

375 4587 478 4634 Brutum
496 4598 520 4642 7.
541 4585 571 4644 [l.
590 4584 626 4644 a]
660 4583 720 4632 ⁶ad
742 4599 829 4634 summ.
849 4588 938 4636 Tbom.
958 4603 980 4637 a.
1000 4603 1022 4636 2.
1040 4604 1064 4649 q.
1083 4590 1123 4650 64.
1141 4601 1186 4637 art.
1205 4602 1218 4645 3
1238 4589 1263 4636 in
1282 4588 1341 4637 fine.
