3530 5656
244 1519 390 1565 Denaissars.

245 1572 279 1621 11.
295 1584 344 1619 art.
360 1573 381 1619 1.

409 697 449 776 36
710 709 758 755 nn
781 707 873 773 June
900 707 1084 756 osannae.
1109 707 1191 756 cao.
1217 707 1272 756 111.

406 870 525 946 tiano,
541 863 673 947 inquit,
697 862 875 948 disciplina
893 865 1003 927 omnic
1022 861 1108 927 bello
1118 860 1293 949 culparet,
1313 863 1372 928 hoc
1378 866 1490 950 potius
1502 885 1578 928 con-

405 976 517 1042 silium
537 975 657 1041 salutis
669 974 857 1060 petentibus
874 977 911 1037 in
929 973 1115 1060 Evangelio
1133 972 1323 1054 diceretur,
1340 988 1378 1039 ut
1395 974 1578 1061 objicerent

405 1110 504 1155 armo
526 1109 620 1174 seque
643 1087 787 1151 militiae
809 1088 936 1149 omnino
953 1085 1199 1150 subtraherent.
1245 1085 1384 1151 Dictum
1401 1100 1447 1150 est
1466 1100 1576 1151 cutem

406 1200 473 1262 eis:
504 1199 660 1261 neminem
687 1199 937 1262 concusseritis:
961 1209 1060 1260 estote
1086 1199 1231 1262 contenti
1252 1196 1422 1282 stipendiis
1445 1202 1576 1265 restris.

407 1304 532 1390 Quibus
546 1310 722 1392 proprium
733 1307 931 1392 stipendium
942 1307 1083 1394 sufficere
1092 1306 1206 1374 debere
1216 1312 1407 1394 proecepit,
1427 1308 1577 1374 militare

405 1422 520 1503 utique
546 1440 609 1482 non
634 1419 820 1504 prohibuit.
866 1417 912 1484 Et
935 1419 1027 1500 quod
1044 1418 1141 1484 modo
1160 1417 1369 1499 dicebamus,
1394 1439 1460 1485 non
1480 1439 1575 1502 posse

405 1528 434 1594 ei
453 1529 506 1594 cui
536 1527 609 1594 finis
638 1531 764 1612 placet,
789 1529 881 1611 quod
904 1529 944 1594 ad
963 1528 1060 1596 finem
1079 1529 1294 1596 necessarium
1315 1545 1366 1596 est
1384 1529 1574 1613 displicere,

403 1660 469 1706 non
488 1639 595 1706 minus
623 1660 697 1705 cum
717 1639 908 1708 auctoritate
928 1661 1116 1724 quamtum
1136 1641 1260 1708 ratione
1281 1642 1436 1727 conjungi
1454 1657 1574 1725 potest.

404 1751 534 1824 Omnes,
558 1750 641 1816 enim
668 1754 775 1836 leges,
809 1773 893 1835 quae
911 1753 1069 1820 hactenus
1090 1752 1214 1836 positae
1233 1768 1335 1834 sunt,
1361 1753 1458 1820 sacris
1479 1753 1574 1818 etiam

401 1862 503 1929 literis
524 1863 696 1947 inscriptae
715 1863 931 1947 reperiuntur.
975 1865 1062 1930 Nam
1082 1864 1140 1947 qui
1159 1863 1293 1949 diligere
1312 1885 1372 1930 nos
1391 1864 1574 1948 proximum

401 1975 487 2043 sicut
505 1991 632 2042 nosmet
653 1975 741 2058 ipsos
763 1976 857 2060 jubet
877 1977 910 2057 ¹,
933 1996 1048 2043 verum
1078 1975 1180 2042 nostri
1208 1996 1349 2042 amorem
1373 1976 1478 2059 primo
1499 1979 1575 2042 loco

400 2086 494 2171 ponit
509 2101 547 2153 ut
567 2090 763 2172 nocrimen,
789 2090 885 2173 cujus
901 2087 1080 2163 immersit
1096 2108 1185 2153 amor
1204 2087 1357 2169 alterius,
1380 2087 1435 2153 hic
1451 2087 1576 2154 seilicet

394 2203 611 2284 primitivus,
635 2197 690 2264 ille
709 2200 901 2286 effiguretus
915 2197 936 2266 ².
961 2198 1051 2265 Huic
1065 2200 1244 2266 sententiae
1262 2199 1290 2266 si
1308 2214 1515 2283 praeceptum
1533 2200 1573 2266 de

399 2310 545 2378 dominio
562 2311 592 2390 ⁸,
611 2310 702 2393 quod
717 2329 734 2376 a
752 2310 907 2377 Creatore
926 2310 1116 2377 hominibus
1143 2311 1252 2376 datum
1280 2325 1328 2375 est
1353 2311 1572 2396 adjungatur,

400 2421 484 2488 idem
511 2421 724 2502 habebimus,
760 2422 851 2504 quod
880 2420 912 2487 in
946 2424 1015 2506 lege
1041 2441 1107 2488 non
1128 2436 1254 2488 tantum
1278 2415 1380 2504 prima
1405 2436 1436 2486 et
1457 2421 1571 2502 tertia,

398 2553 513 2598 verum
541 2533 636 2598 etiam
663 2533 802 2599 secunda
835 2547 867 2599 et
885 2547 998 2615 quarta
1023 2553 1207 2617 expressum
1232 2548 1289 2598 est.
1338 2533 1424 2598 Cum
1441 2553 1531 2599 vero
1554 2554 1572 2598 a

398 2643 472 2709 Deo
498 2643 726 2709 admoneamur
758 2643 879 2727 eripere
911 2664 989 2726 eos,
1023 2645 1081 2727 qui
1109 2645 1150 2709 ad
1178 2643 1312 2710 exitium
1339 2645 1512 2710 trahuntur
1533 2651 1568 2724 ⁴,

397 2758 501 2821 multo
517 2755 618 2840 magis
636 2773 697 2822 nos
716 2755 804 2838 ipsos
823 2755 945 2840 eripere
962 2756 1135 2822 debemus:
1157 2771 1190 2822 et
1205 2755 1379 2822 subvenire
1397 2755 1568 2841 egentibus

393 2868 547 2951 jubemur
562 2865 591 2931 ⁵:
619 2888 696 2953 ergo
722 2882 754 2933 et
782 2881 956 2952 egestatem
972 2887 990 2932 a
1009 2866 1104 2934 nobis
1125 2868 1323 2950 propulsare.
1362 2867 1469 2951 Leges
1490 2887 1567 2933 vero

397 2977 512 3060 quinta
531 2993 563 3044 et
583 2993 673 3044 sexta
694 2977 765 3043 istis
784 2977 893 3044 verbis
919 2978 1146 3044 continentur:
1171 2978 1368 3042 Mensuram
1394 2991 1425 3042 et
1443 2999 1569 3042 mensu-

397 3111 496 3169 rum,
518 3087 647 3173 pondus
673 3104 704 3153 et
720 3089 848 3174 pondus
878 3088 947 3155 odit
974 3089 1138 3154 Dominus
1165 3087 1188 3154 ⁶.
1237 3085 1312 3171 Qun
1337 3109 1391 3156 ros
1414 3109 1569 3154 mensuro

396 3204 498 3264 mensi
521 3199 601 3264 oliis
613 3198 775 3283 feceritis,
799 3199 908 3266 eodem
930 3200 1017 3268 robis
1038 3203 1232 3264 remetietur
1250 3199 1274 3266 ⁷.
1302 3201 1396 3273 Quae
1410 3201 1473 3264 tibi
1488 3198 1569 3266 uelis

391 3310 489 3394 fieri,
507 3311 610 3376 alteri
620 3310 789 3395 feceris⁸:
806 3332 891 3396 quae
908 3311 1012 3391 nolis,
1034 3333 1074 3375 ne
1084 3309 1209 3394 feceris
1222 3317 1243 3376 ⁹.
1268 3311 1314 3376 Et
1331 3312 1387 3396 ius
1403 3329 1472 3375 esse
1492 3330 1568 3395 gen·

395 3421 477 3488 tium
503 3437 540 3488 ut
568 3423 649 3488 bene
674 3420 870 3488 facientibus
900 3423 981 3488 bene
1007 3421 1064 3487 fiat
1089 3422 1243 3488 Christus
1264 3422 1429 3503 ostendit,
1454 3420 1568 3503 qui‘et

389 3533 504 3618 ¹gladio
530 3532 683 3598 ferientes
711 3532 819 3618 gladio
848 3531 1013 3600 feriendos
1044 3532 1090 3598 ait
1117 3531 1159 3597 ¹⁰:
1184 3532 1275 3615 quod
1308 3533 1414 3617 ipsum
1440 3533 1473 3597 in
1497 3535 1568 3616 lege

393 3644 497 3710 veteri
522 3665 668 3727 eousque
693 3664 878 3727 expressum
902 3662 971 3725 est,
1005 3659 1042 3710 ut
1073 3643 1224 3711 destricte
1251 3644 1480 3727 prohibeamur
1508 3663 1568 3709 no-

394 3756 535 3822 centium
552 3755 800 3822 miserescere¹¹.
824 3755 930 3838 Atqui
948 3776 1042 3839 saepe
1065 3755 1183 3821 accidit
1204 3771 1242 3821 ut
1263 3776 1322 3822 nos
1342 3755 1431 3839 ipsos
1450 3775 1566 3837 resque

393 3883 518 3936 nostras
541 3867 727 3949 vindicare,
760 3867 905 3934 debitum
933 3882 1149 3950 extorquere,
1183 3888 1303 3951 poenas
1332 3887 1502 3951 reposcere
1525 3866 1567 3931 ob

393 3979 567 4048 adversarii
588 3980 766 4064 potentiam
787 3979 849 4044 nisi
866 3999 963 4046 manu
991 3993 1111 4045 armata
1136 3999 1202 4046 non
1223 3979 1396 4063 possimus.
1443 3979 1566 4045 Bellare

392 4092 492 4176 igitur
522 4092 607 4158 licet.
652 4091 761 4157 Etiam
789 4093 876 4176 leges
897 4105 1037 4157 caeterae
1060 4090 1093 4156 in
1117 4090 1214 4157 sacris
1234 4089 1354 4158 tabulis
1371 4089 1454 4155 fixae
1477 4110 1568 4173 repe·

397 4259 594 4270 —...-

351 4415 353 4420 .
426 4353 536 4412 [Levis.
564 4367 601 4416 19.
629 4356 667 4402 18.
692 4355 783 4401 Matth.
804 4366 841 4415 19·
862 4366 900 4415 19.
934 4351 1029 4403 2scot.
1048 4368 1088 4417 29.
1106 4354 1164 4404 dist.
1183 4366 1223 4410 31.
1241 4367 1266 4413 q.
1283 4352 1369 4401 unica.
1387 4364 1413 4401 et
1430 4353 1521 4400 Thom.
1540 4364 1564 4399 a.

393 4456 416 4492 2.
434 4458 459 4504 q.
477 4445 517 4492 26.
535 4455 580 4507 art.
598 4458 622 4506 4
655 4441 748 4492 ³Gen.
769 4458 790 4493 1.
808 4447 848 4494 28.
866 4456 891 4496 et
908 4459 947 4508 29.
980 4444 1085 4495 ⁴Prov.
1104 4459 1144 4508 24.
1165 4458 1202 4494 11.
1237 4442 1566 4502 ⁵Cor.a.8·totocapite.

392 4536 455 4595 Eph.
482 4548 506 4596 4.
531 4538 571 4583 28.
604 4534 715 4585 ‘Pron
742 4549 783 4583 ao.
810 4549 847 4584 10.
881 4533 1000 4584 ⁷Matth.
1017 4550 1040 4595 7.
1059 4550 1081 4584 a.
1114 4536 1204 4584 ⁸Luc.
1221 4535 1246 4583 6.
1265 4547 1305 4592 ει.
1340 4533 1460 4582 ⁹Matth.
1479 4546 1503 4591 7.
1527 4546 1564 4581 12.

394 4623 414 4656 ¹⁰
432 4627 522 4674 Matth.
542 4627 582 4674 26.
601 4638 639 4682 52.
674 4624 694 4657 ¹¹
713 4627 787 4675 Deut.
808 4640 846 4676 12.
862 4627 888 4675 in
906 4625 965 4676 fine.
981 4628 1011 4675 V.
1021 4627 1109 4676 Ambe.
1127 4629 1159 4675 de
1175 4625 1218 4675 off.
1235 4627 1253 4674 1.
1274 4638 1294 4673 1.
1314 4625 1350 4686 [c.
1361 4625 1413 4687 aot]
