3552 5654
563 637 610 688 mr
634 639 727 708 Jtnttr
754 642 935 692 ansanus.
961 646 1041 694 cnr.
1064 647 1129 694 vn.
1382 647 1425 717 79

256 793 436 860 secundum
456 807 601 863 naturam
624 796 736 863 haberi
752 812 923 880 poterant,
946 815 984 866 ut
1003 801 1155 868 nimirum
1180 821 1220 867 ex
1242 800 1319 882 his,
1342 823 1427 884 quae

255 909 450 989 plerumque
465 907 619 974 accidunt
630 901 748 974 similia
759 911 1032 978 concluderentur
1044 915 1054 952 ¹
1067 936 1074 990 ;
1087 913 1174 978 unde
1186 911 1263 978 facti
1276 913 1426 994 quaestio

256 1017 486 1101 conjecturalis
507 1017 640 1086 dicitur.
685 1020 772 1084 Nam
795 1020 1050 1103 probationum,
1074 1042 1156 1104 quas
1176 1022 1209 1088 in
1226 1022 1359 1106 judiciis
1378 1045 1427 1088 ro-

256 1127 419 1212 cipimus,
450 1127 560 1194 nullae
587 1129 768 1198 necessario
799 1132 1042 1198 demonstrant:
1072 1134 1130 1198 sed
1158 1153 1271 1200 omnes
1292 1133 1426 1200 existis

255 1237 553 1323 praesumtionibus
572 1244 609 1316 ὡς
632 1243 680 1309 ἐπὶ
700 1245 734 1310 τὸ
754 1245 845 1316 arrad,
869 1263 911 1305 ex
931 1264 965 1306 eo
985 1242 1074 1328 quod
1084 1242 1282 1328 plerumque
1300 1247 1426 1325 euenit,

256 1349 412 1435 originem
445 1364 579 1416 sumunt
600 1347 625 1416 ².
671 1350 870 1433 Principium
903 1366 1009 1418 autem
1037 1353 1316 1435 praesumtionum
1348 1353 1426 1419 sacti

255 1462 319 1526 hoc
345 1460 476 1527 videtur
504 1481 596 1541 esse,
629 1461 720 1543 quod
749 1461 938 1528 affectiones
967 1461 1062 1544 illas,
1086 1483 1170 1545 quae
1191 1463 1328 1530 maxime
1349 1480 1426 1532 sunt

256 1574 440 1652 naturales,
469 1572 508 1638 'ut
527 1591 640 1638 verum
660 1587 693 1637 et
710 1573 857 1654 bonurn,
879 1588 949 1638 tum
971 1587 1112 1640 caeteras
1136 1594 1219 1655 quae
1241 1574 1319 1640 hinc
1341 1575 1426 1640 deri·

255 1700 397 1766 vantur,
420 1686 517 1752 rebus
537 1683 664 1750 cunctis
687 1682 791 1749 inesse
814 1683 1057 1764 quodammodo
1076 1683 1247 1752 sumimus.
1294 1685 1369 1751 Hoc
1387 1704 1426 1750 ex

254 1795 348 1862 fonte
366 1810 443 1862 sunt
466 1793 591 1862 sobolis
600 1793 787 1876 certitudo,
810 1793 1028 1876 possessionis
1039 1795 1270 1876 commodum,
1293 1795 1424 1862 testium

256 1920 288 1972 et
301 1904 593 1974 'instrumentorum
616 1905 720 1985 fides,
745 1903 957 1990 [misiurandi
977 1905 1163 1972 auctoritas.
1210 1906 1296 1972 Cum
1318 1921 1424 1974 autem

254 2017 295 2083 de
331 1995 469 2102 singuiis
508 2017 591 2083 bene
620 2004 746 2098 opinari
773 2015 916 2080 caritatis
946 2019 1057 2100 regula
1086 2015 1265 2100 praecipiat
1285 2017 1320 2098 ⁸,
1354 2032 1424 2082 tum

254 2127 392 2194 maxime
410 2147 471 2194 nos
491 2127 574 2194 ratio
596 2141 628 2194 et
644 2124 774 2194 divinae
796 2125 906 2192 literae
924 2127 937 2162 ⁴
955 2141 1067 2192 vetant
1086 2126 1332 2211 magistratuum
1355 2146 1424 2194 esse

243 2239 460 2306 detractores.
483 2237 611 2305 Muniti
634 2238 718 2304 enim
741 2252 819 2303 sunt
838 2235 985 2302 maximis
1004 2228 1325 2318 praesumtionibus,
1349 2257 1423 2304 cum

254 2349 297 2414 ob
318 2352 558 2434 [uramentum
574 2349 681 2431 quod
706 2347 773 2414 fere
799 2350 906 2412 solent
926 2361 1108 2428 praestare,
1132 2360 1202 2410 turn
1225 2347 1268 2412 ob
1288 2365 1425 2413 consen-

254 2477 326 2523 sum
353 2457 551 2541 reipublicae
584 2473 616 2523 et
641 2458 762 2524 civium
793 2455 999 2536 testimonia,
1034 2455 1079 2522 ita
1099 2472 1137 2522 ut
1156 2456 1185 2521 si
1206 2455 1281 2539 quis
1301 2458 1340 2522 de
1359 2457 1425 2524 illis

254 2577 348 2634 secus
377 2567 596 2647 existimaret,
626 2567 655 2634 is
682 2587 750 2632 non
771 2567 862 2651 ipsos
879 2567 978 2632 modo
995 2567 1172 2649 perfidiae,
1196 2568 1252 2632 sed
1276 2588 1424 2653 magnam

254 2673 349 2740 etiam
380 2675 624 2742 multitudinem
645 2674 802 2741 stultitiae
821 2676 1005 2755 damnaret,
1030 2697 1114 2758 quae
1137 2692 1253 2743 cuncta
1272 2693 1350 2743 sunt
1368 2697 1424 2744 na-

253 2785 415 2853 turalibus
443 2785 514 2851 istis
545 2806 627 2868 quas
659 2785 802 2850 dicebam
835 2784 1065 2851 affectionibus
1091 2786 1259 2874 contraria.
1305 2787 1422 2873 Quod-

252 2894 281 2962 si
311 2895 505 2964 incaeteris
534 2897 680 2976 artibuS,
720 2894 778 2976 qui
808 2911 1072 2978 unamquamque
1101 2895 1300 2979 profitentur
1325 2897 1423 2980 petiti

251 3004 286 3070 in
319 3026 354 3070 ea
384 3009 417 3071 et
446 3005 616 3092 diligentes
644 3006 767 3074 censeri
798 3007 916 3072 debent
942 3007 975 3086 ⁵,
1010 3007 1092 3088 quid
1110 3008 1247 3074 obscero
1268 3022 1341 3088 est,
1365 3029 1423 3075 cur

251 3115 479 3200 magistratus,
502 3118 561 3200 qui
579 3117 726 3203 justitiae
746 3132 825 3185 sunt
843 3118 1026 3184 sacerdotes
1045 3137 1112 3185 non
1133 3117 1337 3184 existimandi
1357 3119 1424 3186 sint

252 3226 292 3292 de
315 3227 392 3294 belli
413 3247 510 3294 carisa
532 3229 693 3312 sapienter
709 3229 899 3314 judicasse?
945 3229 1009 3295 Est
1027 3228 1111 3295 enim
1129 3227 1163 3294 id
1182 3229 1322 3295 officium
1343 3231 1422 3297 boni

253 3337 470 3422 magistratus.
493 3339 540 3404 Et
560 3359 634 3406 cum
654 3339 783 3406 civibus
804 3337 953 3424 judicant
975 3339 1051 3406 talia
1073 3339 1248 3421 accidisse,
1273 3341 1316 3406 ob
1337 3361 1421 3422 quae

252 3448 375 3514 bellum
400 3449 525 3515 moveri
551 3451 687 3531 debeat,
719 3470 778 3530 cur
806 3460 873 3516 non
900 3449 967 3516 illis
992 3449 1072 3515 fides
1092 3450 1274 3517 adhibenda
1295 3450 1360 3533 sit,
1385 3467 1422 3517 ut

250 3579 364 3624 verum
387 3541 573 3627 dicentibus
591 3560 630 3626 θ’.)
656 3560 810 3643 Cumque
832 3560 916 3627 nihil
935 3560 979 3626 sit
998 3562 1090 3643 quod
1108 3561 1233 3640 obstet,
1254 3563 1421 3644 quomodo

252 3688 318 3735 non
339 3668 506 3736 inferiores
525 3673 612 3757 leges
631 3690 704 3736 cum
727 3670 952 3754 superioribus
973 3671 1146 3738 convenire
1168 3688 1200 3738 et
1220 3671 1305 3738 idem
1330 3692 1420 3754 esse,

252 3780 343 3860 quod
363 3780 569 3864 magistratus
594 3795 625 3844 et
652 3781 742 3862 quod
767 3781 861 3848 Deus
884 3781 1042 3864 praecipit
1060 3789 1093 3862 ⁷,
1116 3802 1173 3864 par
1196 3782 1240 3850 sit
1264 3783 1419 3850 credere?

286 3989 343 4037 ¹V.
360 3989 451 4038 Thom.
472 4003 492 4038 1.
508 4002 531 4037 a.
548 4003 573 4049 q.
592 4002 646 4045 105·
667 4001 712 4038 art.
731 4003 754 4038 a.
774 4004 840 4052 resp.
858 3992 890 4040 ad
912 3993 935 4038 8.
961 3991 991 4038 Et
1011 4005 1033 4038 2.
1051 4003 1074 4038 a.
1095 4005 1119 4050 q.
1137 4003 1177 4048 70.
1200 4001 1245 4038 art.
1263 4003 1286 4038 a.
1303 3991 1378 4051 Vasq.
1397 4005 1419 4039 c.

253 4092 292 4140 14.
310 4093 335 4127 n.
353 4091 376 4127 a.
394 4080 442 4128 Dd.
460 4079 486 4126 in
504 4093 527 4127 c.
545 4079 638 4128 afferte.
658 4080 796 4142 [Decretal.
813 4094 836 4130 a.
855 4093 894 4138 as.
911 4081 947 4142 a]
982 4078 993 4113 ²
1009 4080 1086 4128 Arist.
1102 4080 1133 4128 de
1149 4093 1213 4128 mor.
1231 4081 1263 4128 ad
1280 4080 1382 4128 Nicom.
1402 4083 1419 4129 l.

253 4180 274 4218 1.
298 4183 320 4218 c.
345 4182 366 4218 ι.
386 4169 425 4231 [p.
449 4181 520 4231 1094.
543 4181 622 4218 mus.
641 4170 812 4232 19.]1.3.n.
832 4172 863 4219 de
881 4173 930 4231 leg.
948 4184 979 4219 ex
995 4171 1178 4230 Theophrasto.
1198 4171 1241 4232 [D.
1262 4184 1283 4218 1.
1303 4171 1338 4232 3.]
1374 4169 1419 4218 ⁸1.

249 4259 350 4308 merito.
373 4260 399 4308 ff.
423 4273 471 4320 pro
490 4260 571 4308 socio.
590 4260 633 4321 [D.
653 4271 690 4318 ιγ.
709 4273 732 4308 a.
751 4261 803 4323 su]
838 4259 849 4291 ⁴
866 4262 936 4310 Eccl.
956 4273 994 4309 10.
1015 4273 1052 4319 17.
1069 4262 1152 4309 Exod.
1170 4274 1210 4308 aa.
1229 4263 1269 4308 28.
1286 4263 1334 4321 Ep.
1351 4261 1419 4309 Petri

253 4361 275 4398 1.
294 4361 317 4398 a.
336 4361 374 4408 17.
408 4349 418 4381 ⁵
435 4351 501 4398 Bart.
519 4350 546 4398 in
561 4361 634 4399 tract.
652 4361 709 4400 test.
725 4365 750 4398 n.
769 4351 809 4399 86.
842 4351 940 4400 ⁶Bald.
958 4364 983 4400 et
1001 4353 1049 4400 Dd.
1067 4352 1099 4399 ad
1116 4353 1133 4398 l.
1148 4364 1199 4399 non
1215 4351 1337 4400 omnium.
1351 4351 1378 4399 ff.
1388 4354 1419 4401 de

251 4439 299 4498 leg.
318 4437 362 4500 [D.
382 4453 403 4487 1.
421 4452 444 4496 s.
461 4439 512 4504 ao]
549 4438 560 4477 ⁷
577 4443 594 4488 l.
611 4442 657 4489 ult.
674 4443 703 4488 C.
719 4443 751 4490 de
769 4443 817 4501 leg.
836 4441 879 4502 [C.
901 4454 921 4490 1.
943 4440 992 4504 14.]
1010 4441 1106 4490 Pamin
1123 4455 1145 4489 c.
1160 4441 1182 4489 si
1197 4443 1307 4501 quando.
1321 4443 1352 4490 de
1367 4455 1418 4490 res-

250 4528 349 4588 criptis.
369 4529 506 4602 [Decretal.
528 4543 548 4578 1·
565 4541 587 4587 s·
603 4528 638 4592 s]
659 4531 738 4579 Felin.
752 4531 778 4579 in
788 4545 810 4579 c.
820 4533 852 4579 ad
860 4541 939 4579 aures.
950 4533 981 4579 de
990 4531 1130 4591 rescriptis.
1150 4531 1289 4594 [Decretal.
1305 4544 1325 4580 1.
1341 4543 1364 4589 3.
1381 4532 1418 4594 8.]
