3530 5656
669 603 866 646 CONSPECTUS
888 602 1004 644 OPERIS·
1384 599 1424 640 XV

297 785 410 842 Coroll.
432 785 582 861 Quatenus
603 778 707 853 praeda
728 780 771 836 his
790 778 973 848 acquiratur,
994 776 1044 846 qui
1057 775 1115 831 suis
1127 774 1278 847 impensis,
1301 772 1428 840 damnis,

434 863 582 934 periculo,
604 876 720 916 suorum
742 859 939 914 ministrorum
962 871 1066 928 opera,
1087 857 1166 911 nulla
1185 865 1268 926 pacta
1279 851 1428 920 mercede,

404 969 408 976 ·
432 942 540 998 bellum
562 939 711 1012 publicum
733 948 849 1011 gerunt.

593 1087 755 1154 CAPUT
780 1085 1095 1153 UNDECIMUM.

784 1267 872 1313 PARS
897 1267 918 1311 1.

301 1389 362 1446 Art.
393 1387 415 1444 Ι.
458 1387 568 1445 Causae
578 1388 648 1445 belli
660 1387 834 1444 Batavorum
847 1387 876 1442 iu
890 1385 1052 1453 Albanum,
1075 1383 1239 1456 Hispanos,
1261 1381 1429 1454 Philippum

456 1479 515 1525 etc.

294 1571 359 1628 Art.
382 1571 420 1628 II.
452 1569 554 1627 Officia
577 1572 754 1628 Batavorum
779 1570 865 1626 eoin
889 1569 978 1625 bello

296 1675 362 1731 Art.
382 1673 436 1730 III.
458 1674 566 1730 Causae
588 1673 657 1730 belli
681 1674 857 1730 Batavorum
879 1673 908 1728 in
932 1671 1099 1728 Lusitanos.

294 1778 360 1834 Art.
383 1777 435 1834 IV.
457 1775 558 1833 Officia
581 1777 759 1834 Batavorum
782 1776 811 1831 in
834 1776 1001 1832 Lusitanos.

295 1881 361 1936 Art.
389 1881 426 1937 V.
455 1881 583 1954 Iniuriae
606 1880 813 1937 Lusitanorum
837 1880 865 1934 in
888 1879 1012 1936 Batavos
1034 1894 1085 1950 per
1104 1877 1296 1934 Lusitaniam.

296 1985 362 2040 Art.
384 1983 436 2041 VI.
459 1985 584 2057 Iniuriae
607 1983 814 2041 Lusitanorum
837 1983 866 2038 In
891 1982 1014 2039 Batavos
1036 1981 1104 2037 alibi
1127 1982 1240 2054 passim.

297 2088 362 2145 Art.
375 2088 442 2145 VII.
463 2088 588 2160 Injuriae
617 2087 824 2144 Lusitanorum
851 2086 880 2141 in
905 2087 1029 2142 Batavos
1051 2101 1086 2141 eo
1108 2087 1224 2151 colore,
1246 2081 1325 2156 quod
1347 2084 1430 2140 attri-

464 2167 547 2224 butas
569 2167 638 2240 ipsis
660 2167 791 2239 regiones
813 2165 992 2222 commerciis
1014 2162 1138 2221 adirent.

296 2269 540 2328 Art.VIII.Idem
563 2273 645 2328 color
667 2285 718 2342 per
741 2267 862 2326 Indiam.

768 2441 859 2485 PARS
885 2439 923 2485 11.

298 2570 364 2626 Art.
395 2569 418 2626 Ι.
460 2569 629 2627 Calumniae
651 2570 859 2628 Lusitanorum
882 2570 912 2627 in
935 2571 1070 2628 Batavos.

298 2673 364 2729 Art.
386 2672 424 2729 II.
457 2672 593 2730 Submissi
615 2675 645 2731 in
668 2675 792 2732 Batavos
814 2675 909 2731 hostes
931 2692 946 2731 a
968 2674 1126 2731 Lusitanis.

298 2777 364 2833 Art.
385 2776 438 2834 III.
460 2774 585 2833 Fraudes
607 2789 635 2834 et
657 2776 776 2850 perfidia
797 2778 1003 2835 Lusitanorum
1026 2779 1055 2833 in
1080 2779 1215 2835 Batavos.

296 2881 362 2936 Art.
385 2880 436 2938 IV.
458 2884 603 2953 Coeptum
626 2898 641 2937 a
662 2881 809 2940 Lusitanis
828 2882 936 2938 bellum
959 2883 988 2938 in
1012 2883 1145 2939 Batavos.

297 2983 362 3040 Art.
394 2984 430 3041 V.
454 2985 566 3042 Bellum
589 2987 795 3044 Lusitanorum
818 2986 848 3043 in
867 2987 972 3044 amicos
992 2987 1179 3043 Batavorum.

588 3135 749 3201 CAPUT
772 3135 1114 3202 DUODECIMUM.

298 3297 331 3354 In
356 3313 415 3370 quo
437 3295 621 3365 ostenditur,
649 3298 758 3355 etiamsi
788 3299 894 3356 bellum
922 3299 1067 3371 privatum
1089 3298 1205 3364 fuisset,
1225 3297 1331 3369 justum
1353 3297 1432 3366 fore,

254 3377 386 3449 justeque
415 3387 523 3448 partam
554 3375 688 3449 praedam
719 3375 835 3434 Indicae
863 3375 1076 3435 Hollandorum
1110 3377 1259 3434 Societati.
1312 3376 1344 3432 In
1373 3392 1431 3448 quo

257 3457 310 3513 ista
332 3457 499 3512 inseruntur
521 3456 717 3513 Problemata:

323 3559 346 3616 I.
358 3556 405 3615 Ad
426 3570 524 3631 gentes
546 3576 644 3617 omnes
660 3560 794 3618 omnibus
816 3572 896 3636 patet
917 3559 1027 3629 aditus,
1048 3560 1112 3633 jure
1133 3561 1263 3632 gentium
1286 3576 1344 3616 non
1367 3575 1431 3632 per·

357 3639 508 3708 mittente,
528 3637 576 3696 sed
598 3640 767 3713 Imperante.

306 3738 488 3798 II.InfideIes
516 3741 554 3797 ob
583 3742 639 3798 hoc
664 3743 773 3815 ipsum,
802 3743 881 3815 quod
903 3742 1032 3800 infideles
1054 3754 1138 3810 sunt,
1160 3741 1289 3800 dominio
1310 3743 1432 3815 publico

358 3821 512 3894 privatove
533 3822 600 3877 exui
623 3838 681 3877 non
702 3832 838 3893 possunt,
861 3840 914 3880 nec
937 3825 1024 3880 titulo
1047 3823 1241 3891 inventionis,
1261 3839 1314 3878 nec
1332 3821 1432 3878 Ponti-

358 3898 438 3955 ficiae
461 3896 644 3968 donationis,
666 3916 719 3956 nec
740 3900 820 3957 belli.

294 4002 346 4060 III.
358 4001 441 4059 Mare
468 4013 518 4058 aut
536 4001 585 4072 jus
603 4001 757 4075 navigandi
779 4005 808 4061 in
831 4020 866 4060 eo
887 4004 1038 4078 proprium
1060 4003 1122 4060 fieri
1145 4018 1203 4060 non
1227 4014 1323 4076 potest
1344 4018 1433 4059 occu-

358 4082 490 4217 patioge,
519 4091 568 4138 aut
594 4079 751 4139 donatione
774 4082 944 4153 Pontificia,
966 4094 1015 4141 aut
1035 4084 1263 4156 praescriptione
1285 4083 1345 4138 sive
1363 4098 1433 4138 con-

358 4173 440 4219 suetu
463 4177 520 4218 rne.

290 4264 342 4321 IV.
354 4264 404 4336 Jus
426 4263 571 4323 mercandi
594 4278 767 4339 cumgente
789 4268 877 4324 altera
899 4267 1048 4340 proprium
1066 4265 1127 4324 fieri
1151 4283 1209 4324 non
1232 4276 1327 4340 potest
1345 4281 1432 4323 occu-

358 4344 491 4480 patione,
513 4356 562 4403 aut
584 4343 741 4404 donatione
763 4346 932 4431 Pontificia,
954 4358 1003 4404 aut
1035 4348 1262 4419 praescriptione
1286 4346 1345 4402 sive
1362 4361 1433 4401 con·

358 4435 440 4480 suctu
462 4441 520 4480 me.
