3552 5654
535 685 581 734 nn
604 683 697 752 June
723 684 905 736 praepar.
931 687 1090 738 canvn.
1355 683 1392 740 81

221 859 293 910 rum
313 858 363 910 est
378 840 466 928 juste
486 843 634 911 eumdem
654 857 686 909 et
705 841 825 926 iniuste
845 859 938 928 agere
956 863 1022 914 non
1040 863 1157 929 posse,
1177 863 1249 913 cum
1270 861 1395 926 utrum·

222 973 287 1036 que
308 953 399 1020 istud
420 953 546 1038 agentis
568 955 711 1020 animum
734 953 910 1037 respiciat,
945 953 978 1020 in
1003 976 1070 1038 quo
1093 957 1273 1022 contrariae
1296 957 1393 1023 affec-

221 1063 327 1131 tiones
350 1065 435 1131 circa
456 1085 522 1130 rem
545 1064 687 1132 eamdem
711 1064 815 1130 simul'
829 1083 899 1130 esse
925 1085 991 1132 non
1010 1081 1161 1149 possunt.
1203 1065 1264 1152 Jus
1287 1081 1393 1133 autem

222 1173 328 1243 facere
351 1191 383 1242 et
403 1174 553 1262 injuriam
577 1175 696 1259 pariter
716 1173 800 1242 idem
822 1181 953 1259 potest,
979 1179 1120 1244 sednon
1139 1194 1289 1262 respectu
1308 1177 1394 1264 ejus·

223 1285 306 1352 dem.
352 1287 509 1356 Actiones
530 1286 614 1354 enim
638 1287 678 1354 ab
699 1287 811 1354 eodem
832 1289 1044 1371 procedentes
1064 1304 1205 1372 possunt
1225 1307 1295 1355 esse
1315 1310 1395 1356 con·

222 1397 337 1463 trasiae
368 1397 402 1462 in
434 1396 572 1465 diversis
592 1397 817 1481 patientibus,
842 1398 928 1465 sicut
947 1399 1056 1466 eadem
1077 1400 1162 1486 ignis
1180 1397 1394 1466 calefactione

223 1507 381 1574 mollefiet
410 1527 504 1590 cera,
547 1511 652 1576 lutum
686 1507 831 1576 duratur.
877 1510 927 1576 Ita
958 1530 1032 1576 cum
1067 1511 1217 1577 subditus
1250 1511 1394 1596 legitima

224 1618 417 1685 auctoritate
448 1618 568 1685 bellum
602 1637 660 1704 per
692 1641 727 1686 se
761 1621 920 1706 injustum
952 1617 1057 1706 gerit,
1091 1618 1210 1708 injuria
1242 1623 1322 1688 haec
1346 1636 1396 1687 est

223 1729 348 1796 ratione
380 1729 490 1797 habita
520 1728 590 1816 ejus
622 1731 656 1798 in
688 1750 785 1815 quem
816 1745 992 1801 sumuntur
1028 1751 1137 1816 arma,
1159 1732 1214 1818 jus
1237 1747 1344 1799 autem
1368 1731 1395 1798 si

224 1839 432 1925 imperantem
462 1843 660 1910 consideres.
705 1840 827 1926 Neque
858 1862 937 1911 vero
965 1841 1020 1930 jus
1050 1859 1200 1924 tantum,
1223 1841 1395 1910 sedetiam

220 1948 370 2037 justitia,
405 1971 503 2036 cum,
528 1969 565 2020 ut
587 1973 685 2038 supra
708 1953 935 2036 ostendimus,
959 1954 1066 2023 virtus
1088 1953 1212 2022 subditi
1235 1954 1395 2038 respicere

223 2060 338 2131 debeat
356 2064 575 2148 imperantem.
601 2065 730 2132 Clarior
748 2086 798 2132 res
822 2065 880 2132 liet
899 2067 961 2132 ista
984 2063 1271 2154 argumentatione.
1295 2062 1397 2151 Quod

223 2174 297 2256 quis
328 2175 483 2242 omittens
515 2175 636 2262 injuste
667 2175 808 2258 faceret,
832 2177 896 2242 hoc
917 2175 1024 2260 ipsum
1046 2193 1113 2242 non
1134 2174 1288 2241 omittens
1307 2173 1395 2259 juste

161 2325 167 2331 -
222 2279 311 2352 facit.
355 2285 480 2372 Injuste
509 2302 616 2354 autem
645 2287 765 2354 faceret
796 2284 973 2368 subditus,
996 2284 1024 2352 si
1045 2287 1182 2371 jubente
1205 2284 1395 2369 magistratu

223 2395 368 2477 bellum,
392 2397 483 2480 quod
503 2395 572 2481 ipse
599 2399 723 2465 nesciat
746 2396 905 2482 injustum
927 2416 1019 2477 esse,
1041 2397 1146 2463 nollet
1168 2412 1295 2480 gerere,
1318 2415 1394 2478 pec-

222 2521 376 2589 earetque
395 2528 461 2572 non
481 2522 606 2574 tantum
626 2508 782 2587 civiliter,
801 2526 917 2576 verum
936 2507 1031 2574 etiam
1051 2505 1208 2574 adversus
1226 2507 1395 2574 conscien-

220 2615 299 2681 tiam
320 2618 344 2682 ¹.
391 2615 494 2683 Miles
512 2619 620 2699 enim,
644 2633 681 2685 ut
703 2619 791 2702 apud
801 2618 1028 2703 Augustinum
1043 2618 1054 2654 ²
1068 2633 1135 2699 est,
1159 2617 1390 2685 cumebediens

216 2731 379 2814 potestati
407 2729 465 2794 tub
497 2748 565 2814 qua
596 2727 742 2816 legitime
771 2731 970 2794 constitutus
999 2743 1071 2810 ert,
1113 2731 1271 2794 nominent
1312 2732 1393 2792 oeci·

222 2837 296 2918 dit,
327 2836 424 2905 nelle
453 2841 604 2907 ciuitatis
631 2861 709 2905 suae
741 2840 809 2926 lege
841 2861 917 2906 reus
947 2851 995 2904 est
1027 2837 1219 2905 homicidii:
1242 2841 1306 2902 imo
1328 2838 1394 2902 nisi

219 2945 340 3034 feeerit
363 2967 439 3015 reus
462 2963 509 3014 est
529 2952 664 3036 imperii
684 2949 807 3017 deserti
828 2964 929 3036 etque
947 2951 1133 3034 contempti.
1172 2945 1268 3031 Quod
1284 2950 1314 3013 si
1332 2966 1393 3012 sua

222 3073 332 3145 sponte
343 3072 445 3146 atque
456 3065 662 3126 auctoritate
675 3063 826 3146 fecisset,
846 3065 883 3126 in
902 3064 1027 3127 crimen
1046 3058 1142 3146 effusi
1160 3061 1299 3123 hannani
1318 3079 1394 3124 san-

219 3172 334 3258 guinis
347 3170 527 3238 ineidisset.
552 3169 673 3258 Itaque
693 3171 779 3238 unde
791 3173 940 3258 punitur
960 3173 990 3236 si
1005 3169 1305 3256 feee'ritinjussus‚
1317 3167 1395 3236 inde

216 3286 381 3367 punietur
393 3283 422 3347 si
442 3303 506 3347 non
520 3283 644 3367 feeerit
656 3284 784 3368 jussus.
809 3282 967 3364 Sequitur
987 3301 1064 3367 ergo
1081 3282 1168 3366 juste
1190 3279 1298 3347 iacere
1316 3280 1394 3346 sub·

222 3391 349 3472 ditum,
373 3411 447 3458 cum
460 3392 582 3458 bellum
596 3393 703 3477 gerit,
728 3392 820 3476 quod
840 3412 908 3459 non
931 3392 1094 3458 existimat
1116 3391 1274 3476 injustum
1298 3408 1392 3471 esse,

223 3501 348 3568 etiamsi
380 3522 418 3568 eo
449 3500 520 3586 ipso
555 3504 647 3568 alteri
671 3503 709 3568 lit
731 3503 851 3590 iniuria
873 3503 901 3569 ⁸.
947 3502 1069 3584 Neque
1089 3521 1168 3569 vero
1191 3504 1254 3567 hoc
1277 3501 1393 3566 mirum

223 3612 329 3679 videri
352 3612 457 3680 debet.
483 3610 570 3680 Nam
594 3629 627 3680 et
646 3612 768 3699 juder,
792 3613 851 3696 qui
874 3633 964 3679 reum
987 3610 1149 3680 insontem
1173 3611 1327 3697 legitimis
1346 3628 1394 3678 ta-

223 3743 297 3790 men
320 3723 508 3822 conyictum
531 3725 779 3807 probationibus
803 3724 1020 3805 condemnat,
1039 3727 1126 3809 juste
1149 3722 1246 3791 facit:
1261 3722 1296 3789 id
1309 3723 1393 3789 enim

222 3830 325 3916 facit,
349 3833 523 3918 quodnisi
544 3831 667 3901 faceret
689 3851 855 3919 peccaret:
878 3855 939 3901 nec
964 3855 1002 3901 eo
1025 3850 1133 3901 tamen
1155 3832 1264 3901 minus
1286 3830 1325 3898 fit
1345 3832 1395 3899 in·

223 3945 354 4011 nocenti
383 3942 515 4029 injuria.
566 3945 679 4012 Simile
713 3943 779 4011 dici
811 3960 920 4028 potest
951 3942 990 4010 de
1022 3959 1213 4010 exsecutore
1245 3941 1394 4026 capitalis

222 4058 417 4124 sententiae:
449 4071 579 4122 tenetur
610 4054 694 4121 enim
730 4055 865 4140 exsequi
897 4054 961 4121 nisi
995 4072 1185 4138 persuasum
1208 4054 1326 4119 habeat
1345 4053 1393 4118 in-

224 4271 408 4284 -n———u--n

258 4399 374 4448 ¹Thom.
395 4415 416 4450 1.
433 4411 456 4450 t.
470 4416 495 4463 q.
511 4403 553 4465 9⁶·
568 4414 647 4464 erus.
665 4405 725 4450 soto
745 4403 777 4452 de
794 4399 852 4459 just.
870 4413 895 4450 et
913 4399 968 4459 jure
985 4401 1003 4449 l.
1022 4414 1043 4449 ι.
1059 4396 1117 4461 qo.
1131 4411 1176 4448 ert.
1191 4411 1216 4459 4.
1250 4395 1310 4446 'de
1328 4391 1395 4445 civit.

223 4489 240 4536 l.
262 4501 283 4536 r.
300 4504 321 4537 e.
340 4491 379 4538 26.
397 4490 485 4540 citatur
500 4491 526 4540 in
544 4505 565 4540 a
581 4491 659 4542 miles.
677 4493 762 4554 [Dect.
780 4493 849 4541 Grec.
867 4506 893 4553 p.
912 4505 935 4541 a
946 4501 985 4550 23.
996 4505 1018 4548 s.
1031 4489 1081 4553 tu]
1119 4488 1129 4523 ¹
1147 4490 1206 4539 silv.
1220 4487 1246 4537 in
1255 4504 1280 4538 v.
1290 4487 1394 4536 Bellum.

228 4591 291 4630 r.n.
310 4592 334 4650 9.
352 4583 474 4641 eonem.

1246 4669 1265 4732 6
