3546 5654
384 665 446 728 230
679 663 726 708 DE
749 663 842 728 June
866 662 1050 708 PRAEDAE.
1074 663 1153 708 CAP.
1178 663 1242 708 xtl.

381 835 420 881 eo
452 816 626 897 Lusitani,
666 817 789 882 iturum
825 815 926 884 fuisse
970 817 1144 883 neminem.
1204 817 1438 882 Adventabant
1469 817 1554 883 enim

382 940 548 1010 tempora,
581 927 703 1009 quibus
736 942 774 993 ut
804 942 887 993 artes
922 946 1024 1010 paene
1057 947 1193 1006 omncs,
1218 927 1264 993 ita
1287 942 1320 993 et
1343 942 1500 994 terrarum
1523 943 1556 994 et

381 1039 518 1106 mariurn
541 1040 625 1106 situs
647 1039 766 1105 clarius
790 1039 823 1104 in
847 1039 916 1105 dies
940 1041 1169 1105 noscebantur.
1216 1039 1428 1105 Excitassent
1446 1055 1556 1106 vetera

382 1170 467 1231 quae
489 1151 588 1216 modo
610 1150 783 1216 retulimus
806 1151 955 1233 exempla
978 1164 1033 1230 et,
1066 1150 1095 1215 si
1119 1169 1185 1216 non
1208 1169 1275 1216 uno
1300 1150 1424 1233 impetu
1448 1152 1556 1217 omnia

382 1261 587 1343 patuissent,
620 1275 654 1326 at
683 1261 838 1344 paulatim
870 1276 1020 1345 promota
1052 1260 1135 1327 velis
1168 1259 1316 1328 fuissent
1347 1262 1458 1328 littora
1491 1263 1555 1327 alio

381 1391 509 1454 semper
531 1371 621 1438 aliud
642 1388 853 1440 monstrante.
899 1373 1036 1438 Factum
1060 1372 1203 1454 denique
1226 1371 1348 1439 fuisset
1371 1374 1462 1454 quod
1484 1374 1555 1439 fieri

382 1482 530 1566 potuisse
564 1484 717 1550 Lusitani
753 1485 961 1564 docuerunt,
993 1503 1067 1549 cum
1100 1483 1197 1549 multi
1222 1499 1329 1550 essent
1351 1485 1466 1567 populi
1488 1503 1556 1551 non

307 1607 309 1612 ·
381 1593 490 1660 minus
512 1593 685 1679 flagrantes
707 1609 905 1662 mercaturae
928 1609 962 1662 et
983 1613 1089 1660 rerum
1108 1609 1314 1661 externarum
1332 1595 1462 1660 studio:
1486 1595 1554 1660 Ve-

382 1706 491 1788 netis,
533 1706 591 1788 qui
623 1709 726 1772 multa
757 1707 822 1791 jaan
855 1706 967 1772 Indiae
999 1705 1204 1787 didicerant,
1232 1722 1358 1772 caetera
1390 1706 1555 1788 inquirere

382 1831 545 1900 promtum
570 1815 657 1883 fuit:
682 1815 856 1884 Gallorum
880 1817 1067 1882 Brittonum
1091 1816 1257 1883 indefessa
1280 1817 1459 1900 sedulitas,
1484 1819 1554 1884 An·

382 1915 509 2012 giorum
532 1928 666 1994 audacia
688 1943 808 2013 coepto
831 1947 898 1995 non
920 1926 1092 1994 defuisset.
1139 1929 1206 2011 Ipsi
1227 1929 1341 1996 Batavi
1362 1931 1468 1995 multo
1488 1950 1556 1994 ma·

382 2039 431 2124 gis
462 2039 631 2123 desperata
662 2039 806 2125 aggressi
838 2054 927 2106 sunt.
972 2039 1075 2106 Nulla
1107 2040 1210 2124 igitur
1241 2040 1417 2123 aequitatis
1447 2041 1554 2122 ratio,

381 2170 422 2215 ne
445 2151 623 2233 probabilis
648 2151 782 2233 quidem
806 2153 873 2216 ulla
895 2151 1056 2218 sententia
1078 2171 1095 2216 a
1119 2151 1289 2218 Lusitanis
1309 2167 1383 2217 stat.
1409 2152 1553 2218 Omnes¹

383 2261 467 2326 enim
501 2262 560 2345 qui
591 2281 679 2328 mare
712 2265 831 2329 volunt
852 2261 991 2345 imperio
1016 2262 1156 2347 alicujus
1179 2262 1300 2347 subjici
1323 2282 1443 2346 posse,
1468 2265 1503 2328 id
1524 2264 1554 2328 ei

382 2373 591 2455 attribuunt,
623 2374 682 2456 qui
710 2373 881 2457 proximos
904 2388 1020 2457 portus
1044 2388 1077 2440 et
1099 2373 1364 2458 circumjacentia
1388 2373 1498 2439 littora
1522 2375 1554 2441 in

382 2483 507 2550 ditione
539 2486 650 2552 habet.
698 2485 747 2550 At
777 2484 933 2551 Lusitani
957 2483 991 2550 in
1015 2485 1072 2550 illo
1097 2484 1254 2551 universo
1277 2485 1426 2551 littorum
1449 2500 1554 2551 tractu

381 2595 495 2678 paucis
526 2596 671 2679 exceptis
703 2595 876 2679 praesidiis
907 2594 991 2659 nihil
1025 2596 1171 2676 habent,
1194 2597 1286 2678 quod
1309 2615 1405 2662 suum
1427 2596 1556 2680 possint

381 2706 498 2772 dicere.
542 2707 672 2774 Deinde
704 2727 782 2773 vcro
812 2706 909 2771 etiam
933 2706 992 2788 qui
1016 2707 1096 2772 mari
1120 2708 1317 2790 imperaret,
1341 2708 1424 2775 nihil
1447 2724 1555 2774 tamen

381 2834 493 2902 posset
515 2839 554 2884 ex
577 2839 642 2886 usu
673 2817 819 2885 omnium
852 2817 1063 2899 deminuere,
1098 2818 1184 2886 sicut
1216 2823 1361 2903 populus
1384 2821 1555 2885 Romanus

381 2950 489 2996 arcere
521 2930 681 2996 neminem
711 2929 847 3013 potuit,
871 2930 1049 3011 quominus
1072 2929 1106 2996 in
1129 2930 1240 2998 littore
1264 2931 1390 3014 imperii
1413 2931 1554 2996 Romani

381 3057 499 3108 cuncta
530 3040 674 3121 faceret,
708 3061 792 3122 quac
822 3042 896 3124 jure
929 3040 1075 3125 gentium
1098 3041 1373 3125 permittebantur
1390 3040 1413 3108 ².
1459 3043 1554 3109 Etsi

381 3154 561 3236 quidquam
598 3172 709 3218 eorum
743 3152 919 3234 prohibere
951 3166 1086 3234 posset,
1121 3167 1202 3235 puta
1236 3152 1455 3235 piscaturam,
1489 3174 1555 3235 qua

381 3264 446 3329 dici
479 3263 721 3345 quodammodo
754 3277 864 3346 potest
895 3262 1001 3345 pisces
1034 3263 1220 3345 exhauriri,
1254 3279 1286 3328 at
1313 3264 1553 3349 navigationem

378 3394 446 3440 non
469 3390 604 3458 posset,
628 3394 686 3457 per
709 3394 806 3455 quam
829 3374 909 3439 mari
932 3373 1016 3439 nihil
1039 3373 1133 3456 perit.
1168 3374 1235 3440 Cui
1258 3375 1305 3440 rei
1328 3391 1553 3461 argumentum

381 3501 430 3552 cst
453 3488 549 3571 longe
581 3484 821 3565 certissimum,
854 3485 946 3568 quod
968 3505 1008 3550 ex
1028 3486 1201 3551 doctorum
1225 3487 1386 3552 sententia
1409 3503 1482 3553 ante
1504 3508 1554 3554 re-

380 3597 516 3663 tulimus
535 3596 570 3677 ²,
596 3596 691 3662 etiam
716 3596 749 3661 in
773 3610 880 3678 terra,
906 3599 1088 3679 quaecum
1112 3598 1247 3681 populis
1271 3614 1341 3664 tum
1364 3599 1554 3666 hominibus

380 3709 519 3794 singulis
542 3709 575 3774 in
598 3707 829 3791 proprietatem
854 3707 1010 3774 attributa
1033 3723 1103 3790 est,
1125 3709 1187 3775 iter
1204 3724 1311 3775 tamen
1331 3725 1415 3776 certe
1433 3711 1554 3776 inerme

381 3836 414 3887 et
435 3821 606 3887 innoxium
629 3820 754 3886 nullius
778 3821 885 3904 gentis
907 3819 1100 3886 hominibus
1121 3821 1209 3904 iuste
1241 3821 1375 3906 negari,
1408 3821 1495 3887 sicut
1522 3837 1554 3886 et

382 4023 570 4032 -ι---

415 4143 422 4174 ¹
447 4145 480 4203 gl.
502 4142 529 4190 in
552 4155 575 4189 c.
596 4142 641 4189 ubi
664 4141 815 4202 periculum.
832 4145 854 4200 ς.
872 4155 961 4202 porro.
980 4155 1057 4202 super
1074 4142 1155 4190 verbo
1174 4141 1313 4190 territorio.
1332 4143 1364 4190 de
1382 4145 1457 4190 elect.
1475 4143 1501 4190 in
1519 4142 1554 4190 6⁰.

381 4233 521 4296 [Decretal.
543 4233 570 4279 in
592 4231 628 4279 6⁰.
654 4246 675 4280 1.
699 4233 725 4280 6.
744 4245 767 4289 3.
785 4235 807 4289 ξ.
825 4233 863 4293 a.]
882 4244 907 4280 ct
925 4233 962 4280 ibi
981 4233 1134 4281 canonistae.
1154 4233 1193 4280 Gl.
1211 4232 1236 4279 in
1256 4235 1272 4279 1.
1291 4232 1361 4280 licet.
1380 4233 1405 4280 ff.
1424 4235 1455 4282 de
1473 4233 1554 4282 feriis.

381 4325 425 4386 [D.
450 4338 473 4371 a.
500 4337 538 4370 ta.
562 4326 630 4371 nulla
653 4325 694 4370 lex
719 4321 778 4370 licet
802 4322 828 4369 in
846 4325 896 4371 hoc
913 4323 952 4370 tit.
970 4323 1122 4384 invenitur].
1157 4319 1202 4369 21.
1220 4336 1295 4370 nemo
1314 4322 1392 4382 igitur
1410 4323 1436 4371 ff.
1456 4325 1487 4372 de
1505 4338 1553 4371 rer.

380 4417 432 4464 div.
458 4413 503 4476 [D.
531 4427 551 4460 1.
577 4416 599 4460 8.
623 4413 660 4474 4.]
686 4415 758 4462 Adde
782 4413 869 4460 Alber.
895 4416 968 4462 Gent.
994 4415 1025 4462 de
1049 4412 1104 4470 jure
1130 4414 1200 4461 belli.
1226 4415 1242 4460 l.
1264 4427 1284 4460 1.
1303 4428 1325 4460 c.
1347 4427 1385 4475 19.
1403 4416 1449 4463 sub
1469 4414 1553 4463 finem.

381 4505 457 4552 ³h0c
475 4504 569 4563 capite.
