3552 5654
543 684 590 731 nu
614 683 707 751 June
733 683 919 730 nunaunt.
946 684 1028 730 cau.
1053 684 1104 729 xr.
1351 668 1411 748 165

239 858 353 904 verum
386 839 473 905 ultro
506 853 538 903 et
569 839 631 903 hos
669 837 850 904 honoribus
885 852 1104 904 remuneraret
1145 852 1177 904 et
1217 837 1292 904 illos
1322 837 1411 903 omni

240 970 340 1033 opum
360 950 395 1015 vi
415 949 590 1035 affligeret,
614 947 659 1014 ita
678 963 716 1014 ut
731 948 868 1016 dubium
888 963 975 1015 esset
992 948 1115 1016 nemini
1138 968 1174 1014 ac
1191 968 1232 1015 ne
1252 947 1323 1032 ipse
1338 949 1411 1030 qui-

239 1062 312 1129 dem
344 1061 587 1142 dissimularet,
611 1061 733 1126 bellum
762 1059 794 1124 in
818 1059 958 1128 Batavos
982 1079 1043 1126 suo
1063 1062 1183 1145 jussu,
1208 1060 1278 1126 suis
1302 1059 1411 1141 auspi·

240 1173 301 1238 ciis
331 1173 468 1255 suisque
499 1171 663 1237 sumtibus
693 1171 782 1256 geri,
815 1172 902 1236 unde
932 1171 1103 1253 imperium
1136 1170 1283 1256 legitimo
1307 1169 1412 1254 majus

240 1305 298 1366 per
320 1303 407 1347 arma
428 1281 577 1348 affectare
605 1282 801 1362 videbatur,
826 1284 927 1348 telum
949 1282 1032 1348 illud
1055 1281 1208 1346 ultimum
1238 1299 1411 1365 oppressae

241 1393 424 1473 libertatis,
447 1392 539 1475 quod
562 1392 710 1478 Belgicae
731 1395 821 1477 leges
838 1392 959 1458 diserte
978 1392 1186 1473 concedunt,
1200 1406 1237 1458 ut
1256 1389 1411 1456 domesti-

235 1489 296 1570 cae
317 1503 453 1572 insidiae
475 1496 658 1570 vitarentur
680 1503 863 1571 necessario
886 1517 1080 1586 usurpatum
1103 1517 1164 1569 est.
1210 1503 1258 1568 Ita
1280 1494 1493 1568 decreto⁴1⁸⁸⁰
1508 1497 1570 1552 ¹⁵⁸¹·

244 1615 408 1681 Ordinum
437 1614 576 1697 potioris
597 1614 701 1699 Belgii
725 1613 850 1698 partis,
875 1613 1061 1696 etquidem
1087 1633 1194 1680 earum
1217 1614 1410 1696 nationum,

242 1725 460 1808 quibusdum
484 1725 601 1806 licuit,
625 1727 689 1791 hoc
712 1740 819 1790 autem
842 1741 891 1792 est
911 1740 963 1790 tot
983 1726 1048 1809 jam
1061 1725 1221 1802 saeculis,
1245 1727 1336 1791 nulla
1347 1723 1412 1791 fuit

243 1835 394 1918 obsequii
419 1855 494 1920 erga
523 1835 691 1919 Principes
711 1835 926 1917 retinentior,
950 1835 1124 1920 Philippus
1145 1836 1177 1902 ll
1199 1836 1301 1922 Belgii
1322 1836 1411 1920 pr'in·

242 1947 352 2030 cipatu
374 1962 493 2012 exutus
516 1961 585 2028 est,
609 1947 642 2013 in
668 1947 830 2014 Ordinum
852 1947 1022 2031 imperium
1047 1948 1202 2038 adversus
1220 1947 1410 2030 Philippum

240 2051 342 2143 jurari
374 2058 500 2141 coepit:
532 2078 674 2140 cumque
697 2059 751 2124 ille
777 2078 842 2124 non
866 2061 964 2124 modo
987 2060 1074 2124 bello
1097 2060 1202 2124 multo
1223 2078 1319 2140 quam
1338 2072 1412 2125 ante

242 2169 348 2235 acrius
379 2184 477 2252 atque
507 2155 657 2235 acerbius
688 2168 846 2251 instaret,
878 2189 991 2236 verum
1023 2184 1055 2234 et
1077 2189 1285 2251 percussores
1307 2184 1412 2235 emtos

243 2280 327 2364 inter
357 2280 491 2362 publica
520 2300 606 2346 arma
638 2280 671 2345 in
703 2282 812 2365 legum
842 2279 990 2345 vindices
1020 2278 1228 2357 immitteret,
1262 2295 1412 2362 suscepta

243 2406 357 2457 contra
388 2390 537 2456 defensio
561 2392 604 2456 ob
632 2391 758 2474 justum
783 2389 902 2454 infidae
922 2389 1011 2472 pacis
1028 2405 1149 2454 metum
1172 2389 1204 2454 in
1228 2390 1307 2454 haec
1331 2403 1412 2454 tem·

244 2522 324 2584 pora
354 2501 487 2568 ducitur
517 2502 673 2567 adversus
703 2500 893 2583 Philippum
922 2500 971 2566 III
1000 2499 1231 2582 Hispaniarum
1264 2501 1412 2584 Regem,

245 2612 380 2678 secundi
401 2612 506 2678 lilium
528 2627 561 2677 et
582 2631 820 2691 successorem,
841 2612 979 2696 ejusque
1000 2630 1142 2678 sororem
1155 2611 1325 2676 isabellam
1338 2631 1411 2676 cum

244 2724 387 2788 Alberto
419 2722 595 2788 Austriaco
618 2725 689 2807 ejus
712 2722 873 2807 conjuge,
899 2721 1021 2804 quibus
1041 2723 1097 2806 jus
1117 2722 1221 2807 Belgii
1249 2737 1413 2788 contracta

244 2849 281 2900 ut
308 2833 440 2900 videtur
471 2833 591 2898 fiducia
622 2833 869 2916 transscriptum
902 2849 971 2913 est,
1003 2852 1182 2916 omnesque
1205 2853 1261 2899 eos
1291 2833 1349 2915 qui
1378 2833 1411 2898 in

243 2945 334 3020 illius
354 2959 411 3011 aut
432 2946 549 3010 horum
573 2959 650 3010 sunt
667 2943 826 3027 partibus.
861 2969 863 2974 ·

288 3055 325 3120 In
348 3075 386 3120 eo
417 3055 503 3120 bello
529 3055 725 3121 Batavorum
747 3055 833 3121 sicut
854 3054 970 3121 eximia
990 3054 1177 3136 fortitudo,
1202 3055 1246 3121 ita
1267 3055 1506 3140 singula-Arae·
1520 3057 1557 3105 11·

245 3166 290 3233 ris
321 3167 507 3233 humanitas
537 3185 661 3250 semper
693 3166 839 3233 emicuit.
886 3165 1095 3251 Longissima
1123 3166 1207 3232 enim
1231 3166 1412 3249 patientia,

244 3277 390 3344 contenti
418 3277 484 3342 vim
515 3277 634 3344 illatam
665 3297 683 3342 a
710 3277 780 3344 suis
811 3277 974 3360 capitibus
1011 3279 1201 3361 propulsare
1233 3277 1413 3360 proximas·

245 3407 310 3470 que
332 3389 431 3453 urbes
449 3388 483 3453 in
508 3387 651 3453 eamdem
674 3407 814 3454 asserere
823 3388 1028 3469 libertatem,
1052 3388 1135 3454 nihil
1146 3387 1277 3472 gravius
1290 3388 1322 3452 in
1334 3389 1413 3454 hos·

246 3513 310 3564 tem
338 3497 445 3565 moliti
473 3513 569 3564 sunt:
593 3513 662 3564 tum
695 3520 775 3564 vero
808 3519 1024 3582 quaecunque
1044 3501 1134 3566 salva
1154 3499 1322 3583 republica
1340 3509 1413 3566 esse

206 3595 207 3600 ἵ
244 3625 385 3694 possunt
421 3609 522 3690 belli,
554 3625 592 3676 ut
623 3609 668 3674 ita
699 3610 827 3690 dicam,
860 3611 1077 3692 commercia,
1101 3632 1137 3690 ea
1168 3610 1414 3696 religiosissime

246 3723 462 3788 observarunt
485 3735 538 3802 et,
560 3720 588 3785 si
609 3721 742 3802 quando
763 3720 959 3803 implacabili
981 3721 1126 3787 hostium
1146 3722 1281 3788 saevitia
1302 3737 1415 3787 contra

245 3832 411 3917 ingenium
433 3831 612 3898 severiores
635 3846 667 3895 et
687 3831 749 3912 ipsi
771 3850 840 3896 esse
863 3847 1080 3917 cogerentur,
1099 3847 1229 3914 paratos
1251 3851 1286 3897 se
1305 3847 1414 3897 osten·

245 3945 364 4010 derunt
393 3942 592 4008 tantumdem
615 3955 773 4022 quantum
795 3943 929 4022 hostes,
954 3956 1011 4007 aut
1031 3942 1125 4007 etiam
1145 3941 1285 4026 amplius
1307 3943 1415 4008 remit-

246 4071 332 4121 tere:
364 4072 556 4136 semperque
587 4051 627 4116 ab
648 4051 714 4117 illis
732 4051 888 4133 perfidiae
910 4068 941 4117 et
965 4053 1191 4135 crudelitatis,
1209 4054 1255 4120 ab
1276 4053 1329 4118 his
1351 4057 1414 4119 cle-

230 4166 385 4238 ,mennae
420 4180 452 4231 et
475 4163 552 4230 fidei
582 4165 765 4246 exemplum
787 4161 863 4229 fuit.
908 4164 997 4230 Inter
1017 4163 1079 4228 alia
1100 4183 1195 4230 nemo
1218 4165 1322 4231 nescit
1341 4185 1415 4230 eum

248 4296 321 4344 esse
348 4297 423 4343 orae
454 4267 576 4357 situm,
601 4295 669 4340 eam
701 4274 906 4340 sedulitatem
936 4275 1156 4356 Batavorum,
1181 4290 1218 4340 ut
1246 4276 1414 4342 cunctise

247 4386 328 4453 locis
348 4387 380 4453 in
402 4387 538 4468 quaevis
568 4387 630 4451 alia
657 4406 779 4453 merces
801 4385 876 4452 hinc
903 4385 1164 4452 commodissime
1194 4401 1414 4469 transporten-

246 4509 324 4578 tur,
348 4494 436 4562 facto
458 4497 701 4580 quodammodo
720 4498 760 4564 ad
779 4519 829 4565 res
852 4497 1029 4564 maritimas
1049 4497 1164 4580 populi
1186 4496 1340 4582 ingenio,
1360 4501 1414 4565 cui

327 4785 336 4826 l
