3530 5656
598 638 646 686 DE
668 630 761 705 JURE
784 638 968 688 PRAEDAE.
991 639 1071 687 CAP.
1093 639 1134 688 11.
1411 639 1450 704 13

281 793 422 878 derunt,
445 791 564 859 Cicero
584 803 594 836 ¹
616 806 649 858 et
667 792 832 876 Apuleius
852 794 864 832 ¹
879 793 980 878 feras
1003 805 1151 880 spectare
1173 791 1309 860 dicuntt
1333 792 1373 859 de
1386 811 1451 876 qua

281 907 442 989 praeclare
462 904 630 972 Hesiodus
650 903 680 969 ⁸:

410 1019 491 1087 σθνδε
508 1021 568 1101 pice
586 1020 749 1101 ἀνθρώποισι
771 1019 853 1100 νόμον
875 1019 986 1106 διέταξε
1006 1021 1142 1102 Κρονίων,

410 1132 505 1214 ἰχθύσι
527 1132 580 1211 μὲν
597 1131 647 1198 nai
669 1131 744 1213 θηρσὶ
767 1130 817 1196 nai
837 1132 935 1205 οἰωνοῖς
957 1139 1101 1207 πετεηνοῖς
1202 1135 1205 1140 ’

410 1242 526 1323 ἐσθέμεν
544 1242 708 1318 ἀλλήλους,
732 1242 794 1308 ἐπεὶ
814 1245 844 1309 οὐ
867 1242 929 1318 iiten
951 1241 1014 1309 icti
1037 1243 1104 1322 μετ’
1125 1243 1238 1312 αὐτῶν,

409 1354 572 1435 ἀνθρώποισι
593 1349 705 1420 δ’ἔθωκε
725 1352 822 1430 iiam,
845 1347 862 1427 ἣ
883 1336 990 1420 notuit
1011 1352 1125 1432 θρθσσν.

406 1461 561 1527 Humano
580 1465 698 1548 generi
720 1481 796 1527 narn
818 1460 872 1526 len
893 1459 999 1526 datar
1017 1460 1059 1526 ab
1078 1461 1163 1548 Joue
1183 1480 1320 1526 summo.

406 1568 533 1658 Quippe
542 1575 664 1656 serae,
682 1577 808 1659 pisces,
832 1574 945 1641 auiam
964 1592 1066 1660 genus
1088 1570 1328 1639 alternantem

406 1683 536 1748 Mutua
554 1705 586 1750 se
605 1697 743 1753 rertnnt
762 1662 798 1749 in
814 1683 964 1770 pabula,
977 1684 1073 1769 juris
1093 1695 1220 1770 egentes
1232 1705 1245 1748 .·

406 1795 556 1882 Justitia
579 1809 617 1860 at
639 1797 753 1878 nobis,
776 1816 862 1880 quae
884 1816 936 1861 res
958 1808 1006 1860 est
1027 1799 1173 1880 optima,
1197 1798 1303 1862 cessit.

324 1905 453 1988 Seneca·
468 1903 500 1969 ⁴:
523 1920 561 1972 at
582 1911 692 1973 emnia
712 1911 802 1972 inter
825 1928 857 1972 se
879 1907 1024 1980 rncntbra
1042 1909 1270 1984 consentiunt,
1291 1909 1451 1992 qaiasin·

276 2016 361 2103 gala
390 2021 523 2086 serrari
554 2021 656 2084 totius
685 2022 847 2101 interest,
880 2021 932 2083 ita
957 2019 1099 2082 hemines
1122 2016 1263 2103 singulis
1280 2031 1450 2104 parcent,

272 2132 360 2213 'quia
380 2128 427 2195 ad
446 2144 569 2194 coetum
589 2133 699 2216 geniti
720 2150 842 2196 sarnus.
868 2128 974 2197 Salsa
994 2143 1104 2194 autern
1128 2149 1192 2194 esse
1208 2131 1365 2210 sacietas,
1386 2132 1452 2193 nisi

279 2261 391 2306 amere
409 2254 441 2306 ct
461 2241 611 2308 custodia
628 2245 783 2328 partiunt
795 2254 983 2327 nonpetest.
1029 2241 1144 2308 Idem⁵
1166 2239 1262 2306 alibi:
1279 2239 1451 2305 Securitas

278 2355 460 2418 securitate
482 2367 599 2418 natea
613 2351 812 2439 paciscenda
833 2366 890 2418 est.
935 2352 1025 2417 Haec
1045 2366 1094 2418 est
1113 2350 1169 2416 illa
1186 2351 1355 2417 hominum
1368 2350 1451 2416 inter

278 2481 313 2528 se
333 2464 508 2546 cognatio,
533 2463 588 2529 illa
609 2464 723 2530 mundi
744 2463 879 2542 civitas,
904 2483 1000 2547 quam
1020 2478 1070 2528 tot
1092 2463 1258 2546 tantisque
1269 2461 1450 2546 praeconiis

277 2588 402 2641 veteres
415 2575 605 2659 philosophi
625 2575 721 2642 nobis
741 2575 987 2657 commendant,
1008 2575 1195 2658 praesertim
1216 2573 1344 2656 Stoici,
1369 2593 1451 2656 quo-

277 2705 348 2750 rum
382 2687 572 2753 sententiam
605 2686 700 2753 etiam
734 2687 851 2754 Cicero
872 2683 884 2718 ⁶
906 2686 1115 2769 exsequitur:
1139 2703 1179 2750 ex
1212 2705 1277 2768 qua
1305 2700 1338 2751 et
1368 2685 1452 2752 illud

278 2811 326 2862 est
348 2797 527 2863 Florentini
551 2799 584 2862 ⁷:
608 2820 679 2863 cam
702 2802 927 2885 cognationem
948 2797 1116 2883 quandam
1137 2801 1228 2862 inter
1247 2816 1303 2861 nos
1322 2809 1451 2862 natura

275 2912 511 2991 constitnerit,
531 2930 723 2994 consequens
745 2930 809 2974 esse
830 2923 867 2974 ut
889 2911 1048 2974 hominem
1069 2909 1193 2973 homini
1213 2905 1375 2973 insidiari
1396 2928 1451 2971 ne·
1542 2979 1547 2982 ,

267 3019 329 3103 fas
352 3023 420 3102 sit‚·
444 3020 535 3102 quod
558 3021 613 3086 ille
633 3015 645 3052 ⁸
669 3020 792 3104 optime
823 3021 863 3088 ad
882 3022 937 3106 jus
960 3019 1106 3104 gentium
1127 3017 1233 3085 refert.
1278 3018 1377 3084 Unde
1396 3037 1451 3100 ap-

273 3150 364 3214 paret
396 3151 494 3214 quam
521 3152 587 3199 non
619 3147 707 3198 recte
737 3132 882 3218 magistri
905 3131 1106 3217 ignorantiae
1126 3129 1313 3196 Academici
1336 3143 1450 3194 contra

272 3243 433 3328 justitiam
463 3230 723 3328 disputaverim,
753 3265 822 3310 eam
855 3265 939 3327 quae
972 3258 1087 3310 natura
1121 3257 1170 3310 est
1203 3242 1245 3308 ad
1276 3239 1450 3306 utilitatem

274 3354 431 3424 duntaxat
461 3374 552 3421 suam
575 3354 716 3439 ducere,
740 3355 870 3422 civilem
897 3374 976 3421 vero
998 3373 1064 3420 non
1084 3374 1124 3420 ex
1145 3367 1260 3419 natura
1282 3371 1376 3432 esse,
1393 3350 1452 3416 sed

274 3487 314 3530 ex
345 3465 509 3549 opinione.
556 3467 650 3534 Hanc
681 3467 766 3533 enim
800 3465 937 3532 mediam
969 3465 1154 3551 iustitiam,
1190 3482 1275 3547 quae
1303 3463 1449 3530 humano

275 3579 384 3662 generi
406 3577 538 3662 propria
559 3593 632 3660 est,
657 3578 850 3646 omittebant
874 3579 897 3645 ⁹.

317 3691 370 3756 Ex
396 3692 507 3776 regula
530 3690 631 3775 igitur
652 3691 755 3774 prima
774 3705 806 3756 et
823 3689 966 3758 secunda
989 3690 1076 3774 leges
1097 3687 1181 3754 duae
1205 3685 1387 3770 procedunt
1408 3684 1448 3749 de

274 3802 361 3867 bono
385 3801 514 3885 alieno,
539 3821 623 3884 quae
643 3802 808 3885 prioribus
831 3801 870 3867 de
893 3801 981 3867 bono
1004 3819 1065 3867 suo
1087 3797 1310 3881 respondent,
1328 3814 1448 3878 easque
1554 3878 1563 3894 .

271 3913 361 3997 justo
384 3913 487 3980 limite
509 3914 781 3980 circumscribunt
800 3909 836 3979 ¹⁰.
867 3911 960 3979 Una:
982 3911 1122 3996 Nequit
1146 3908 1291 3972 alteram
1311 3905 1446 3987 laedat‚·
1460 3922 1510 3968 tex
1525 3921 1575 3968 111.

307 4099 315 4130 ¹
342 4102 374 4150 de
405 4113 459 4161 rep.
484 4103 502 4149 1.
526 4114 548 4147 2.
575 4099 628 4164 [ap.
650 4099 764 4149 Nonium
787 4098 814 4147 in
831 4113 856 4148 v.
871 4095 1036 4160 Proiectum]
1074 4092 1134 4144 ’de
1148 4092 1242 4155 philos.
1257 4093 1319 4141 Plat.
1339 4091 1405 4154 [vol.
1424 4103 1447 4138 n.

273 4191 457 4251 Oudendorpii.
483 4206 509 4253 p.
528 4188 596 4254 nto]
632 4188 715 4251 8Ορ.
733 4201 758 4238 et
775 4191 806 4237 D.
825 4187 875 4254 [vs.
892 4187 949 4246 276.
966 4184 1033 4250 sqq.]
1070 4185 1131 4235 ⁴de
1151 4184 1188 4233 ira
1201 4187 1219 4232 1.
1238 4198 1261 4232 ν.
1279 4197 1302 4232 c.
1315 4195 1354 4241 51.
1388 4182 1448 4231 ‘de

272 4283 345 4329 clem.
365 4284 383 4330 1.
409 4296 431 4332 1.
457 4296 480 4331 c.
509 4295 547 4346 19.
580 4282 591 4315 ⁶
615 4281 671 4330 Cic.
697 4282 729 4330 de
755 4282 838 4346 legi.
859 4292 880 4328 1.
902 4277 937 4344 [c.
949 4289 979 4360 χ.
996 4277 1009 4339 §
1027 4275 1079 4340 am]
1116 4273 1162 4324 ⁷1.
1176 4287 1204 4324 ut
1219 4275 1281 4325 vim.
1297 4273 1323 4323 ff.
1341 4275 1373 4323 de
1388 4270 1448 4331 just.

271 4381 297 4420 et
313 4371 377 4430 jure.
397 4371 440 4437 [D.
459 4387 480 4422 ι.
499 4387 520 4422 1.
535 4370 570 4437 ³·]
607 4371 619 4405 ⁸
642 4371 697 4421 Cic.
716 4373 747 4421 de
765 4385 819 4432 rep.
831 4373 849 4419 1.
868 4382 890 4428 3.
911 4368 946 4433 [c.
964 4381 1003 4432 19.
1021 4379 1046 4417 et
1064 4365 1117 4430 no]
1137 4368 1206 4416 Lacr.
1224 4365 1305 4414 Instit.
1321 4364 1373 4414 div.
1390 4366 1407 4412 l.
1425 4375 1448 4420 s.

271 4467 458 4523 c.15.17.18.
492 4463 589 4513 ⁹Ltct.
611 4465 635 4512 d.
655 4477 677 4512 c.
698 4465 735 4512 18.
771 4460 865 4510 ¹⁰Cic.
883 4462 914 4510 de
932 4459 1007 4509 offil.
1025 4473 1046 4508 1.
1067 4457 1230 4524 [c.7.§uo.
1251 4453 1302 4518 sq.]
1329 4457 1389 4504 lust.
1416 4456 1448 4504 de

270 4553 328 4612 just.
344 4566 369 4604 et
384 4553 473 4618 iure.§
488 4553 552 4616 juris
566 4564 711 4617 praecepta.
730 4551 762 4618 [l.
780 4566 802 4602 1.
819 4566 841 4601 1.
857 4549 892 4616 3.]
