3546 5654
331 632 390 692 188
633 645 679 690 na
703 644 797 711 June
822 643 1010 706 ruspans.
1036 645 1116 692 cnr.
1142 645 1191 691 x1.

325 802 514 865 caracollam
550 797 693 882 (navigii
726 812 840 864 notum
872 796 939 861 illic
973 799 1097 884 genus)
1129 797 1280 864 centurio
1317 797 1499 865 Lusitanus

324 931 389 975 una
408 909 491 975 serie
513 909 647 975 destitui
668 909 773 992 jubet.
797 908 925 973 Deinde
947 907 987 972 ad
999 909 1204 992 ministrum,
1226 910 1285 991 qui
1297 911 1499 975 machaeram

325 1020 526 1105 evaginatam
547 1020 811 1086 manutenebat:
836 1021 922 1101 Isti,
947 1020 1077 1102 inquit,
1103 1025 1163 1106 qui
1176 1025 1308 1106 primus
1329 1023 1365 1084 in
1386 1020 1501 1086 ordine

324 1145 394 1211 cst,
418 1131 592 1195 brachium
617 1129 774 1195 dextrum
799 1129 919 1196 decide.
952 1130 1070 1195 Etiam
1094 1135 1270 1196 sinistrum
1281 1145 1303 1211 ,'
1313 1131 1416 1196 addit.
1440 1132 1501 1196 Pa·

323 1257 432 1308 retur:
458 1243 502 1307 ita
526 1241 658 1322 quidem
684 1253 722 1305 ut
754 1241 897 1305 dubitari
929 1257 1061 1324 posset,
1094 1242 1225 1309 saevius
1258 1242 1312 1306 ille
1344 1242 1499 1325 juberet,

323 1373 363 1418 an
397 1353 451 1418 hic
482 1366 727 1434 exsequeretur.
775 1351 864 1416 Tum
884 1371 963 1417 vero
987 1353 1086 1434 pedes
1109 1352 1275 1420 distinctis
1299 1351 1421 1419 ictibus
1445 1354 1499 1418 de-

323 1463 400 1529 meti
430 1464 535 1547 jubet.
593 1464 730 1529 Stabant
761 1461 835 1544 alii,
867 1477 951 1545 quos
984 1464 1095 1530 eadem
1119 1465 1291 1530 manebant
1314 1478 1498 1544 tormenta,

321 1595 501 1657 numquam
533 1589 597 1640 tam
629 1595 690 1657 pro
720 1574 787 1640 vita
812 1594 909 1657 quam
941 1589 1020 1670 tunp
1051 1596 1111 1658 pro
1132 1590 1237 1642 morte
1261 1575 1407 1643 solliciti.
1453 1576 1499 1641 Et

321 1686 580 1769 procedentibus
604 1685 636 1752 in
661 1686 808 1751 ordinem
840 1687 996 1769 exemplis
1019 1706 1086 1752 non
1105 1688 1169 1770 jam
1194 1701 1326 1768 metus,
1350 1687 1408 1752 sed
1427 1705 1498 1750 mu-

263 1793 269 1798 ’
321 1812 378 1862 tua
410 1810 478 1862 erat
506 1796 682 1862 miseratio.
729 1796 868 1863 Videres
897 1812 1032 1865 truncos
1061 1813 1093 1864 et
1122 1798 1186 1862 sibi
1215 1797 1409 1880 superstites
1442 1812 1497 1879 et,

174 2930 244 2975 Anno
260 2929 307 2975 aad.

172 2983 307 3045 Septembri.

322 1907 414 1989 quod
437 1909 595 1973 malorum
620 1907 774 1973 ultimum
799 1922 869 1990 est,
892 1909 1081 1974 hominibus
1103 1908 1290 1975 dissimiles.
1314 1909 1427 1974 Multo
1451 1923 1499 1973 ta·

322 2039 394 2082 men
417 2018 666 2098 dissimiliores,
691 2019 748 2101 qui
773 2018 834 2084 ista
857 2018 1029 2085 faciebant.
1074 2020 1131 2085 Ad
1159 2034 1338 2085 extremum
1360 2019 1499 2086 dissecta

321 2130 437 2212 capita.
472 2130 615 2197 Duobus
635 2146 742 2196 tamen
764 2131 797 2195 id
819 2130 918 2196 animi
941 2130 1026 2212 fuit,
1051 2145 1089 2196 ut
1111 2146 1285 2213 antequam
1309 2131 1349 2195 ad
1372 2149 1405 2194 se
1426 2147 1498 2212 per-

320 2256 455 2307 ventum
479 2256 588 2322 esset,
613 2241 732 2325 integri
755 2241 860 2308 adhuc
885 2241 918 2307 in
939 2262 1025 2307 mare
1046 2242 1253 2324 prosilirent:
1288 2262 1428 2323 quorum
1452 2244 1498 2306 al·

320 2367 370 2417 ter
389 2371 535 2435 mersus,
559 2355 640 2419 alter
661 2353 799 2437 effugit,
820 2351 1004 2419 foedissimi
1024 2353 1204 2436 spectaculi
1225 2353 1373 2419 nuntius.
1397 2354 1497 2418 Intel·
1537 2371 1539 2374 ·

321 2465 470 2546 lectaque
504 2465 671 2547 speciatim
704 2466 835 2544 omnia,
869 2485 942 2530 cum
975 2485 1060 2531 anno
1089 2480 1247 2547 sequente
1272 2465 1498 2547 Wolphardus
1545 2463 1550 2467 ’

322 2575 564 2656 Harmannius,
578 2563 811 2644 Lusitanorum
825 2577 953 2658 aliquot
964 2577 1103 2659 potitus,
1117 2576 1157 2643 de
1170 2577 1372 2642 redemtione
1384 2596 1495 2642 eorum

321 2702 450 2771 ageret,
474 2687 532 2769 qui
557 2688 679 2771 captivi
704 2688 737 2754 in
759 2689 878 2754 Tidori
897 2703 1130 2754 remanserant:
1155 2687 1247 2769 quod
1259 2707 1325 2753 raon
1338 2687 1496 2753 obtinuit.

322 2799 389 2864 Sed
420 2799 588 2864 machinae
621 2819 656 2865 ac
689 2785 815 2864 cae'tera
848 2799 1066 2874 infortunatae
1102 2799 1194 2865 navis
1222 2799 1341 2881 praeda
1364 2799 1396 2863 in
1414 2799 1495 2894 ,navi

322 2911 512 2976 Lusitanica
534 2931 551 2974 a
573 2911 705 2977 Batavis
728 2911 859 2995 cognita
882 2931 918 2975 ac
936 2926 1064 2994 recepta
1086 2925 1174 2977 stant.
1220 2911 1337 2975 Restat
1361 2912 1495 2974 alterum

322 3020 432 3098 nefas,
456 3022 545 3088 haud
569 3021 734 3087 diversum
759 3037 929 3104 ternpore,
955 3022 1012 3087 sed
1032 3023 1095 3086 hoc
1123 3023 1219 3086 etiam
1246 3021 1496 3101 detestabilius,
1596 3113 1598 3118 Ι

323 3132 415 3214 quod
435 3151 524 3198 sacra
542 3131 626 3215 juris
644 3131 771 3214 species
785 3132 952 3216 impietati
966 3132 1169 3198 commodata
1183 3146 1250 3212 est,
1275 3152 1348 3196 cum
1363 3131 1395 3196 id
1407 3132 1498 3214 quod

321 3243 445 3309 factum
466 3243 632 3324 dicemuS,
658 3263 717 3308 nec
737 3245 826 3326 iusta
849 3246 915 3308 ulla
938 3263 1059 3324 causa,
1083 3264 1142 3308 nec
1166 3258 1223 3309 aut
1245 3243 1310 3308 loci
1339 3258 1396 3308 aut
1423 3242 1496 3307 illo·

322 3374 393 3420 rum
423 3356 513 3439 leges
541 3354 776 3436 permitterent.
822 3355 961 3422 Macaiis
991 3355 1142 3421 Sinarum
1170 3355 1315 3440 regionis
1347 3354 1494 3421 Indicum

322 3466 362 3531 ad
396 3484 552 3531 oceanum
574 3465 739 3551 vergentis
764 3467 944 3548 emporium
970 3483 1037 3532 est:
1063 3467 1134 3532 data
1157 3466 1303 3549 precario
1327 3465 1494 3530 Lusitanis

321 3577 437 3658 sedes,
461 3576 518 3641 ubi
540 3591 717 3642 mercatum
741 3592 927 3643 exercerent
952 3581 1056 3664 esjus
1077 3578 1221 3644 dicerent
1238 3571 1275 3641 iu
1305 3597 1383 3644 suos
1413 3576 1494 3641 dun·

321 3703 424 3754 taxat.
470 3687 676 3774 Quamquam
701 3709 740 3752 ne
761 3689 824 3754 hoc
852 3690 985 3771 quidem
1010 3689 1230 3769 indistincte,
1249 3708 1324 3753 curn
1348 3687 1493 3770 ipsorum

321 3800 468 3886 moribus
508 3799 658 3882 capitalia
694 3801 846 3884 ingenuis
879 3799 1041 3884 supplicia
1073 3822 1090 3865 a
1122 3802 1194 3866 solo
1231 3797 1400 3883 praeside,
1437 3797 1496 3879 qui

323 3913 435 3978 Goam·
452 3926 564 3991 tenet,
589 3910 723 3995 irrogari
746 3910 898 3994 possint,
923 3927 980 3977 aut
1004 3911 1098 3977 etiam
1119 3913 1245 3978 soleant
1270 3910 1317 3975 rei
1341 3909 1374 3973 in
1398 3908 1496 3974 Lusi·

322 4025 440 4089 taniam
474 4022 608 4089 remitti.
657 4023 829 4104 Classem,
862 4023 916 4086 cui
938 4023 1089 4088 Neckius
1110 4021 1202 4087 alteri
1229 4035 1397 4104 praeerat,
1433 4020 1495 4084 sub

323 4136 407 4200 iilud
429 4134 537 4217 ipsum
558 4113 653 4200 littus
676 4148 808 4218 egerant
830 4133 940 4200 venti:
974 4133 1151 4200 mittendos
1185 4134 1239 4198 ille
1273 4146 1405 4211 censet,
1438 4130 1496 4210 qui

321 4246 388 4311 loci
412 4247 556 4328 positum
585 4245 842 4330 investigarent,
872 4245 1045 4311 redderent
1064 4245 1224 4310 adventus
1253 4243 1431 4318 rationem,
1465 4256 1498 4306 et

322 4356 420 4421 simul
450 4358 600 4423 alimenta
630 4357 811 4422 recentiora
833 4371 1066 4440 compararent.
1113 4357 1188 4420 Hoc
1209 4355 1305 4439 jussu
1328 4353 1497 4444 Martinus

322 4466 455 4548 Apius,
481 4467 537 4551 qui
564 4466 686 4532 fiscalis
709 4486 830 4532 munus
854 4466 888 4531 in
919 4468 1079 4532 caelasse
1103 4465 1239 4546 obibat,
1264 4464 1420 4530 assumtis
1442 4464 1497 4529 de·
