3530 5656
699 664 705 670 ·
805 655 1001 697 CONSPECTUS
1024 656 1141 700 oerum.

631 825 790 891 CAPUT
814 825 1046 895 DECIMUM
1077 827 1316 898 TERTIUM.

430 963 464 1018 ln
491 979 551 1035 quo
579 961 741 1022 ostenditur
768 965 876 1036 justum
903 982 962 1024 esse
990 966 1096 1025 bellurn
1125 967 1257 1042 justeque
1289 981 1398 1044 partam
1430 970 1561 1044 praedam

392 1042 528 1100 Societati
550 1059 587 1117 err
609 1059 694 1100 causa
716 1043 834 1116 publica
856 1046 979 1117 patriae,

430 1146 514 1204 Parte
559 1146 582 1202 Ι.
603 1157 737 1220 respectu
761 1146 906 1205 Ordinum
928 1151 1093 1206 voluntaria
1115 1152 1280 1226 agentium,

429 1249 513 1308 Parte
541 1251 580 1308 ll.
601 1263 734 1324 respectu
757 1253 911 1310 Societatis
935 1250 1052 1311 Indicae
1074 1252 1205 1313 subditae
1227 1253 1406 1326 Ordinibus,

429 1354 513 1411 Parte
524 1354 578 1411 111.
597 1367 647 1413 aut
668 1355 752 1413 etiam
775 1373 812 1414 ex
833 1372 916 1413 causa
938 1356 1056 1430 publica
1076 1357 1234 1415 sociorum.

679 1435 712 1492 In
735 1452 796 1508 quo
817 1436 870 1493 ista
892 1437 1061 1494 inseruntur
1083 1435 1276 1495 Problemata.

448 1538 472 1595 l.
509 1537 686 1611 Respublica
704 1539 805 1611 eiusve
826 1537 952 1597 Ordines
974 1539 1059 1597 etiam
1085 1539 1273 1598 cumhabent
1286 1539 1469 1614 Principem,
1491 1541 1560 1598 belli

506 1628 601 1675 tamen
623 1618 742 1691 publice
763 1617 938 1692 suscipiendi
959 1619 1067 1678 habent
1089 1621 1310 1677 auctoritatem.

439 1721 477 1777 ll.
506 1721 586 1794 Justa
613 1721 682 1779 belli
712 1738 795 1780 causa
826 1722 854 1779 in
887 1723 1052 1796 Principem
1081 1734 1124 1782 est
1153 1723 1244 1782 tuitio
1266 1726 1361 1796 legum
1383 1724 1559 1798 patriarum,

507 1801 612 1874 quibus
635 1800 817 1875 Principatus
838 1800 1041 1874 adstringitur.

434 1903 487 1961 lll.
509 1904 620 1961 Bellum
642 1905 672 1961 in
695 1904 861 1978 Principem
884 1904 1076 1962 indictionem
1099 1921 1158 1962 non
1180 1903 1334 1963 desiderat.

433 2007 485 2064 lv.
507 2008 667 2066 Praesentis
688 2009 825 2082 temporis
851 2009 1036 2082 magistratui
1059 2025 1161 2083 parere
1183 2009 1252 2066 boni
1274 2010 1348 2067 civis
1369 2022 1422 2068 est.

438 2111 475 2169 V.
507 2111 587 2247 {long
616 2110 672 2169 fide
701 2113 773 2170 civis
802 2124 912 2186 pugnat
942 2125 1046 2171 contra
1077 2113 1243 2187 Principem
1274 2129 1327 2186 pro
1360 2112 1510 2188 republica
1530 2127 1561 2172 et

520 2208 564 2264 egr
588 2208 631 2248 us.

429 2294 482 2353 Vl.
508 2297 620 2353 Bellum
653 2296 832 2369 reipublicae
865 2298 895 2353 in
929 2297 1113 2370 Principem,
1143 2297 1196 2370 qui
1226 2314 1292 2355 suus
1322 2296 1460 2369 Princeps
1489 2297 1563 2368 fuit,

509 2386 662 2433 externum
684 2387 737 2433 est.

428 2479 496 2537 Vll.
509 2479 635 2536 Societas
656 2479 726 2536 belii
749 2489 827 2536 recte
849 2476 996 2536 interdum
1018 2493 1033 2534 a
1057 2478 1233 2536 Christianis
1257 2478 1348 2537 initur
1369 2495 1435 2536 cum
1462 2476 1562 2537 inlide-

506 2559 582 2617 libus
602 2570 705 2615 contra
728 2557 910 2616 Christianos
933 2557 1145 2632 pugnantibus.

635 2683 791 2748 CAPUT
814 2682 1044 2750 DECIMUM
1068 2682 1321 2770 QUARTUM.

428 2823 494 2880 Pars
527 2825 549 2881 Ι.
592 2823 750 2882 Honestam
778 2839 837 2879 esse
866 2819 987 2894 praedae
1017 2821 1105 2895 hujus
1126 2832 1293 2894 capturam:
1315 2821 1344 2877 in
1366 2837 1421 2893 qua
1443 2820 1496 2878 ista
1517 2821 1561 2877 in-

594 2914 730 2962 seruntur
754 2902 945 2959 Problemata.

524 3007 546 3064 l.
588 3007 701 3080 Justum
721 3021 808 3064 omne
829 3006 994 3063 honestum.

517 3111 555 3168 ll.
587 3111 717 3167 Honesta
738 3110 895 3182 praecipue
916 3108 993 3166 actio
1016 3123 1069 3181 pro
1091 3108 1195 3176 sociis,
1216 3123 1270 3180 pro
1293 3107 1404 3180 patria,
1425 3102 1559 3162 adversus

585 3189 715 3246 homines
737 3186 973 3246 inemendabiles.

506 3292 559 3349 ΙΙΙ.
591 3292 722 3350 Honesta
744 3293 898 3365 praecipue
920 3288 1070 3363 praedatio
1093 3305 1131 3347 ex
1154 3287 1220 3346 fine.

427 3395 494 3452 Pars
516 3396 568 3452 IV.
590 3395 749 3453 Honestam
772 3411 831 3452 esse
852 3392 975 3469 praedae
997 3393 1083 3466 hujus
1105 3392 1320 3466 possessionem.

639 3520 796 3585 cneus
819 3519 1049 3586 oscinum
1072 3515 1310 3604 Qururunr.

427 3657 494 3714 Pars
527 3659 548 3714 1.
590 3655 702 3715 Utilem
730 3673 790 3714 esse
819 3655 940 3730 praedae
972 3657 1055 3728 hujus
1088 3666 1253 3729 capturam:
1277 3655 1305 3711 in
1329 3671 1385 3726 qua
1408 3654 1461 3710 ista
1482 3654 1558 3711 inse-

596 3747 701 3795 runtur
723 3737 915 3794 Problemata.

524 3841 548 3897 l.
590 3840 684 3898 Omne
703 3841 811 3914 justum
834 3841 915 3897 utile.

515 3945 553 4003 ll.
585 3944 679 4002 Omne
701 3945 852 4002 honestum
874 3943 959 3999 utile.

475 4051 558 4107 -ΙΙΙ,
588 4050 671 4107 Utile
722 4049 894 4122 praecipue,
936 4043 1017 4119 quod
1065 4043 1153 4103 statui
1197 4043 1374 4116 reipublicae
1416 4042 1556 4099 convenit

506 4153 558 4218 lV.
586 4153 668 4210 Utile
690 4152 844 4225 praecipue
865 4148 1000 4224 prodesse
1022 4149 1117 4206 sociis.

512 4257 550 4313 V.
582 4256 665 4314 Utile
687 4257 841 4329 praecipue
863 4270 969 4312 nocere
991 4253 1132 4310 hostibus.

505 4359 559 4416 vl.
581 4360 663 4418 Utile
684 4358 766 4432 quod
788 4360 882 4418 facile.

427 4463 493 4518 Pars
516 4463 554 4519 ll.
581 4463 692 4520 Utilem
713 4479 772 4519 esse
794 4463 877 4534 hujus
900 4460 1021 4535 praedae
1043 4458 1258 4533 possessionem.
1281 4457 1431 4530 Epilogus.
