3530 5656
540 669 587 716 DE
610 668 703 736 JURE
727 667 914 714 emunata.
938 666 1021 714 ΟΜΝ
1047 665 1113 711 111,
1368 663 1408 726 31

683 811 878 890 CAPUT
910 821 970 888 ΙΠ.

708 1027 889 1080 QUABSTIO
915 1027 940 1074 Ia
1007 1035 1010 1045 '

238 1213 327 1260 aaa.
351 1215 374 1260 1.
480 1213 531 1259 AN
556 1205 707 1258 nantum
731 1207 891 1264 antomon
913 1205 1060 1277 Jusrunr
1086 1207 1168 1270 srr,

239 1324 330 1371 aar.
350 1323 391 1371 11.
703 1318 963 1382 canrsrrams,

239 1434 329 1483 aaa.
353 1435 408 1482 111.
660 1435 699 1482 ru
725 1429 993 1495 cuarsrrauos,

240 1546 330 1594 aaa.
356 1543 407 1592 rv.
726 1545 820 1593 ounr
842 1545 949 1610 Jura.

747 1697 896 1708 n——u-

284 1785 335 1850 De
360 1784 477 1868 praeda
502 1783 602 1868 igitur
625 1783 762 1850 dicturis
786 1785 927 1868 primurn
949 1784 1026 1849 belli
1050 1783 1198 1866 quaestio
1214 1783 1413 1866 expedienda

242 1911 312 1977 est,
343 1895 489 1979 possitne
520 1894 644 1961 scilicet
672 1895 792 1962 bellum
812 1896 948 1978 aliquod
964 1897 1089 1980 justum
1113 1913 1193 1961 esse.
1240 1894 1314 1960 Hoc
1338 1913 1414 1960 sane

242 2023 278 2073 ut
303 2023 549 2074 controversum
574 2021 679 2089 esset,
711 2025 806 2072 uerno
830 2005 930 2090 fecit,
955 2007 1012 2090 qui
1035 2026 1101 2072 non
1125 2006 1210 2073 idem
1231 2006 1414 2073 divinarum

240 2119 404 2184 literarum
433 2139 579 2202 magnam
606 2134 729 2202 partem
754 2134 785 2183 et
813 2138 975 2184 summurn
1004 2117 1124 2183 aeterni
1152 2118 1296 2183 numinis
1318 2119 1415 2184 bene-

242 2229 375 2310 ficium,
400 2229 529 2296 civilem
553 2230 699 2296 ordinem
718 2251 754 2296 ac
777 2229 1024 2316 magistratuum
1043 2230 1118 2316 jura
1137 2245 1308 2296 everteret.
1339 2227 1415 2300 Quo

243 2325 277 2406 in
313 2361 449 2406 numero
482 2341 664 2418 Manichaei
704 2343 868 2426 quondam
898 2339 1032 2408 fuerunt
1073 2356 1105 2408 et
1137 2356 1215 2407 sunt
1251 2341 1416 2424 hodieque

242 2452 317 2533 alii,
350 2453 406 2534 qui
434 2453 700 2528 Manichaeorum
728 2457 904 2538 plerosque
934 2473 1057 2520 errores
1086 2473 1174 2521 novo
1201 2455 1262 2520 sub
1285 2453 1416 2519 nomine

243 2578 408 2630 revocant.
454 2565 520 2632 Sed
539 2566 669 2632 illorum
689 2587 762 2632 curn
794 2567 827 2632 in
858 2565 1012 2646 caeteris,
1042 2581 1112 2632 tum
1137 2581 1168 2632 et
1191 2566 1224 2632 in
1244 2567 1305 2631 hac
1327 2579 1418 2648 parte

245 2674 405 2741 inscitiam
435 2675 594 2744 refutavit
624 2677 702 2743 olim
730 2676 941 2762 Augustinus
958 2682 990 2742 ¹:
1020 2696 1126 2760 neque
1153 2692 1266 2744 nostro
1287 2677 1417 2742 saeculo

242 2785 440 2869 defuerunt,
475 2788 532 2870 qui
561 2803 783 2874 resurgentem
813 2788 906 2854 istam
933 2785 1145 2855 fanaticorum
1172 2788 1341 2854 hominum
1362 2806 1418 2853 su·

242 2898 467 2981 perstitionem
491 2899 679 2966 certissimis
702 2898 901 2985 argumentis
922 2899 1143 2967 retunderent.

290 3010 399 3075 Nobis
426 3029 492 3075 non
516 3025 580 3077 tam
605 3010 653 3076 illi
676 3009 842 3078 refellendi
869 3011 1046 3092 videntur,
1078 3031 1174 3094 quarn
1205 3005 1418 3077 confirmandi

242 3121 318 3202 alii,
342 3121 400 3204 qui
415 3142 489 3186 cum
506 3121 590 3187 idem
614 3142 680 3189 non
697 3122 931 3206 profiteantur,
947 3144 1005 3190 cur
1027 3139 1133 3190 tamen
1159 3123 1324 3190 diversum
1346 3144 1418 3190 sen-

243 3232 303 3298 tire
328 3234 466 3300 debeant
487 3233 643 3298 rationem
670 3255 735 3302 non
757 3236 835 3301 satis
853 3235 1051 3321 intelligunt.
1098 3235 1151 3301 Sic
1167 3235 1267 3322 igitur
1284 3235 1418 3302 demon·
1431 3258 1579 3323 amonstro,

244 3344 430 3411 strabimus
475 3345 543 3411 Qui
567 3344 664 3410 finem
686 3346 761 3411 vult
786 3345 872 3412 idem
900 3347 975 3411 vult
1005 3346 1046 3411 ad
1070 3345 1168 3413 finem
1198 3347 1377 3413 necessaria
1395 3352 1417 3414 ².
1431 3311 1578 3413 iiiiii

243 3455 326 3520 Vult
349 3471 459 3521 autem
483 3458 576 3523 Deus
600 3471 637 3521 ut
660 3476 720 3522 nos
740 3472 909 3537 tueamur,
933 3471 1098 3523 teneamus
1123 3459 1163 3524 ad
1186 3457 1287 3524 vitam
1303 3458 1418 3541 utilia,

244 3568 335 3650 quod
351 3566 445 3632 nobis
463 3567 609 3634 debitum
633 3583 682 3634 est
697 3587 954 3651 consequamur,
978 3569 1208 3652 delinquentes
1223 3569 1418 3654 puniamus,

243 3678 474 3762 rempublicam
508 3679 630 3763 pariter
664 3678 873 3746 defendamus
920 3680 1056 3766 ejusque
1093 3682 1183 3766 jussa
1220 3682 1289 3750 sive
1325 3683 1419 3748 etiam

243 3789 490 3874 magistratuum
524 3791 656 3875 imperia
680 3812 916 3875 exsequamur,
947 3807 984 3856 ut
1018 3793 1104 3878 leges
1135 3814 1233 3877 supra
1257 3795 1269 3829 ⁸
1294 3795 1419 3877 positae

160 3899 163 3904 ’
244 3902 432 3969 ostendunt.
479 3903 569 3968 Haec
594 3918 702 3969 autem
727 3901 889 3969 interdum
919 3917 1018 3982 sunt,
1050 3923 1190 3984 quorum
1215 3925 1310 3971 causa
1335 3906 1419 3971 bella

244 4012 470 4097 suscipiuntur
494 4030 592 4096 atque
615 4001 793 4100 geruntur,
819 4028 851 4080 et
872 4013 948 4079 talia
970 4013 1102 4095 quidem
1126 4029 1165 4080 ut
1186 4034 1418 4098 saepenumero

245 4146 278 4191 ea
303 4125 373 4210 ipsa
394 4125 465 4192 sine
489 4127 576 4192 bello
601 4125 759 4209 consequi
781 4146 847 4192 non
866 4125 1046 4209 possimus:
1071 4126 1160 4208 quod
1176 4127 1253 4193 belli
1270 4127 1420 4193 definitio

244 4259 341 4322 supra
361 4245 372 4282 ⁴
390 4236 496 4322 posita
511 4239 720 4306 demonstrat.
748 4237 798 4303 Ut
812 4229 891 4303 sicci
908 4252 940 4304 et
955 4237 1102 4319 humidi,
1122 4237 1218 4304 calidi
1236 4254 1268 4304 et
1285 4237 1418 4326 frigidi,

276 4495 388 4545 ¹lalbris
406 4498 543 4558 praecipua
561 4509 649 4547 contra
667 4498 792 4547 Faustum.
826 4495 952 4548 'stoma
968 4511 1010 4560 41·
1028 4497 1086 4548 dist.
1106 4511 1128 4546 1.
1144 4509 1169 4558 q.
1184 4496 1269 4547 tunica⁴
1303 4495 1421 4561 lcapa.

250 4586 262 4619 ⁴
279 4586 306 4634 in
323 4585 374 4636 fine
392 4587 483 4649 capitis
500 4587 613 4638 secundi.
