<?xml version="1.0" encoding="UTF-8"?>
<!DOCTYPE html PUBLIC "-//W3C//DTD XHTML 1.0 Transitional//EN"
    "http://www.w3.org/TR/xhtml1/DTD/xhtml1-transitional.dtd">
<html xmlns="http://www.w3.org/1999/xhtml" xml:lang="en" lang="en">
 <head>
  <title>
</title>
<meta http-equiv="Content-Type" content="text/html;charset=utf-8" />
  <meta name='ocr-system' content='tesseract 3.04.00' />
  <meta name='ocr-capabilities' content='ocr_page ocr_carea ocr_par ocr_line ocrx_word'/>
</head>
<body>
  <div class='ocr_page' id='page_1' title='image "./ledroitdeprised00hamagoog_0202.png"; bbox 0 0 3546 5654; ppageno 0'>
   <div class='ocr_carea' id='block_1_1' title="bbox 394 662 1255 739">
    <p class='ocr_par' dir='ltr' id='par_1_1' title="bbox 394 662 1255 739">
     <span class='ocr_line' id='line_1_1' title="bbox 394 662 1255 739; baseline -0.002 -17"><span class='ocrx_word' id='word_1_1' title='bbox 394 662 454 722; x_wconf 89' lang='lat'><strong>180</strong></span> <span class='ocrx_word' id='word_1_2' title='bbox 701 673 748 724; x_wconf 82' lang='lat' dir='ltr'><strong>or.</strong></span> <span class='ocrx_word' id='word_1_3' title='bbox 772 672 866 739; x_wconf 84' lang='lat' dir='ltr'><strong>Juun</strong></span> <span class='ocrx_word' id='word_1_4' title='bbox 891 673 1075 720; x_wconf 79' lang='lat' dir='ltr'><strong>ranunnn.</strong></span> <span class='ocrx_word' id='word_1_5' title='bbox 1102 675 1181 721; x_wconf 80' lang='lat' dir='ltr'><strong>car.</strong></span> <span class='ocrx_word' id='word_1_6' title='bbox 1206 675 1255 720; x_wconf 89' lang='lat' dir='ltr'><strong>xr.</strong></span> 
     </span>
    </p>
   </div>
   <div class='ocr_carea' id='block_1_2' title="bbox 390 817 1563 3026">
    <p class='ocr_par' dir='ltr' id='par_1_2' title="bbox 390 817 1563 3026">
     <span class='ocr_line' id='line_1_2' title="bbox 391 817 1561 911; baseline -0.001 -16"><span class='ocrx_word' id='word_1_7' title='bbox 391 829 517 896; x_wconf 91' lang='lat' dir='ltr'><strong>animus</strong></span> <span class='ocrx_word' id='word_1_8' title='bbox 538 817 755 907; x_wconf 86' lang='lat' dir='ltr'><strong>abhorrebat,</strong></span> <span class='ocrx_word' id='word_1_9' title='bbox 779 827 964 910; x_wconf 86' lang='lat' dir='ltr'><strong>praesertim</strong></span> <span class='ocrx_word' id='word_1_10' title='bbox 988 849 1062 895; x_wconf 91' lang='lat' dir='ltr'><strong>cum</strong></span> <span class='ocrx_word' id='word_1_11' title='bbox 1086 830 1200 895; x_wconf 90' lang='lat' dir='ltr'><strong>eodem</strong></span> <span class='ocrx_word' id='word_1_12' title='bbox 1222 827 1311 894; x_wconf 86' lang='lat' dir='ltr'><strong>facto</strong></span> <span class='ocrx_word' id='word_1_13' title='bbox 1334 843 1366 894; x_wconf 93' lang='lat' dir='ltr'><strong>et</strong></span> <span class='ocrx_word' id='word_1_14' title='bbox 1386 829 1503 911; x_wconf 89' lang='lat' dir='ltr'><strong>praeda</strong></span> <span class='ocrx_word' id='word_1_15' title='bbox 1522 850 1561 894; x_wconf 86' lang='lat' dir='ltr'><strong>ex</strong></span> 
     </span>
     <span class='ocr_line' id='line_1_3' title="bbox 391 939 1561 1024; baseline 0.001 -20"><span class='ocrx_word' id='word_1_16' title='bbox 391 941 522 1008; x_wconf 75' lang='lat' dir='ltr'><strong>batavis</strong></span> <span class='ocrx_word' id='word_1_17' title='bbox 553 954 585 1006; x_wconf 90' lang='lat' dir='ltr'><strong>et</strong></span> <span class='ocrx_word' id='word_1_18' title='bbox 614 939 754 1022; x_wconf 88' lang='lat' dir='ltr'><strong>pretium</strong></span> <span class='ocrx_word' id='word_1_19' title='bbox 779 960 796 1005; x_wconf 91' lang='lat' dir='ltr'><strong>a</strong></span> <span class='ocrx_word' id='word_1_20' title='bbox 819 939 990 1006; x_wconf 90' lang='lat' dir='ltr'><strong>Lusitanis</strong></span> <span class='ocrx_word' id='word_1_21' title='bbox 1024 955 1219 1024; x_wconf 85' lang='lat' dir='ltr'><strong>speraretur.</strong></span> <span class='ocrx_word' id='word_1_22' title='bbox 1266 940 1409 1005; x_wconf 88' lang='lat' dir='ltr'><strong>Primum</strong></span> <span class='ocrx_word' id='word_1_23' title='bbox 1445 940 1561 1005; x_wconf 86' lang='lat' dir='ltr'><strong>elicere</strong></span> 
     </span>
     <span class='ocr_line' id='line_1_4' title="bbox 391 1050 1560 1136; baseline -0.002 -18"><span class='ocrx_word' id='word_1_24' title='bbox 391 1071 532 1132; x_wconf 86' lang='lat' dir='ltr'><strong>merces,</strong></span> <span class='ocrx_word' id='word_1_25' title='bbox 556 1051 597 1120; x_wconf 91' lang='lat' dir='ltr'><strong>ad</strong></span> <span class='ocrx_word' id='word_1_26' title='bbox 618 1071 652 1118; x_wconf 88' lang='lat' dir='ltr'><strong>se</strong></span> <span class='ocrx_word' id='word_1_27' title='bbox 671 1053 819 1131; x_wconf 86' lang='lat' dir='ltr'><strong>trahere,</strong></span> <span class='ocrx_word' id='word_1_28' title='bbox 843 1052 1112 1132; x_wconf 87' lang='lat' dir='ltr'><strong>permutationem</strong></span> <span class='ocrx_word' id='word_1_29' title='bbox 1129 1051 1163 1116; x_wconf 92' lang='lat' dir='ltr'><strong>in</strong></span> <span class='ocrx_word' id='word_1_30' title='bbox 1176 1050 1266 1116; x_wconf 91' lang='lat' dir='ltr'><strong>aliud</strong></span> <span class='ocrx_word' id='word_1_31' title='bbox 1278 1065 1406 1133; x_wconf 90' lang='lat' dir='ltr'><strong>tempus</strong></span> <span class='ocrx_word' id='word_1_32' title='bbox 1418 1051 1560 1136; x_wconf 85' lang='lat' dir='ltr'><strong>rejicere.</strong></span> 
     </span>
     <span class='ocr_line' id='line_1_5' title="bbox 390 1139 1562 1247; baseline -0.001 -18"><span class='ocrx_word' id='word_1_33' title='bbox 390 1164 460 1229; x_wconf 91' lang='lat' dir='ltr'><strong>Ubi</strong></span> <span class='ocrx_word' id='word_1_34' title='bbox 492 1162 649 1229; x_wconf 90' lang='lat' dir='ltr'><strong>Hollandi</strong></span> <span class='ocrx_word' id='word_1_35' title='bbox 680 1165 775 1244; x_wconf 90' lang='lat' dir='ltr'><strong>plura</strong></span> <span class='ocrx_word' id='word_1_36' title='bbox 806 1139 1056 1247; x_wconf 64' lang='lat' dir='ltr'><strong>promere‘Jussi</strong></span> <span class='ocrx_word' id='word_1_37' title='bbox 1078 1163 1339 1244; x_wconf 86' lang='lat' dir='ltr'><strong>cunctabantur,</strong></span> <span class='ocrx_word' id='word_1_38' title='bbox 1363 1177 1498 1229; x_wconf 90' lang='lat' dir='ltr'><strong>vocatos</strong></span> <span class='ocrx_word' id='word_1_39' title='bbox 1521 1163 1562 1228; x_wconf 89' lang='lat' dir='ltr'><strong>ad</strong></span> 
     </span>
     <span class='ocr_line' id='line_1_6' title="bbox 390 1273 1561 1357; baseline -0.001 -18"><span class='ocrx_word' id='word_1_40' title='bbox 390 1296 425 1339; x_wconf 90' lang='lat' dir='ltr'><strong>se</strong></span> <span class='ocrx_word' id='word_1_41' title='bbox 449 1274 542 1340; x_wconf 91' lang='lat' dir='ltr'><strong>navis</strong></span> <span class='ocrx_word' id='word_1_42' title='bbox 563 1273 748 1357; x_wconf 86' lang='lat' dir='ltr'><strong>praefectos</strong></span> <span class='ocrx_word' id='word_1_43' title='bbox 772 1273 1044 1353; x_wconf 89' lang='lat' dir='ltr'><strong>Houtmannum,</strong></span> <span class='ocrx_word' id='word_1_44' title='bbox 1068 1273 1285 1339; x_wconf 89' lang='lat' dir='ltr'><strong>Guilielmum</strong></span> <span class='ocrx_word' id='word_1_45' title='bbox 1317 1273 1561 1353; x_wconf 92' lang='lat' dir='ltr'><strong>Ludovicium,</strong></span> 
     </span>
     <span class='ocr_line' id='line_1_7' title="bbox 391 1383 1560 1470; baseline 0 -20"><span class='ocrx_word' id='word_1_46' title='bbox 391 1385 570 1470; x_wconf 85' lang='lat' dir='ltr'><strong>Aegidium</strong></span> <span class='ocrx_word' id='word_1_47' title='bbox 597 1383 830 1450; x_wconf 83' lang='lat' dir='ltr'><strong>Vallrenerium</strong></span> <span class='ocrx_word' id='word_1_48' title='bbox 859 1384 1039 1466; x_wconf 89' lang='lat' dir='ltr'><strong>decemque</strong></span> <span class='ocrx_word' id='word_1_49' title='bbox 1068 1385 1150 1452; x_wconf 88' lang='lat' dir='ltr'><strong>alios</strong></span> <span class='ocrx_word' id='word_1_50' title='bbox 1178 1385 1289 1451; x_wconf 91' lang='lat' dir='ltr'><strong>subito</strong></span> <span class='ocrx_word' id='word_1_51' title='bbox 1319 1384 1438 1450; x_wconf 89' lang='lat' dir='ltr'><strong>vinciri</strong></span> <span class='ocrx_word' id='word_1_52' title='bbox 1455 1385 1560 1468; x_wconf 88' lang='lat' dir='ltr'><strong>jubet.</strong></span> 
     </span>
     <span class='ocr_line' id='line_1_8' title="bbox 391 1494 1561 1579; baseline -0.001 -18"><span class='ocrx_word' id='word_1_53' title='bbox 391 1497 438 1561; x_wconf 88' lang='lat' dir='ltr'><strong>Et</strong></span> <span class='ocrx_word' id='word_1_54' title='bbox 454 1516 496 1564; x_wconf 87' lang='lat' dir='ltr'><strong>ne</strong></span> <span class='ocrx_word' id='word_1_55' title='bbox 515 1511 585 1562; x_wconf 92' lang='lat' dir='ltr'><strong>tum</strong></span> <span class='ocrx_word' id='word_1_56' title='bbox 604 1495 738 1579; x_wconf 91' lang='lat' dir='ltr'><strong>quidem</strong></span> <span class='ocrx_word' id='word_1_57' title='bbox 757 1496 983 1562; x_wconf 84' lang='lat' dir='ltr'><strong>dissimulabat</strong></span> <span class='ocrx_word' id='word_1_58' title='bbox 1001 1496 1235 1562; x_wconf 88' lang='lat' dir='ltr'><strong>Lusitanorum</strong></span> <span class='ocrx_word' id='word_1_59' title='bbox 1256 1510 1372 1579; x_wconf 86' lang='lat' dir='ltr'><strong>rogatu</strong></span> <span class='ocrx_word' id='word_1_60' title='bbox 1392 1497 1454 1561; x_wconf 92' lang='lat' dir='ltr'><strong>ista</strong></span> <span class='ocrx_word' id='word_1_61' title='bbox 1473 1494 1561 1572; x_wconf 87' lang='lat' dir='ltr'><strong>fieri,</strong></span> 
     </span>
     <span class='ocr_line' id='line_1_9' title="bbox 391 1605 1560 1690; baseline -0.001 -17"><span class='ocrx_word' id='word_1_62' title='bbox 391 1608 450 1690; x_wconf 92' lang='lat' dir='ltr'><strong>qui</strong></span> <span class='ocrx_word' id='word_1_63' title='bbox 473 1622 615 1673; x_wconf 89' lang='lat' dir='ltr'><strong>metuere</strong></span> <span class='ocrx_word' id='word_1_64' title='bbox 637 1627 672 1672; x_wconf 90' lang='lat' dir='ltr'><strong>se</strong></span> <span class='ocrx_word' id='word_1_65' title='bbox 694 1605 882 1690; x_wconf 85' lang='lat' dir='ltr'><strong>fingebant,</strong></span> <span class='ocrx_word' id='word_1_66' title='bbox 907 1627 947 1672; x_wconf 87' lang='lat' dir='ltr'><strong>ne</strong></span> <span class='ocrx_word' id='word_1_67' title='bbox 963 1626 1078 1672; x_wconf 90' lang='lat' dir='ltr'><strong>navem</strong></span> <span class='ocrx_word' id='word_1_68' title='bbox 1091 1627 1182 1672; x_wconf 88' lang='lat' dir='ltr'><strong>suanr</strong></span> <span class='ocrx_word' id='word_1_69' title='bbox 1195 1607 1228 1672; x_wconf 93' lang='lat' dir='ltr'><strong>in</strong></span> <span class='ocrx_word' id='word_1_70' title='bbox 1240 1621 1340 1690; x_wconf 94' lang='lat' dir='ltr'><strong>portu</strong></span> <span class='ocrx_word' id='word_1_71' title='bbox 1352 1623 1560 1688; x_wconf 88' lang='lat' dir='ltr'><strong>quaerentem</strong></span> 
     </span>
     <span class='ocr_line' id='line_1_10' title="bbox 392 1717 1561 1800; baseline 0 -17"><span class='ocrx_word' id='word_1_72' title='bbox 392 1719 514 1784; x_wconf 89' lang='lat' dir='ltr'><strong>exitum</strong></span> <span class='ocrx_word' id='word_1_73' title='bbox 548 1717 661 1784; x_wconf 80' lang='lat' dir='ltr'><strong>batavi</strong></span> <span class='ocrx_word' id='word_1_74' title='bbox 693 1717 941 1800; x_wconf 90' lang='lat' dir='ltr'><strong>interciperent:</strong></span> <span class='ocrx_word' id='word_1_75' title='bbox 975 1719 1035 1784; x_wconf 91' lang='lat' dir='ltr'><strong>hac</strong></span> <span class='ocrx_word' id='word_1_76' title='bbox 1067 1719 1174 1800; x_wconf 87' lang='lat' dir='ltr'><strong>specie</strong></span> <span class='ocrx_word' id='word_1_77' title='bbox 1205 1718 1280 1784; x_wconf 90' lang='lat' dir='ltr'><strong>illos</strong></span> <span class='ocrx_word' id='word_1_78' title='bbox 1316 1720 1408 1784; x_wconf 91' lang='lat' dir='ltr'><strong>velut</strong></span> <span class='ocrx_word' id='word_1_79' title='bbox 1431 1718 1561 1784; x_wconf 90' lang='lat' dir='ltr'><strong>obsides</strong></span> 
     </span>
     <span class='ocr_line' id='line_1_11' title="bbox 391 1828 1560 1913; baseline -0.002 -18"><span class='ocrx_word' id='word_1_80' title='bbox 391 1843 562 1895; x_wconf 89' lang='lat' dir='ltr'><strong>oraverant</strong></span> <span class='ocrx_word' id='word_1_81' title='bbox 580 1828 728 1894; x_wconf 89' lang='lat' dir='ltr'><strong>detineri.</strong></span> <span class='ocrx_word' id='word_1_82' title='bbox 753 1828 820 1895; x_wconf 88' lang='lat' dir='ltr'><strong>Sed</strong></span> <span class='ocrx_word' id='word_1_83' title='bbox 842 1844 874 1894; x_wconf 92' lang='lat' dir='ltr'><strong>et</strong></span> <span class='ocrx_word' id='word_1_84' title='bbox 896 1830 979 1894; x_wconf 91' lang='lat' dir='ltr'><strong>illud</strong></span> <span class='ocrx_word' id='word_1_85' title='bbox 995 1829 1134 1912; x_wconf 90' lang='lat' dir='ltr'><strong>captivis</strong></span> <span class='ocrx_word' id='word_1_86' title='bbox 1147 1830 1326 1909; x_wconf 85' lang='lat' dir='ltr'><strong>innuebat,</strong></span> <span class='ocrx_word' id='word_1_87' title='bbox 1346 1830 1421 1895; x_wconf 87' lang='lat' dir='ltr'><strong>dare</strong></span> <span class='ocrx_word' id='word_1_88' title='bbox 1431 1849 1560 1913; x_wconf 89' lang='lat' dir='ltr'><strong>operam</strong></span> 
     </span>
     <span class='ocr_line' id='line_1_12' title="bbox 390 1940 1562 2022; baseline 0.001 -17"><span class='ocrx_word' id='word_1_89' title='bbox 390 1940 478 2022; x_wconf 89' lang='lat' dir='ltr'><strong>apud</strong></span> <span class='ocrx_word' id='word_1_90' title='bbox 496 1961 530 2006; x_wconf 92' lang='lat' dir='ltr'><strong>se</strong></span> <span class='ocrx_word' id='word_1_91' title='bbox 549 1940 745 2020; x_wconf 88' lang='lat' dir='ltr'><strong>Lusitanos,</strong></span> <span class='ocrx_word' id='word_1_92' title='bbox 769 1955 807 2005; x_wconf 95' lang='lat' dir='ltr'><strong>ut</strong></span> <span class='ocrx_word' id='word_1_93' title='bbox 825 1955 990 2006; x_wconf 89' lang='lat' dir='ltr'><strong>numerata</strong></span> <span class='ocrx_word' id='word_1_94' title='bbox 1010 1940 1155 2006; x_wconf 88' lang='lat' dir='ltr'><strong>mercede</strong></span> <span class='ocrx_word' id='word_1_95' title='bbox 1174 1955 1290 2022; x_wconf 88' lang='lat' dir='ltr'><strong>quater</strong></span> <span class='ocrx_word' id='word_1_96' title='bbox 1309 1940 1448 2005; x_wconf 90' lang='lat' dir='ltr'><strong>millium</strong></span> <span class='ocrx_word' id='word_1_97' title='bbox 1468 1959 1562 2006; x_wconf 90' lang='lat' dir='ltr'><strong>num-</strong></span> 
     </span>
     <span class='ocr_line' id='line_1_13' title="bbox 391 2051 1562 2135; baseline 0.002 -20"><span class='ocrx_word' id='word_1_98' title='bbox 391 2070 518 2116; x_wconf 91' lang='lat' dir='ltr'><strong>morum</strong></span> <span class='ocrx_word' id='word_1_99' title='bbox 543 2051 722 2134; x_wconf 86' lang='lat' dir='ltr'><strong>regalium,</strong></span> <span class='ocrx_word' id='word_1_100' title='bbox 748 2051 836 2133; x_wconf 93' lang='lat' dir='ltr'><strong>ipsos</strong></span> <span class='ocrx_word' id='word_1_101' title='bbox 861 2052 893 2116; x_wconf 92' lang='lat' dir='ltr'><strong>in</strong></span> <span class='ocrx_word' id='word_1_102' title='bbox 915 2072 1005 2118; x_wconf 90' lang='lat' dir='ltr'><strong>suam</strong></span> <span class='ocrx_word' id='word_1_103' title='bbox 1027 2051 1211 2135; x_wconf 86' lang='lat' dir='ltr'><strong>acciperent</strong></span> <span class='ocrx_word' id='word_1_104' title='bbox 1230 2065 1441 2134; x_wconf 88' lang='lat' dir='ltr'><strong>potestatem:</strong></span> <span class='ocrx_word' id='word_1_105' title='bbox 1465 2052 1562 2117; x_wconf 89' lang='lat' dir='ltr'><strong>simul</strong></span> 
     </span>
     <span class='ocr_line' id='line_1_14' title="bbox 391 2161 1562 2247; baseline 0 -20"><span class='ocrx_word' id='word_1_106' title='bbox 391 2161 669 2228; x_wconf 86' lang='lat' dir='ltr'><strong>atrocissimorum</strong></span> <span class='ocrx_word' id='word_1_107' title='bbox 699 2161 937 2244; x_wconf 89' lang='lat' dir='ltr'><strong>suppliciorum</strong></span> <span class='ocrx_word' id='word_1_108' title='bbox 970 2178 1077 2228; x_wconf 92' lang='lat' dir='ltr'><strong>metus</strong></span> <span class='ocrx_word' id='word_1_109' title='bbox 1107 2163 1256 2244; x_wconf 90' lang='lat' dir='ltr'><strong>quotidie</strong></span> <span class='ocrx_word' id='word_1_110' title='bbox 1289 2163 1413 2228; x_wconf 89' lang='lat' dir='ltr'><strong>miseris</strong></span> <span class='ocrx_word' id='word_1_111' title='bbox 1436 2163 1562 2247; x_wconf 88' lang='lat' dir='ltr'><strong>injicie-</strong></span> 
     </span>
     <span class='ocr_line' id='line_1_15' title="bbox 390 2273 1562 2358; baseline 0.001 -20"><span class='ocrx_word' id='word_1_112' title='bbox 390 2275 497 2339; x_wconf 90' lang='lat' dir='ltr'><strong>batur.</strong></span> <span class='ocrx_word' id='word_1_113' title='bbox 521 2273 647 2338; x_wconf 89' lang='lat' dir='ltr'><strong>Eodem</strong></span> <span class='ocrx_word' id='word_1_114' title='bbox 668 2288 813 2356; x_wconf 88' lang='lat' dir='ltr'><strong>tempore</strong></span> <span class='ocrx_word' id='word_1_115' title='bbox 833 2274 971 2354; x_wconf 88' lang='lat' dir='ltr'><strong>accidit,</strong></span> <span class='ocrx_word' id='word_1_116' title='bbox 992 2289 1029 2339; x_wconf 91' lang='lat' dir='ltr'><strong>ut</strong></span> <span class='ocrx_word' id='word_1_117' title='bbox 1046 2273 1161 2358; x_wconf 91' lang='lat' dir='ltr'><strong>Javani</strong></span> <span class='ocrx_word' id='word_1_118' title='bbox 1172 2273 1407 2339; x_wconf 89' lang='lat' dir='ltr'><strong>Lusitanorum</strong></span> <span class='ocrx_word' id='word_1_119' title='bbox 1419 2274 1562 2357; x_wconf 88' lang='lat' dir='ltr'><strong>impulsu</strong></span> 
     </span>
     <span class='ocr_line' id='line_1_16' title="bbox 391 2385 1560 2470; baseline -0.001 -20"><span class='ocrx_word' id='word_1_120' title='bbox 391 2385 527 2466; x_wconf 83' lang='lat' dir='ltr'><strong>scaphas</strong></span> <span class='ocrx_word' id='word_1_121' title='bbox 548 2385 746 2468; x_wconf 88' lang='lat' dir='ltr'><strong>cymbasque</strong></span> <span class='ocrx_word' id='word_1_122' title='bbox 770 2385 965 2450; x_wconf 77' lang='lat' dir='ltr'><strong>batavorum</strong></span> <span class='ocrx_word' id='word_1_123' title='bbox 988 2399 1160 2468; x_wconf 88' lang='lat' dir='ltr'><strong>provectas</strong></span> <span class='ocrx_word' id='word_1_124' title='bbox 1182 2385 1313 2470; x_wconf 86' lang='lat' dir='ltr'><strong>longius</strong></span> <span class='ocrx_word' id='word_1_125' title='bbox 1338 2391 1560 2469; x_wconf 79' lang='lat' dir='ltr'><strong>oppugnatum</strong></span> 
     </span>
     <span class='ocr_line' id='line_1_17' title="bbox 390 2494 1562 2578; baseline -0.001 -17"><span class='ocrx_word' id='word_1_126' title='bbox 390 2496 557 2562; x_wconf 90' lang='lat' dir='ltr'><strong>venirent:</strong></span> <span class='ocrx_word' id='word_1_127' title='bbox 590 2515 675 2576; x_wconf 89' lang='lat' dir='ltr'><strong>quos</strong></span> <span class='ocrx_word' id='word_1_128' title='bbox 709 2515 782 2560; x_wconf 91' lang='lat' dir='ltr'><strong>curn</strong></span> <span class='ocrx_word' id='word_1_129' title='bbox 804 2494 934 2562; x_wconf 89' lang='lat' dir='ltr'><strong>fortiter</strong></span> <span class='ocrx_word' id='word_1_130' title='bbox 955 2496 1002 2562; x_wconf 93' lang='lat' dir='ltr'><strong>illi</strong></span> <span class='ocrx_word' id='word_1_131' title='bbox 1026 2496 1245 2578; x_wconf 88' lang='lat' dir='ltr'><strong>repulissent,</strong></span> <span class='ocrx_word' id='word_1_132' title='bbox 1268 2495 1452 2578; x_wconf 87' lang='lat' dir='ltr'><strong>praefectus</strong></span> <span class='ocrx_word' id='word_1_133' title='bbox 1480 2497 1562 2562; x_wconf 89' lang='lat' dir='ltr'><strong>Ban-</strong></span> 
     </span>
     <span class='ocr_line' id='line_1_18' title="bbox 391 2606 1560 2691; baseline -0.001 -19"><span class='ocrx_word' id='word_1_134' title='bbox 391 2608 543 2674; x_wconf 89' lang='lat' dir='ltr'><strong>tamensis</strong></span> <span class='ocrx_word' id='word_1_135' title='bbox 571 2606 660 2673; x_wconf 86' lang='lat' dir='ltr'><strong>facto</strong></span> <span class='ocrx_word' id='word_1_136' title='bbox 692 2606 898 2686; x_wconf 88' lang='lat' dir='ltr'><strong>admonitus,</strong></span> <span class='ocrx_word' id='word_1_137' title='bbox 930 2625 997 2672; x_wconf 92' lang='lat' dir='ltr'><strong>non</strong></span> <span class='ocrx_word' id='word_1_138' title='bbox 1020 2625 1088 2671; x_wconf 89' lang='lat' dir='ltr'><strong>esse</strong></span> <span class='ocrx_word' id='word_1_139' title='bbox 1111 2607 1378 2672; x_wconf 89' lang='lat' dir='ltr'><strong>contemnendam</strong></span> <span class='ocrx_word' id='word_1_140' title='bbox 1400 2608 1560 2691; x_wconf 85' lang='lat' dir='ltr'><strong>ejusmodi</strong></span> 
     </span>
     <span class='ocr_line' id='line_1_19' title="bbox 390 2716 1562 2803; baseline 0 -20"><span class='ocrx_word' id='word_1_141' title='bbox 390 2717 559 2784; x_wconf 89' lang='lat' dir='ltr'><strong>hominum</strong></span> <span class='ocrx_word' id='word_1_142' title='bbox 593 2717 793 2798; x_wconf 89' lang='lat' dir='ltr'><strong>bonitatem,</strong></span> <span class='ocrx_word' id='word_1_143' title='bbox 827 2716 1019 2782; x_wconf 88' lang='lat' dir='ltr'><strong>concordiae</strong></span> <span class='ocrx_word' id='word_1_144' title='bbox 1052 2717 1193 2783; x_wconf 90' lang='lat' dir='ltr'><strong>rationes</strong></span> <span class='ocrx_word' id='word_1_145' title='bbox 1227 2716 1320 2783; x_wconf 86' lang='lat' dir='ltr'><strong>iniit:</strong></span> <span class='ocrx_word' id='word_1_146' title='bbox 1355 2720 1452 2803; x_wconf 84' lang='lat' dir='ltr'><strong>cujus</strong></span> <span class='ocrx_word' id='word_1_147' title='bbox 1486 2737 1562 2783; x_wconf 87' lang='lat' dir='ltr'><strong>con-</strong></span> 
     </span>
     <span class='ocr_line' id='line_1_20' title="bbox 391 2827 1563 2914; baseline 0 -20"><span class='ocrx_word' id='word_1_148' title='bbox 391 2829 532 2896; x_wconf 89' lang='lat' dir='ltr'><strong>ditiones</strong></span> <span class='ocrx_word' id='word_1_149' title='bbox 557 2830 617 2895; x_wconf 92' lang='lat' dir='ltr'><strong>etsi</strong></span> <span class='ocrx_word' id='word_1_150' title='bbox 640 2828 830 2913; x_wconf 91' lang='lat' dir='ltr'><strong>periniquae</strong></span> <span class='ocrx_word' id='word_1_151' title='bbox 854 2843 963 2910; x_wconf 90' lang='lat' dir='ltr'><strong>erant,</strong></span> <span class='ocrx_word' id='word_1_152' title='bbox 989 2842 1021 2894; x_wconf 92' lang='lat' dir='ltr'><strong>et</strong></span> <span class='ocrx_word' id='word_1_153' title='bbox 1042 2827 1156 2893; x_wconf 88' lang='lat' dir='ltr'><strong>redimi</strong></span> <span class='ocrx_word' id='word_1_154' title='bbox 1180 2847 1237 2893; x_wconf 88' lang='lat' dir='ltr'><strong>eos</strong></span> <span class='ocrx_word' id='word_1_155' title='bbox 1257 2829 1417 2914; x_wconf 88' lang='lat' dir='ltr'><strong>jubebant</strong></span> <span class='ocrx_word' id='word_1_156' title='bbox 1432 2830 1563 2895; x_wconf 92' lang='lat' dir='ltr'><strong>duobus</strong></span> 
     </span>
     <span class='ocr_line' id='line_1_21' title="bbox 390 2938 1559 3026; baseline -0.002 -20"><span class='ocrx_word' id='word_1_157' title='bbox 390 2942 536 3007; x_wconf 91' lang='lat' dir='ltr'><strong>millibus</strong></span> <span class='ocrx_word' id='word_1_158' title='bbox 568 2941 745 3026; x_wconf 87' lang='lat' dir='ltr'><strong>regalium,</strong></span> <span class='ocrx_word' id='word_1_159' title='bbox 779 2938 837 3022; x_wconf 94' lang='lat' dir='ltr'><strong>qui</strong></span> <span class='ocrx_word' id='word_1_160' title='bbox 861 2959 901 3004; x_wconf 88' lang='lat' dir='ltr'><strong>ne</strong></span> <span class='ocrx_word' id='word_1_161' title='bbox 924 2939 1060 3004; x_wconf 91' lang='lat' dir='ltr'><strong>obtentu</strong></span> <span class='ocrx_word' id='word_1_162' title='bbox 1094 2939 1227 3020; x_wconf 92' lang='lat' dir='ltr'><strong>quidem</strong></span> <span class='ocrx_word' id='word_1_163' title='bbox 1259 2939 1344 3023; x_wconf 84' lang='lat' dir='ltr'><strong>J&#39;uris</strong></span> <span class='ocrx_word' id='word_1_164' title='bbox 1375 2941 1444 3004; x_wconf 91' lang='lat' dir='ltr'><strong>ullo</strong></span> <span class='ocrx_word' id='word_1_165' title='bbox 1477 2939 1559 3022; x_wconf 90' lang='lat' dir='ltr'><strong>capti</strong></span> 
     </span>
    </p>
   </div>
   <div class='ocr_carea' id='block_1_3' title="bbox 281 3049 1561 3134">
    <p class='ocr_par' dir='ltr' id='par_1_3' title="bbox 281 3049 1561 3134">
     <span class='ocr_line' id='line_1_22' title="bbox 281 3049 1561 3134; baseline -0.002 -18"><span class='ocrx_word' id='word_1_166' title='bbox 281 3096 288 3106; x_wconf 82' lang='grc'><strong>-</strong></span> <span class='ocrx_word' id='word_1_167' title='bbox 391 3067 501 3133; x_wconf 91' lang='lat' dir='ltr'><strong>erant,</strong></span> <span class='ocrx_word' id='word_1_168' title='bbox 524 3067 631 3117; x_wconf 90' lang='lat' dir='ltr'><strong>tamen</strong></span> <span class='ocrx_word' id='word_1_169' title='bbox 662 3051 879 3134; x_wconf 90' lang='lat' dir='ltr'><strong>accipiuntur.</strong></span> <span class='ocrx_word' id='word_1_170' title='bbox 925 3050 989 3114; x_wconf 86' lang='lat' dir='ltr'><strong>Sed</strong></span> <span class='ocrx_word' id='word_1_171' title='bbox 1012 3070 1080 3132; x_wconf 91' lang='lat' dir='ltr'><strong>quo</strong></span> <span class='ocrx_word' id='word_1_172' title='bbox 1103 3069 1154 3114; x_wconf 89' lang='lat' dir='ltr'><strong>res</strong></span> <span class='ocrx_word' id='word_1_173' title='bbox 1178 3049 1316 3115; x_wconf 87' lang='lat' dir='ltr'><strong>Batavae</strong></span> <span class='ocrx_word' id='word_1_174' title='bbox 1338 3052 1412 3116; x_wconf 93' lang='lat' dir='ltr'><strong>loco</strong></span> <span class='ocrx_word' id='word_1_175' title='bbox 1435 3051 1561 3116; x_wconf 88' lang='lat' dir='ltr'><strong>meliori</strong></span> 
     </span>
    </p>
   </div>
   <div class='ocr_carea' id='block_1_4' title="bbox 363 3159 1664 4574">
    <p class='ocr_par' dir='ltr' id='par_1_4' title="bbox 389 3159 1566 3909">
     <span class='ocr_line' id='line_1_23' title="bbox 392 3159 1563 3246; baseline -0.001 -20"><span class='ocrx_word' id='word_1_176' title='bbox 392 3181 460 3227; x_wconf 91' lang='lat' dir='ltr'><strong>esse</strong></span> <span class='ocrx_word' id='word_1_177' title='bbox 493 3176 688 3245; x_wconf 89' lang='lat' dir='ltr'><strong>coeperant,</strong></span> <span class='ocrx_word' id='word_1_178' title='bbox 721 3163 783 3226; x_wconf 94' lang='lat' dir='ltr'><strong>hoc</strong></span> <span class='ocrx_word' id='word_1_179' title='bbox 816 3161 918 3246; x_wconf 88' lang='lat' dir='ltr'><strong>magis</strong></span> <span class='ocrx_word' id='word_1_180' title='bbox 952 3159 1103 3226; x_wconf 90' lang='lat' dir='ltr'><strong>Lusitani</strong></span> <span class='ocrx_word' id='word_1_181' title='bbox 1133 3160 1273 3243; x_wconf 87' lang='lat' dir='ltr'><strong>pretium</strong></span> <span class='ocrx_word' id='word_1_182' title='bbox 1294 3161 1493 3244; x_wconf 92' lang='lat' dir='ltr'><strong>proditionis</strong></span> <span class='ocrx_word' id='word_1_183' title='bbox 1514 3162 1563 3236; x_wconf 89' lang='lat' dir='ltr'><strong>in·</strong></span> 
     </span>
     <span class='ocr_line' id='line_1_24' title="bbox 391 3271 1563 3356; baseline 0.002 -21"><span class='ocrx_word' id='word_1_184' title='bbox 391 3272 535 3339; x_wconf 90' lang='lat' dir='ltr'><strong>tendere.</strong></span> <span class='ocrx_word' id='word_1_185' title='bbox 581 3271 683 3338; x_wconf 93' lang='lat' dir='ltr'><strong>Venit</strong></span> <span class='ocrx_word' id='word_1_186' title='bbox 718 3273 803 3340; x_wconf 89' lang='lat' dir='ltr'><strong>enim</strong></span> <span class='ocrx_word' id='word_1_187' title='bbox 838 3273 987 3337; x_wconf 89' lang='lat' dir='ltr'><strong>Malacca</strong></span> <span class='ocrx_word' id='word_1_188' title='bbox 1021 3273 1168 3356; x_wconf 85' lang='lat' dir='ltr'><strong>legatus:</strong></span> <span class='ocrx_word' id='word_1_189' title='bbox 1210 3271 1237 3336; x_wconf 91' lang='lat' dir='ltr'><strong>is</strong></span> <span class='ocrx_word' id='word_1_190' title='bbox 1270 3271 1354 3338; x_wconf 91' lang='lat' dir='ltr'><strong>dona</strong></span> <span class='ocrx_word' id='word_1_191' title='bbox 1387 3274 1489 3338; x_wconf 88' lang='lat' dir='ltr'><strong>multa</strong></span> <span class='ocrx_word' id='word_1_192' title='bbox 1523 3273 1563 3337; x_wconf 89' lang='lat' dir='ltr'><strong>ad</strong></span> 
     </span>
     <span class='ocr_line' id='line_1_25' title="bbox 390 3363 1562 3469; baseline 0 -21"><span class='ocrx_word' id='word_1_193' title='bbox 390 3382 587 3465; x_wconf 87' lang='lat' dir='ltr'><strong>praefectum</strong></span> <span class='ocrx_word' id='word_1_194' title='bbox 611 3399 644 3449; x_wconf 87' lang='lat' dir='ltr'><strong>et</strong></span> <span class='ocrx_word' id='word_1_195' title='bbox 666 3403 817 3467; x_wconf 89' lang='lat' dir='ltr'><strong>proceres</strong></span> <span class='ocrx_word' id='word_1_196' title='bbox 848 3383 973 3465; x_wconf 87' lang='lat' dir='ltr'><strong>adfert,</strong></span> <span class='ocrx_word' id='word_1_197' title='bbox 1001 3363 1108 3464; x_wconf 38' lang='lat' dir='ltr'><strong>&#39;atque</strong></span> <span class='ocrx_word' id='word_1_198' title='bbox 1133 3383 1216 3448; x_wconf 91' lang='lat' dir='ltr'><strong>inter</strong></span> <span class='ocrx_word' id='word_1_199' title='bbox 1249 3398 1375 3448; x_wconf 88' lang='lat' dir='ltr'><strong>caetera</strong></span> <span class='ocrx_word' id='word_1_200' title='bbox 1406 3383 1562 3469; x_wconf 88' lang='lat' dir='ltr'><strong>regalium</strong></span> 
     </span>
     <span class='ocr_line' id='line_1_26' title="bbox 390 3493 1562 3574; baseline 0.002 -16"><span class='ocrx_word' id='word_1_201' title='bbox 390 3513 447 3558; x_wconf 89' lang='lat' dir='ltr'><strong>sex</strong></span> <span class='ocrx_word' id='word_1_202' title='bbox 481 3493 601 3574; x_wconf 91' lang='lat' dir='ltr'><strong>millia,</strong></span> <span class='ocrx_word' id='word_1_203' title='bbox 637 3494 758 3574; x_wconf 91' lang='lat' dir='ltr'><strong>quibus</strong></span> <span class='ocrx_word' id='word_1_204' title='bbox 790 3494 1031 3560; x_wconf 89' lang='lat' dir='ltr'><strong>Hollandorum</strong></span> <span class='ocrx_word' id='word_1_205' title='bbox 1065 3514 1176 3561; x_wconf 89' lang='lat' dir='ltr'><strong>necem</strong></span> <span class='ocrx_word' id='word_1_206' title='bbox 1212 3509 1419 3561; x_wconf 88' lang='lat' dir='ltr'><strong>mercaretur.</strong></span> <span class='ocrx_word' id='word_1_207' title='bbox 1465 3493 1562 3560; x_wconf 87' lang='lat' dir='ltr'><strong>Versi</strong></span> 
     </span>
     <span class='ocr_line' id='line_1_27' title="bbox 390 3604 1565 3688; baseline -0.002 -17"><span class='ocrx_word' id='word_1_208' title='bbox 390 3605 499 3671; x_wconf 90' lang='lat' dir='ltr'><strong>statim</strong></span> <span class='ocrx_word' id='word_1_209' title='bbox 523 3604 645 3685; x_wconf 87' lang='lat' dir='ltr'><strong>animi,</strong></span> <span class='ocrx_word' id='word_1_210' title='bbox 681 3623 837 3687; x_wconf 88' lang='lat' dir='ltr'><strong>suspensa</strong></span> <span class='ocrx_word' id='word_1_211' title='bbox 860 3604 1076 3688; x_wconf 88' lang='lat' dir='ltr'><strong>permutatio:</strong></span> <span class='ocrx_word' id='word_1_212' title='bbox 1110 3604 1205 3670; x_wconf 92' lang='lat' dir='ltr'><strong>etiam</strong></span> <span class='ocrx_word' id='word_1_213' title='bbox 1230 3604 1422 3671; x_wconf 88' lang='lat' dir='ltr'><strong>Sinensibus</strong></span> <span class='ocrx_word' id='word_1_214' title='bbox 1445 3624 1565 3670; x_wconf 91' lang='lat' dir='ltr'><strong>merca-</strong></span> 
     </span>
     <span class='ocr_line' id='line_1_28' title="bbox 389 3714 1564 3797; baseline -0.003 -16"><span class='ocrx_word' id='word_1_215' title='bbox 389 3715 534 3795; x_wconf 88' lang='lat' dir='ltr'><strong>toribus,</strong></span> <span class='ocrx_word' id='word_1_216' title='bbox 560 3716 617 3797; x_wconf 92' lang='lat' dir='ltr'><strong>qui</strong></span> <span class='ocrx_word' id='word_1_217' title='bbox 642 3715 787 3781; x_wconf 90' lang='lat' dir='ltr'><strong>Bantami</strong></span> <span class='ocrx_word' id='word_1_218' title='bbox 810 3731 1005 3796; x_wconf 90' lang='lat' dir='ltr'><strong>versantur,</strong></span> <span class='ocrx_word' id='word_1_219' title='bbox 1026 3716 1234 3782; x_wconf 90' lang='lat' dir='ltr'><strong>interdictum</strong></span> <span class='ocrx_word' id='word_1_220' title='bbox 1244 3735 1285 3780; x_wconf 88' lang='lat' dir='ltr'><strong>ne</strong></span> <span class='ocrx_word' id='word_1_221' title='bbox 1297 3716 1379 3796; x_wconf 90' lang='lat' dir='ltr'><strong>quid</strong></span> <span class='ocrx_word' id='word_1_222' title='bbox 1389 3714 1564 3781; x_wconf 89' lang='lat' dir='ltr'><strong>Hollandis</strong></span> 
     </span>
     <span class='ocr_line' id='line_1_29' title="bbox 389 3826 1566 3909; baseline -0.001 -19"><span class='ocrx_word' id='word_1_223' title='bbox 389 3826 582 3892; x_wconf 90' lang='lat' dir='ltr'><strong>venderent.</strong></span> <span class='ocrx_word' id='word_1_224' title='bbox 629 3828 675 3892; x_wconf 88' lang='lat' dir='ltr'><strong>Et</strong></span> <span class='ocrx_word' id='word_1_225' title='bbox 706 3828 784 3893; x_wconf 89' lang='lat' dir='ltr'><strong>haec</strong></span> <span class='ocrx_word' id='word_1_226' title='bbox 817 3848 882 3892; x_wconf 95' lang='lat' dir='ltr'><strong>non</strong></span> <span class='ocrx_word' id='word_1_227' title='bbox 915 3827 1015 3892; x_wconf 90' lang='lat' dir='ltr'><strong>dubia</strong></span> <span class='ocrx_word' id='word_1_228' title='bbox 1046 3841 1137 3892; x_wconf 91' lang='lat' dir='ltr'><strong>erant</strong></span> <span class='ocrx_word' id='word_1_229' title='bbox 1168 3826 1357 3894; x_wconf 90' lang='lat' dir='ltr'><strong>inimicitiae</strong></span> <span class='ocrx_word' id='word_1_230' title='bbox 1387 3826 1500 3909; x_wconf 88' lang='lat' dir='ltr'><strong>signa,</strong></span> <span class='ocrx_word' id='word_1_231' title='bbox 1532 3840 1566 3889; x_wconf 90' lang='lat' dir='ltr'><strong>et</strong></span> 
     </span>
    </p>

    <p class='ocr_par' dir='ltr' id='par_1_5' title="bbox 363 3913 1664 4574">
     <span class='ocr_line' id='line_1_30' title="bbox 390 3913 1664 4026; baseline -0.004 -23"><span class='ocrx_word' id='word_1_232' title='bbox 390 3939 487 4004; x_wconf 89' lang='lat' dir='ltr'><strong>simul</strong></span> <span class='ocrx_word' id='word_1_233' title='bbox 511 3938 551 4003; x_wconf 93' lang='lat' dir='ltr'><strong>ab</strong></span> <span class='ocrx_word' id='word_1_234' title='bbox 574 3940 706 4021; x_wconf 83' lang='lat' dir='ltr'><strong>bospite</strong></span> <span class='ocrx_word' id='word_1_235' title='bbox 738 3938 944 4026; x_wconf 86' lang='lat' dir='ltr'><strong>Bantamensi</strong></span> <span class='ocrx_word' id='word_1_236' title='bbox 975 3953 1072 4020; x_wconf 92' lang='lat' dir='ltr'><strong>atque</strong></span> <span class='ocrx_word' id='word_1_237' title='bbox 1102 3937 1174 4004; x_wconf 91' lang='lat' dir='ltr'><strong>aliis</strong></span> <span class='ocrx_word' id='word_1_238' title='bbox 1197 3937 1308 4004; x_wconf 90' lang='lat' dir='ltr'><strong>amicis</strong></span> <span class='ocrx_word' id='word_1_239' title='bbox 1331 3937 1566 4003; x_wconf 91' lang='lat' dir='ltr'><strong>nuntiabantur</strong></span> <span class='ocrx_word' id='word_1_240' title='bbox 1656 3913 1664 3928; x_wconf 61' lang='lat'>⁸</span> 
     </span>
     <span class='ocr_line' id='line_1_31' title="bbox 363 4047 1566 4136; baseline -0.003 -22"><span class='ocrx_word' id='word_1_241' title='bbox 363 4121 366 4127; x_wconf 18' lang='grc' dir='ltr'><strong>Δ</strong></span> <span class='ocrx_word' id='word_1_242' title='bbox 390 4047 523 4115; x_wconf 85' lang='lat' dir='ltr'><strong>vendita</strong></span> <span class='ocrx_word' id='word_1_243' title='bbox 545 4048 714 4116; x_wconf 89' lang='lat' dir='ltr'><strong>Lusitanis</strong></span> <span class='ocrx_word' id='word_1_244' title='bbox 739 4050 858 4115; x_wconf 89' lang='lat' dir='ltr'><strong>ducum</strong></span> <span class='ocrx_word' id='word_1_245' title='bbox 882 4048 1028 4114; x_wconf 91' lang='lat' dir='ltr'><strong>omnium</strong></span> <span class='ocrx_word' id='word_1_246' title='bbox 1051 4049 1167 4131; x_wconf 89' lang='lat' dir='ltr'><strong>capita.</strong></span> <span class='ocrx_word' id='word_1_247' title='bbox 1214 4049 1324 4136; x_wconf 89' lang='lat' dir='ltr'><strong>Quare</strong></span> <span class='ocrx_word' id='word_1_248' title='bbox 1344 4047 1476 4114; x_wconf 91' lang='lat' dir='ltr'><strong>navium</strong></span> <span class='ocrx_word' id='word_1_249' title='bbox 1498 4047 1566 4129; x_wconf 92' lang='lat' dir='ltr'><strong>pri-</strong></span> 
     </span>
     <span class='ocr_line' id='line_1_32' title="bbox 390 4157 1567 4243; baseline 0.001 -21"><span class='ocrx_word' id='word_1_250' title='bbox 390 4177 496 4223; x_wconf 89' lang='lat' dir='ltr'><strong>mores</strong></span> <span class='ocrx_word' id='word_1_251' title='bbox 529 4162 717 4241; x_wconf 91' lang='lat' dir='ltr'><strong>postulante</strong></span> <span class='ocrx_word' id='word_1_252' title='bbox 749 4159 913 4243; x_wconf 86' lang='lat' dir='ltr'><strong>praefecto</strong></span> <span class='ocrx_word' id='word_1_253' title='bbox 944 4159 1173 4240; x_wconf 79' lang='lat' dir='ltr'><strong>Brutamensi,</strong></span> <span class='ocrx_word' id='word_1_254' title='bbox 1209 4174 1247 4224; x_wconf 91' lang='lat' dir='ltr'><strong>ut</strong></span> <span class='ocrx_word' id='word_1_255' title='bbox 1277 4159 1319 4224; x_wconf 92' lang='lat' dir='ltr'><strong>ad</strong></span> <span class='ocrx_word' id='word_1_256' title='bbox 1350 4179 1384 4225; x_wconf 88' lang='lat' dir='ltr'><strong>sc</strong></span> <span class='ocrx_word' id='word_1_257' title='bbox 1414 4157 1567 4224; x_wconf 88' lang='lat' dir='ltr'><strong>venirent</strong></span> 
     </span>
     <span class='ocr_line' id='line_1_33' title="bbox 390 4270 1564 4362; baseline 0.001 -28"><span class='ocrx_word' id='word_1_258' title='bbox 390 4271 483 4334; x_wconf 91' lang='lat' dir='ltr'><strong>velut</strong></span> <span class='ocrx_word' id='word_1_259' title='bbox 501 4289 608 4336; x_wconf 90' lang='lat' dir='ltr'><strong>coram</strong></span> <span class='ocrx_word' id='word_1_260' title='bbox 627 4272 714 4354; x_wconf 88' lang='lat' dir='ltr'><strong>leges</strong></span> <span class='ocrx_word' id='word_1_261' title='bbox 733 4271 935 4337; x_wconf 90' lang='lat' dir='ltr'><strong>commerciis</strong></span> <span class='ocrx_word' id='word_1_262' title='bbox 956 4270 1140 4353; x_wconf 89' lang='lat' dir='ltr'><strong>accepturi,</strong></span> <span class='ocrx_word' id='word_1_263' title='bbox 1162 4289 1371 4362; x_wconf 87' lang='lat' dir='ltr'><strong>nequaquam</strong></span> <span class='ocrx_word' id='word_1_264' title='bbox 1392 4283 1564 4335; x_wconf 86' lang='lat' dir='ltr'><strong>venerunt.</strong></span> 
     </span>
     <span class='ocr_line' id='line_1_34' title="bbox 391 4378 1564 4466; baseline 0.003 -24"><span class='ocrx_word' id='word_1_265' title='bbox 391 4378 479 4446; x_wconf 90' lang='lat' dir='ltr'><strong>Hinc</strong></span> <span class='ocrx_word' id='word_1_266' title='bbox 509 4396 579 4446; x_wconf 91' lang='lat' dir='ltr'><strong>orta</strong></span> <span class='ocrx_word' id='word_1_267' title='bbox 609 4381 827 4466; x_wconf 84' lang='lat' dir='ltr'><strong>dissensione</strong></span> <span class='ocrx_word' id='word_1_268' title='bbox 841 4381 926 4447; x_wconf 91' lang='lat' dir='ltr'><strong>inter</strong></span> <span class='ocrx_word' id='word_1_269' title='bbox 957 4381 1137 4448; x_wconf 89' lang='lat' dir='ltr'><strong>Lusitanos</strong></span> <span class='ocrx_word' id='word_1_270' title='bbox 1159 4395 1192 4446; x_wconf 87' lang='lat' dir='ltr'><strong>et</strong></span> <span class='ocrx_word' id='word_1_271' title='bbox 1214 4381 1465 4462; x_wconf 87' lang='lat' dir='ltr'><strong>Bantamenses,</strong></span> <span class='ocrx_word' id='word_1_272' title='bbox 1489 4400 1564 4446; x_wconf 91' lang='lat' dir='ltr'><strong>cum</strong></span> 
     </span>
     <span class='ocr_line' id='line_1_35' title="bbox 389 4490 1565 4574; baseline -0.003 -16"><span class='ocrx_word' id='word_1_273' title='bbox 389 4490 538 4558; x_wconf 82' lang='lat' dir='ltr'><strong>Lusitani</strong></span> <span class='ocrx_word' id='word_1_274' title='bbox 562 4493 606 4557; x_wconf 93' lang='lat' dir='ltr'><strong>ob</strong></span> <span class='ocrx_word' id='word_1_275' title='bbox 629 4512 757 4559; x_wconf 90' lang='lat' dir='ltr'><strong>causam</strong></span> <span class='ocrx_word' id='word_1_276' title='bbox 781 4494 855 4559; x_wconf 91' lang='lat' dir='ltr'><strong>data</strong></span> <span class='ocrx_word' id='word_1_277' title='bbox 878 4512 973 4559; x_wconf 89' lang='lat' dir='ltr'><strong>causa</strong></span> <span class='ocrx_word' id='word_1_278' title='bbox 993 4511 1060 4558; x_wconf 92' lang='lat' dir='ltr'><strong>non</strong></span> <span class='ocrx_word' id='word_1_279' title='bbox 1083 4506 1192 4558; x_wconf 86' lang='lat' dir='ltr'><strong>secuta</strong></span> <span class='ocrx_word' id='word_1_280' title='bbox 1213 4507 1440 4574; x_wconf 90' lang='lat' dir='ltr'><strong>reposcerent,</strong></span> <span class='ocrx_word' id='word_1_281' title='bbox 1473 4491 1565 4556; x_wconf 89' lang='lat' dir='ltr'><strong>alteri</strong></span> 
     </span>
    </p>
   </div>
   <div class='ocr_carea' id='block_1_5' title="bbox 0 0 1778 5654">
    <p class='ocr_par' dir='ltr' id='par_1_6' title="bbox 0 0 1778 5654">
     <span class='ocr_line' id='line_1_36' title="bbox 0 0 1778 5654; baseline 0 0"><span class='ocrx_word' id='word_1_282' title='bbox 0 0 1778 5654; x_wconf 95' lang='lat' dir='ltr'><strong> </strong></span> 
     </span>
    </p>
   </div>
  </div>
 </body>
</html>
