3530 5656
392 680 411 722 2
708 677 755 724 DE
779 677 874 744 JURE
900 675 1085 724 PRAEDAE·
1112 675 1194 722 CAP·
1221 677 1246 722 l.

390 831 496 898 hostis
519 832 659 916 ignorat.
705 830 830 897 Contra
854 829 882 896 si
904 828 1038 896 fortuna
1058 831 1109 896 uti
1128 831 1256 913 placet,
1279 827 1370 894 dedit
1391 829 1485 896 Deus
1516 845 1565 894 te-

390 942 459 1007 lum
489 941 522 1007 in
555 941 625 1025 ipsa
665 941 792 1024 imperii
813 940 984 1024 Hispanici
1005 942 1129 1008 viscera
1150 956 1182 1007 et
1201 960 1269 1007 non
1290 941 1424 1008 aliunde
1444 941 1566 1008 certius

390 1052 547 1134 speranda
580 1052 722 1119 libertas.
765 1051 825 1119 Jtlst
857 1067 964 1119 tamen
984 1068 1017 1118 et
1040 1054 1074 1119 in
1094 1054 1157 1118 hoc
1181 1072 1306 1130 errore,
1330 1052 1422 1135 quod
1441 1053 1564 1136 patriae

390 1163 486 1228 liceat
515 1164 680 1248 gratulari.
747 1163 828 1230 Non
861 1164 1024 1232 mediocre
1055 1163 1250 1233 Batavorum
1281 1164 1486 1231 innocentiae
1516 1185 1564 1230 ar·

390 1290 581 1358 gumentqm
612 1290 683 1352 est,
714 1275 818 1350 adea
848 1275 945 1342 etiam
977 1276 1147 1358 cunctari,
1175 1295 1259 1358 quae
1289 1273 1339 1345 fas
1359 1274 1505 1360 gentium
1534 1290 1566 1340 et

387 1383 461 1470 jura
482 1387 614 1469 publica
638 1387 845 1469 permittunt.
891 1387 971 1452 Non
989 1402 1100 1470 potest
1118 1387 1152 1452 in
1175 1386 1240 1454 illis
1258 1385 1386 1471 justitia
1410 1406 1564 1469 umquam
1609 1412 1612 1421 ·

388 1497 533 1581 requiri,
565 1516 632 1564 non
663 1497 837 1564 desiderari
865 1497 970 1580 fides,
987 1497 1046 1581 qui
1073 1499 1128 1583 jus
1159 1497 1244 1565 illud
1274 1497 1402 1564 cunctis
1432 1498 1566 1582 populis

390 1609 608 1678 certissimum
636 1623 669 1674 et
689 1608 816 1692 dequo
840 1629 935 1675 nemo
954 1624 1082 1692 praeter
1104 1610 1194 1693 ipsos
1215 1609 1397 1688 dubitaret,
1418 1623 1482 1674 tarn
1500 1611 1565 1676 sol·

390 1719 474 1785 liciti
496 1733 634 1786 tractant
654 1735 688 1789 et
710 1722 804 1788 velut
824 1741 983 1806 suspenso
1005 1722 1119 1806 gradu.
1166 1721 1233 1790 Sed
1252 1719 1456 1795 verissimum
1481 1720 1565 1786 illud

390 1831 543 1897 nimirum
573 1846 622 1898 est
655 1846 795 1915 utroque
825 1834 925 1898 latere
946 1831 1086 1900 virtutes
1106 1832 1199 1899 vitiis
1219 1831 1333 1898 ambiri
1356 1839 1387 1906 ¹.
1421 1831 1482 1898 etsi
1503 1831 1563 1898 alia

391 1941 617 2025 conspectiora
638 1957 734 2023 sunt,
758 1943 821 2009 alia
836 1942 992 2010 contrarii
1016 1943 1092 2010 mali
1112 1942 1335 2034 magnitudine
1355 1941 1485 2009 facilius
1508 1942 1563 2008 de·

390 2053 556 2121 litescunt.
613 2053 668 2120 Sic
700 2033 778 2121 odio
811 2054 998 2120 iracundiae
1028 2053 1219 2138 oppositum
1240 2069 1427 2138 stuporem,
1464 2074 1562 2137 quem

275 2203 277 2210 ·
388 2169 546 2250 οὶορροροίοον
575 2166 695 2232 Graeci
729 2166 883 2232 dixerunt
910 2160 947 2249 ²,
972 2167 1061 2232 adeo
1095 2167 1330 2250 ignoramus„
1344 2181 1381 2231 ut
1409 2185 1449 2230 ne
1471 2165 1564 2230 Lati-

389 2295 468 2341 num
488 2276 621 2359 quidem
643 2297 762 2344 nomen
785 2277 957 2346 invenerit.
1014 2277 1078 2344 Est
1096 2297 1172 2344 sane
1197 2276 1328 2344 infamis
1352 2277 1451 2343 animi
1475 2297 1562 2342 mor-

389 2388 451 2452 bus
485 2389 555 2456 sine
585 2390 655 2455 ullo
676 2389 761 2474 juris
791 2403 849 2455 aut
879 2388 1010 2455 honesti
1033 2403 1182 2473 respectu
1200 2388 1339 2472 flagrans
1362 2389 1447 2456 lucri
1470 2387 1564 2472 cupi-

389 2498 451 2577 do,
484 2518 568 2581 quae
592 2504 804 2593 αἰσχροκέρδεια
820 2500 947 2566 Graece
970 2500 1102 2567 dicitur.
1149 2500 1214 2566 Sed
1232 2515 1343 2584 potest
1362 2515 1394 2565 et
1416 2500 1563 2566 altrinse-

390 2627 448 2674 cus
474 2610 633 2693 peccari,
669 2631 745 2677 cum
779 2612 874 2677 anxia
908 2612 1046 2696 quadarn
1082 2626 1114 2677 et
1144 2613 1336 2696 scrupulosa
1367 2599 1473 2676 rerum
1497 2629 1562 2675 non

388 2721 535 2804 turpium
565 2719 643 2807 fuga
674 2722 864 2789 occasiones
899 2723 1111 2814 negliguntur
1144 2723 1190 2789 rei
1220 2721 1399 2790 familiaris.
1443 2721 1562 2787 Virum

388 2832 473 2898 enim
488 2829 684 2915 *sapientem
718 2848 751 2899 et
782 2834 906 2901 bonum
931 2835 1090 2901 Socratici
1121 2835 1262 2918 probant
1291 2853 1361 2900 esse
1388 2837 1561 2921 φιλοκερδῆ,

387 2945 451 3009 hoe
484 2958 534 3010 est
563 2943 755 3009 utilitatum
786 2965 924 3010 suarum
958 2949 1091 3011 minImr
1111 2945 1352 3033 negligentem:
1377 2958 1562 3028 negantque

387 3055 578 3138 philosophi
609 3054 771 3138 justitiam
808 3075 877 3120 esse
910 3060 1064 3144 οἰκοφθόρον
1095 3076 1131 3121 ac
1164 3057 1352 3141 magunum,
1381 3057 1561 3141 pernitiem

389 3169 440 3230 rei
461 3165 658 3250 familiaris
690 3180 721 3230 et
755 3180 924 3232 auctorem
956 3167 1182 3233 mendicitatis
1196 3163 1218 3233 ⁸.
1264 3165 1326 3233 Est
1343 3165 1499 3249 quidem,
1523 3179 1562 3228 ut

386 3291 473 3342 reete
494 3275 578 3342 dlxit
600 3275 753 3344 Lucilius
778 3278 814 3360 ⁴,

533 3379 656 3453 Virtus
679 3388 888 3474 quaerendae
905 3387 1004 3471 finem
1028 3391 1079 3457 rei
1101 3391 1185 3454 seira
1208 3386 1409 3473 modumque.

432 3499 497 3565 Sed
520 3514 569 3565 est
592 3501 710 3578 etlam,
734 3515 773 3566 ut
795 3499 969 3584 sequitur,

595 3611 715 3688 Virtus
738 3611 869 3680 diuitiis
887 3614 1036 3697 pretium
1054 3610 1242 3698 persoluere
1259 3624 1361 3696 porse.

431 3720 625 3789 Cavendum
658 3722 761 3788 ethic
795 3743 836 3789 ne
868 3721 949 3805 quid
967 3722 1086 3801 nimis,
1121 3723 1184 3787 hoc
1207 3735 1319 3787 estne
1342 3719 1503 3805 fingamus
1528 3718 1562 3784 id

385 3831 543 3900 vitiosum
556 3853 644 3916 esse,
664 3835 756 3918 quod
764 3833 849 3900 vitio
866 3848 976 3916 caret,
1000 3853 1065 3900 neu
1078 3833 1154 3900 dum
1167 3833 1201 3897 in
1223 3831 1304 3897 alios
1326 3851 1394 3896 esse
1405 3833 1560 3898 nolumus

386 3943 420 4010 ln
443 3965 503 4011 nos
525 3945 632 4029 iniqui
654 3946 767 4014 simus.
813 3945 893 4013 Non
917 3945 1027 4012 minus
1049 3965 1067 4010 a
1085 3964 1187 4027 scopo
1210 3943 1336 4009 aberrat
1355 3944 1456 4008 telum
1471 3941 1562 4024 quod

385 4057 483 4142 longe
499 4060 704 4140 transvolat,
729 4077 827 4142 quam
849 4057 940 4140 quod
963 4057 1043 4123 citra
1058 4055 1267 4140 relinquitur.
1312 4053 1480 4136 Utrinque
1492 4054 1561 4118 cul-

384 4187 449 4251 pa,
472 4169 627 4252 utrinque
643 4190 731 4236 error
751 4184 817 4236 est:
841 4169 955 4236 tetrior
973 4167 1061 4236 forte
1071 4183 1169 4251 atque
1184 4164 1402 4234 intestabilior
1412 4164 1561 4244 illorum,

389 4325 586 4338 ’.ι-..φ--ισ

418 4402 427 4435 ¹
445 4403 524 4454 Arist.
541 4406 573 4453 de
590 4417 653 4453 mor.
671 4407 703 4454 ad
719 4405 822 4455 Nicom.
839 4407 857 4454 l.
876 4419 898 4454 a.
916 4419 940 4455 c.
957 4417 981 4463 7.
994 4402 1032 4468 [p.
1053 4405 1124 4453 1108.
1146 4416 1167 4452 ι.
1185 4417 1225 4452 vs.
1244 4401 1282 4467 6.]
1319 4397 1329 4432 ¹
1348 4399 1560 4450 Gell.l.1.c.26.

383 4493 463 4544 Arist.
480 4497 514 4558 de
529 4509 593 4549 mor.
610 4497 642 4545 ad
658 4495 761 4556 Nicom.
778 4499 795 4544 1.
813 4509 838 4557 4.
856 4509 880 4545 c.
898 4509 937 4545 tr.
957 4495 995 4560 [p.
1017 4495 1089 4544 112⁶.
1110 4508 1131 4543 1.
1149 4507 1188 4544 vs.
1205 4491 1241 4557 3.]
1279 4491 1437 4541 truncat.
1456 4489 1494 4554 [p.
1504 4501 1561 4551 ³³4·

385 4583 972 4653 cwmwmwwmm
