3530 5656
647 605 655 618 fl

579 641 627 692 na
650 642 744 712 June
769 637 955 692 assensn.
981 634 1060 691 c'ar'.
1085 645 1108 691 1.
1357 611 1364 620 ’
1409 642 1431 709 7

262 815 328 866 est:
360 799 445 866 dicit
465 799 549 866 enim
581 817 648 866 non
677 819 695 864 a
718 799 878 883 praetoris
901 797 1030 874 edictu,
1054 812 1091 863 ut
1111 803 1189 866 tunc
1211 798 1359 882 plerique
1381 797 1430 864 fa·
1510 849 1515 861 ,

263 912 415 994 ciebant,
438 929 547 996 neque
568 933 586 977 a
608 907 672 977 XII
694 911 837 989 tabulis,
870 925 908 977 ut
929 910 1137 994 superiores,
1160 911 1218 977 sed
1238 911 1372 995 penitus
1390 929 1430 974 ex

262 1023 376 1098 intima
402 1023 613 1106 philosophia
633 1023 842 1090 hauriendam
863 1022 946 1107 juris
967 1021 1184 1105 disciplinam.
1227 1021 1264 1087 In
1283 1023 1348 1088 hoc
1369 1019 1430 1104 igi-

262 1150 313 1200 tur
344 1135 449 1217 prima
481 1153 550 1201 esse
582 1135 679 1201 debet
703 1152 796 1200 cura:
819 1154 880 1201 nec
900 1153 1012 1216 parum
1036 1148 1143 1199 tamen
1167 1133 1206 1197 ad
1236 1131 1431 1198 confirman-

263 1246 337 1311 dam
359 1245 455 1310 fidem
488 1247 599 1329 valet,
622 1245 650 1310 si
674 1245 765 1328 quod
784 1246 849 1330 jam
870 1245 966 1310 nobis
990 1243 1128 1310 naturali
1151 1243 1277 1309 ratione
1298 1263 1430 1327 persua-

262 1377 335 1422 sum
365 1370 437 1438 est,
469 1375 560 1422 sacra
584 1355 776 1423 auctoritate
799 1355 1053 1438 comprobetur,
1077 1368 1133 1420 aut
1155 1354 1240 1420 idem
1260 1354 1430 1420 videamus

263 1467 464 1553 sapientibus
499 1468 663 1551 quondam
696 1468 777 1534 viris
811 1483 843 1532 et
873 1464 1104 1534 laudatissimis
1140 1466 1327 1533 nationibus
1363 1469 1432 1550 pla·

264 1580 381 1646 cuisse.
428 1579 524 1644 Ordo
552 1593 661 1645 autern
694 1577 845 1644 instituto
877 1577 931 1642 hic
956 1577 1132 1659 convenit,
1165 1591 1203 1643 ut
1224 1577 1319 1642 initio
1351 1579 1433 1660 quid
1445 1548 1518 1629 ⁰1⁸3·

263 1691 442 1757 universim
475 1705 572 1772 atque
595 1690 630 1755 in
651 1707 765 1774 genere
786 1708 899 1755 verum
921 1689 966 1754 sit
986 1687 1179 1770 videamus,
1204 1688 1304 1771 idque
1324 1689 1431 1772 ipsum

264 1803 491 1869 contrahamus
511 1799 666 1884 paulatim
692 1801 732 1866 ad
751 1801 950 1883 propositam
971 1797 1048 1864 iacti
1067 1799 1220 1882 speciem.
1245 1799 1310 1866 Sed
1320 1820 1432 1883 quem·

263 1913 436 1979 admodum
488 1911 732 1993 mathematici,
774 1911 963 1995 priusquam
1004 1912 1091 1993 ipsas
1142 1911 1434 1978 demonstrationes

264 2025 514 2109 aggrediantur,
537 2038 727 2089 communes
748 2023 901 2104 quasdam
923 2024 1031 2088 solent
1054 2022 1229 2103 notiones,
1249 2022 1289 2088 de
1312 2023 1433 2105 quibus

266 2136 350 2200 inter
391 2153 504 2200 omnes
537 2131 633 2200 facile
663 2147 791 2200 constat
823 2134 1063 2216 praescribere,
1096 2147 1135 2198 ut
1169 2133 1272 2198 fixum
1309 2132 1434 2215 aliquid

264 2246 330 2328 sit,
366 2242 399 2312 in
429 2266 497 2329 quo
519 2259 606 2312 retro
625 2244 753 2311 desinat
782 2245 988 2327 sequentium
1019 2244 1196 2328 probatio,
1219 2243 1264 2309 ita
1285 2265 1346 2311 nos
1366 2266 1434 2329 quo

264 2356 510 2424 fimdamentum
544 2358 687 2441 positum
724 2357 922 2438 habeamus,
965 2355 1019 2421 cui
1059 2369 1133 2420 tuto
1170 2367 1435 2438 superstruantur

265 2484 416 2548 caetera,
437 2470 565 2554 regulas
587 2469 741 2551 quasdam
764 2482 796 2532 et
817 2470 904 2552 leges
927 2466 1065 2532 maxime
1085 2468 1249 2550 generales
1276 2465 1434 2533 indicabi-

265 2599 364 2652 mus,
398 2582 491 2646 velut
524 2578 796 2661 anticipationes,
833 2593 913 2659 quas
946 2595 1012 2651 non
1045 2589 1110 2642 tam
1139 2577 1260 2642 discere
1291 2578 1434 2661 aliquis,

266 2709 362 2772 quam
374 2689 538 2755 reminisci
551 2690 674 2754 debeat.
720 2689 802 2754 Eam
826 2688 870 2753 ad
884 2707 951 2753 rem
962 2686 1118 2755 novitatis
1129 2688 1209 2754 mihi
1220 2738 1228 2767 ,
1240 2686 1326 2754 forte
1339 2689 1434 2756 etiam
1531 2665 1533 2673 ’

265 2799 461 2885 prolixitatis
482 2800 578 2866 venia
590 2799 711 2866 oranda
722 2813 780 2864 est.
823 2799 1000 2864 {rectorum
1012 2798 1122 2880 itaque
1133 2798 1320 2882 patientiam
1333 2819 1434 2883 rog0,

266 2927 304 2977 ut
335 2912 425 2994 quod
448 2931 482 2977 re
505 2911 574 2995 ipsa
595 2911 879 2994 comprobabitur,
903 2909 938 2974 id
956 2925 1043 2976 nunc
1072 2909 1151 2974 mihi
1175 2909 1208 2974 in
1235 2921 1434 2976 antecessum

267 3023 423 3104 credant,
458 3023 486 3088 si
519 3023 609 3105 quod
642 3021 784 3088 taedium
808 3021 987 3087 creaverint
1018 3019 1198 3104 principia,
1222 3037 1261 3087 ut
1288 3022 1435 3105 plerique

266 3135 500 3201 existimabunt
520 3135 599 3200 satis
620 3133 772 3218 cognita,
796 3147 834 3209 ut
865 3151 975 3199 omnes
999 3133 1095 3198 altius
1118 3133 1278 3217 repetita,
1301 3134 1366 3198 hoc
1387 3132 1436 3216 ip

265 3265 336 3312 sum
359 3246 572 3312 defluentium
593 3245 668 3310 inde
690 3257 953 3329 argumentorum
976 3244 1171 3310 certitudine
1191 3259 1435 3327 compensatum

266 3359 315 3424 iri.
362 3357 470 3423 Etiam
500 3356 586 3422 illud
607 3355 696 3421 haud
718 3354 801 3422 falso
821 3356 936 3438 utique
959 3355 1205 3435 affirmaverim,
1228 3356 1435 3437 quaestiones

264 3468 501 3555 Jurisbellici,
526 3487 610 3549 quae
632 3467 928 3550 perturbatissimae
948 3467 1106 3532 hactenus
1132 3467 1286 3546 fuerunt,
1310 3467 1435 3534 etiamsi

267 3580 321 3645 hic
341 3600 454 3646 omnes
485 3597 654 3661 expressae
684 3592 889 3660 nonerunt,
919 3591 958 3642 ex
981 3574 1093 3644 iisdem
1125 3594 1232 3645 tamen
1265 3579 1435 3663 principiis

267 3687 300 3758 'et
325 3692 433 3757 eadem
455 3690 595 3757 docendi
618 3689 742 3754 ratione
766 3689 912 3771 expediri
941 3707 1038 3772 posse
1066 3704 1164 3772 atque
1195 3689 1333 3757 definiri.
1380 3689 1436 3755 Se-

267 3817 419 3888 quuntur
440 3800 629 3887 dogmatica
649 3800 688 3866 de
702 3801 787 3884 jure
803 3800 963 3886 praedae.

712 3982 916 4047 CAPUT
949 3982 990 4047 ΙΙ.

289 4159 594 4233 Phocaeorum,
619 4173 658 4219 ru
683 4173 814 4226 aursus
838 4154 1025 4220 Rnuucnrr
1050 4175 1088 4219 rx
1107 4173 1155 4221 nr
1180 4155 1307 4222 Leues
1331 4175 1412 4222 xru.

311 4415 409 4481 Unde
442 4413 536 4479 nobis
556 4411 774 4497 principium,
798 4413 861 4479 nisi
884 4411 1014 4496 abipso
1034 4412 1224 4497 principio?
1247 4415 1353 4480 Prima
1376 4415 1437 4499 igi·

269 4540 323 4592 tur
344 4541 413 4592 esto
436 4527 570 4608 regula,
594 4544 694 4607 supra
713 4544 809 4606 quarn
832 4524 932 4589 nihil:
958 4520 1053 4606 Quod
1070 4524 1162 4590 Deus
1182 4526 1315 4593 seualle
1334 4531 1437 4613 sigul-
1454 4545 1551 4605 nogara
1560 4544 1581 4589 1.
