3536 5692
367 666 429 745 316
656 683 703 729 ue
727 681 820 747 June
846 679 1031 725 russone.
1058 678 1240 727 cnr.x1v.

365 839 483 902 horum
515 835 715 917 subtilitati,
748 851 974 920 praeterquam
1010 836 1102 917 quod
1133 837 1258 904 ratione
1280 839 1372 903 nulla
1393 835 1539 916 nititur,

221 965 276 1030 cap,
290 968 317 1008 ι.
328 964 353 1009 n
365 949 409 1015 ita
430 950 692 1016 commodissime
715 949 843 1014 occurri
861 962 993 1032 potest,
1018 949 1046 1014 si
1075 949 1244 1031 dicamus,
1270 949 1362 1032 quod
1384 948 1461 1014 alibi
1484 949 1541 1013 de-

220 1029 292 1119 iiiii?
307 1021 352 1119 1511:
366 1076 580 1127 monstratum
603 1077 674 1143 est,
698 1061 804 1143 primo
828 1081 865 1126 ac
885 1081 942 1143 per
965 1081 1023 1140 se,
1048 1081 1088 1127 ex
1108 1063 1195 1127 bello
1208 1061 1539 1143 quodmandatopu·

366 1173 453 1238 blico
473 1173 910 1256 administratur,-praedam
934 1174 974 1238 ad
997 1164 1229 1256 rempublicam
1248 1174 1426 1256 pertinere:
1451 1172 1541 1239 sicut

366 1300 472 1351 autem
506 1286 589 1351 hanc
620 1285 722 1367 ipsam
747 1305 764 1350 a
787 1285 956 1367 republica
979 1304 1107 1366 emere,
1132 1285 1175 1350 ita
1197 1286 1285 1350 dono
1309 1284 1454 1367 accipere
1475 1285 1539 1349 ho-

365 1412 494 1462 nestum
516 1411 574 1462 est.
608 1397 653 1461 Et
672 1377 762 1479 ‘apud
786 1397 967 1462 Homerum
988 1399 1049 1463 hac
1070 1397 1110 1462 de
1131 1417 1247 1478 causa,
1262 1396 1353 1478 quod
1369 1396 1408 1460 de
1420 1395 1537 1478 praeda

365 1509 497 1593 publica
520 1508 659 1593 singulis
671 1508 805 1574 virtutis
819 1527 896 1593 ergo
909 1508 1103 1598 attributum
1124 1523 1191 1586 est,
1205 1508 1303 1574 modo
1316 1514 1415 1584 κῦδος,
1439 1507 1539 1572 modo

365 1625 453 1704 γέρας
486 1620 728 1686 honestissimis
760 1621 932 1686 vocabulis
967 1620 1100 1687 dicitur.
1158 1621 1268 1707 Quare
1298 1640 1372 1685 cum
1395 1619 1538 1685 Ordines

366 1732 602 1799 mercatoribus
627 1732 777 1815 praedam
808 1732 1017 1798 concedendo
1041 1733 1151 1798 testati
1173 1732 1238 1798 sint
1260 1753 1294 1798 se
1317 1732 1362 1796 ita
1383 1750 1538 1811 censere,

367 1843 513 1927 ipsorum
547 1863 623 1909 cura
658 1858 756 1924 atque
791 1843 947 1926 impensis
982 1845 1141 1930 egregiam
1174 1864 1303 1927 operam
1337 1842 1538 1926 reipublicae

367 1970 515 2022 navatam
546 1973 635 2034 esse,
660 1955 736 2020 dum
762 1955 850 2021 hosti
874 1957 1038 2022 communi
1058 1955 1145 2024 vires
1167 1956 1377 2037 adimuntur,
1402 1975 1538 2036 eamque

367 2068 409 2131 ob
433 2087 499 2132 rem
523 2067 607 2133 velle
630 2086 664 2132 se
686 2066 896 2150 gratitudinis
919 2088 1014 2134 causa
1045 2068 1135 2150 ipsos
1159 2069 1268 2133 eadem
1292 2068 1409 2151 praeda
1432 2087 1538 2132 remu-

365 2179 490 2260 nerari,
521 2198 630 2245 nonne
654 2179 819 2261 quidquid
839 2179 915 2244 inde
938 2180 1144 2262 pervenerit,
1168 2181 1231 2245 hoc
1253 2180 1431 2262 praemium
1455 2167 1539 2244 bene'

366 2291 473 2357 meriti
493 2290 526 2356 in
554 2291 689 2374 patriam
713 2291 963 2358 existimandum
989 2307 1060 2373 est,
1086 2311 1153 2374 quo
1173 2291 1254 2374 quid
1276 2292 1406 2357 tandem
1429 2305 1539 2374 potest

367 2423 435 2470 esse
459 2403 683 2486 praeclarius?
708 2401 875 2468 Praeterea
904 2423 982 2469 vero
1005 2424 1088 2486 quac
1130 2403 1254 2470 invidia
1278 2418 1327 2469 est
1348 2418 1472 2469 tantum
1497 2423 1538 2467 cx

365 2515 519 2580 hostibus
549 2515 732 2596 consequi,
767 2535 834 2596 quo
867 2515 982 2579 damna
1014 2530 1046 2580 et
1066 2515 1230 2598 impensae
1263 2515 1302 2580 ad
1332 2513 1538 2582 instruendas

365 2626 600 2708 armandasque
628 2645 726 2693 naves
755 2625 861 2692 factae
885 2641 918 2692 et
939 2646 1037 2709 porro
1058 2625 1224 2692 faciendae
1246 2627 1285 2692 ab
1307 2625 1421 2692 iisdem
1441 2646 1537 2690 rccu-

365 2753 541 2821 petentur,
565 2738 636 2803 sinc
660 2738 783 2820 quibus
805 2754 889 2805 esset
911 2753 948 2804 ut
977 2759 1029 2804 eas
1051 2739 1212 2822 impensas
1233 2732 1340 2804 facere
1362 2757 1457 2803 nemo
1480 2757 1537 2802 co-

366 2849 522 2934 geretur?
548 2849 634 2914 Nam
658 2849 685 2915 si
710 2850 784 2932 quis
808 2850 853 2915 rei
876 2865 1023 2916 naturam
1046 2850 1217 2935 diligenter
1236 2850 1440 2932 consideret,
1454 2849 1537 2914 nihil

364 2961 428 3025 hoc
459 2961 589 3027 differre
622 2961 768 3028 inveniet
798 2963 837 3026 ab
870 2963 945 3059 his,
971 2983 1054 3044 quae
1075 2983 1218 3045 petrem
1240 2962 1418 3046 judicatam
1439 2961 1536 3027 nobis

365 3073 587 3156 adjiciuntur,
620 3073 653 3138 in
682 3094 779 3155 quam
810 3073 949 3140 veniunt
982 3089 1013 3138 et
1045 3073 1159 3139 damna
1187 3089 1219 3139 et
1243 3073 1430 3157 impensae,
1453 3092 1536 3154 quae

364 3204 430 3251 non
454 3205 526 3249 raro
552 3185 754 3251 exsecutoris
784 3204 882 3249 manu
916 3184 1010 3250 etiam
1036 3200 1155 3250 armata
1187 3185 1414 3268 consequenda
1445 3198 1534 3250 sunt.

364 3296 451 3360 Illud
484 3295 585 3380 igitur
616 3298 831 3362 constitutum
867 3297 933 3379 sit,
956 3297 1043 3362 sicut
1063 3297 1239 3380 acquisitio
1269 3298 1357 3382 justa
1380 3295 1466 3378 fuit,
1491 3296 1537 3361 ita

365 3406 448 3471 nihil
470 3427 539 3473 esse
558 3428 616 3473 cur
638 3409 803 3491 possessio
827 3409 936 3474 minus
955 3410 1093 3475 honesta
1115 3409 1291 3494 judicetur.

855 3601 1051 3612 ..n-—

764 3729 1009 3794 CAPUT
1056 3730 1132 3795 XV.

369 3889 465 3955 Paris
496 3890 523 3955 Ι.
551 3889 709 3955 ΗΤΙιΕΜ
729 3909 814 3955 essu
838 3909 1010 3954 annuunt,
1034 3910 1535 3977 ouuscArruuAM,1uQun

546 4021 792 4067 rusruuuruu
817 4021 1077 4069 PROBLEMATA.

546 4139 571 4202 l.
619 4136 732 4202 Omns
753 4158 900 4223 Jusruru
926 4158 1051 4204 urus.

542 4273 586 4339 II.
620 4273 733 4339 Omne
758 4294 959 4342 Honestum
982 4295 1110 4343 urus.

550 4410 607 4474 ΙΙΙ.
626 4411 751 4476 Uriae
778 4432 986 4480 uusucrpurr
1012 4435 1107 4498 Quou
1129 4435 1265 4482 statur
1290 4433 1540 4482 uernuuurcsu

618 4541 824 4590 convotur.
