3530 5656
569 676 617 722 DE
638 675 731 742 JURE
757 674 940 722 PRAEDAE.
964 675 1045 723 CAP·
1069 675 1108 722 11.
1386 674 1427 738 25

299 833 409 899 Habet
430 845 537 898 autem
559 831 640 896 haec
663 831 716 896 lex
738 828 772 895 in
795 829 865 913 ipsa
888 827 984 895 etiam
1007 828 1174 913 republica
1196 830 1320 912 locum,
1344 851 1429 913 quae

254 946 282 1013 si
305 944 388 1029 quid
409 963 483 1010 cum
507 940 646 1026 singulis
668 941 837 1007 contendit
859 942 922 1007 hoc
945 940 1051 1023 ipsum
1072 939 1190 1025 judicii
1213 961 1302 1006 more
1324 939 1428 1008 facere

253 1058 352 1124 debet
376 1062 399 1120 ¹.
447 1053 513 1120 Sed
544 1053 622 1136 quia
653 1073 750 1137 supra
781 1052 1016 1136 rempublicam
1039 1052 1123 1119 nihil
1147 1067 1212 1132 est,
1236 1053 1318 1136 ipsa¹
1326 1052 1429 1138 judex

254 1165 437 1234 necessario
469 1179 519 1230 est
542 1164 637 1232 etiam
659 1164 694 1229 in
716 1184 776 1231 sua
793 1184 900 1232 causa.
944 1163 1030 1230 Vere
1050 1163 1161 1247 itaque
1182 1141 1353 1230 Tacitus¹
1375 1168 1427 1230 ita

254 1279 338 1345 dixit
359 1278 478 1346 diuina
498 1276 671 1346 uoluntate
688 1279 879 1363 prouisum,
903 1297 943 1340 ne
956 1275 1074 1362 populi
1097 1275 1181 1341 alios
1183 1273 1315 1361 judices
1327 1297 1427 1362 quam

254 1413 286 1456 se
306 1394 389 1477 ipsos
407 1401 621 1475 paterentur.
668 1389 721 1454 Ex
750 1388 802 1456 his
832 1409 915 1471 quae
935 1406 1033 1471 supra
1053 1386 1195 1454 diximus
1214 1402 1347 1470 apparet
1368 1409 1427 1471 po-

255 1516 403 1570 testatem
433 1500 584 1583 civilem‚
618 1520 702 1583 quae
732 1499 766 1566 in
798 1499 926 1585 legibus
945 1498 1148 1585 judiciisque
1171 1499 1182 1534 ⁸
1205 1498 1426 1582 conspicitur,

256 1613 361 1697 primo
393 1633 430 1679 ac
460 1631 574 1697 perse
597 1630 697 1695 penes
719 1611 820 1695 ipsam
841 1631 910 1678 esse
921 1609 1179 1702 ¹rempublicam:
1204 1624 1242 1675 ut
1264 1610 1349 1676 enim
1369 1631 1427 1706 na·

257 1725 403 1792 nataliter
423 1724 561 1810 singulis
581 1723 615 1788 in
636 1744 670 1791 se
694 1743 730 1790 ac
754 1743 812 1792 sua
831 1736 975 1807 potestas
987 1738 1053 1806 est,
1078 1723 1124 1789 ita
1142 1721 1176 1790 in
1188 1742 1299 1789 omnes
1311 1742 1429 1806 resque

256 1837 403 1904 omnium
430 1835 493 1904 nisi
523 1835 669 1902 omnium
701 1851 845 1920 potestas
876 1855 945 1902 esse
973 1855 1039 1902 non
1059 1849 1181 1919 potest.
1229 1835 1295 1902 Sed
1315 1855 1429 1903 rursus

257 1949 344 2016 sieut
366 1948 401 2013 in
424 1969 458 2013 re
481 1948 608 2032 privata
627 1967 694 2014 non
718 1969 758 2014 ex
777 1947 899 2014 nostris
910 1961 1035 2013 tantum
1048 1946 1233 2014 actionibus
1245 1946 1429 2031 obligamur

259 2076 315 2127 aut
337 2061 544 2126 commodum
565 2055 730 2143 capimus,
754 2059 812 2126 sed
833 2079 891 2142 per
911 2058 1041 2124 illorum
1061 2058 1157 2124 etiam
1170 2078 1320 2142 operam,
1345 2079 1430 2142 quos

258 2175 356 2240 rebus
387 2172 508 2238 nostris
538 2170 774 2256 praefecimus,
808 2171 886 2254 quia
905 2170 1038 2254 perinde
1058 2185 1106 2237 est
1127 2171 1218 2253 quod
1241 2169 1363 2254 cuique
1383 2169 1429 2235 m-

259 2305 330 2350 cere
350 2284 430 2351 licet
452 2284 488 2351 id
509 2305 567 2368 per
588 2304 623 2350 se
646 2281 747 2350 faciat
767 2303 808 2349 an
829 2303 886 2366 per
907 2281 1007 2348 alium
1029 2281 1058 2362 ⁴,
1082 2282 1128 2347 ita
1150 2282 1229 2364 quia
1241 2300 1307 2347 non
1319 2281 1429 2349 cuivis

260 2395 299 2462 de
329 2397 453 2479 populo
476 2396 613 2463 vacabat
634 2394 905 2462 administrationi
926 2415 1033 2461 rerum
1056 2393 1203 2460 civilium
1222 2409 1350 2478 tempus
1369 2394 1429 2458 im-

259 2507 417 2591 pendere,
450 2507 607 2589 quaedam
629 2508 726 2574 etiam
749 2507 964 2573 occurrebant
987 2526 1071 2589 quae
1091 2506 1207 2573 melius
1229 2527 1287 2590 per
1309 2527 1431 2589 paucos

260 2633 449 2704 agerentur,
473 2619 596 2699 evenit,
621 2620 711 2702 quod
737 2634 771 2684 et
792 2639 879 2686 nunc
898 2619 931 2684 in
953 2618 1099 2704 collegiis
1123 2618 1304 2704 majoribus
1327 2619 1430 2696 solet,

260 2746 297 2796 ut
316 2730 455 2798 societas
478 2751 538 2815 pro
556 2733 629 2817 jure
645 2730 836 2816 potestatis,
862 2751 958 2813 quam
982 2731 1015 2797 in
1037 2730 1185 2816 singulos
1208 2730 1324 2813 habet,
1348 2748 1430 2795 non-

260 2841 360 2908 nullis
382 2862 478 2908 esuo
509 2862 644 2909 numero
679 2841 778 2908 istum
812 2843 956 2908 laborem
988 2857 1153 2926 partemve
1187 2843 1257 2927 ejus
1289 2841 1429 2925 aliquam

260 2954 434 3021 mandaret.
484 2954 554 3042 Qui
586 2957 649 3022 tale
683 2954 869 3020 mandatum
904 2954 1071 3037 accipiunt
1103 2953 1233 3020 Graeco
1266 2955 1430 3019 vocabulo

260 3067 410 3150 ἄρχοντες,
445 3066 567 3132 Latino
601 3070 823 3153 magistratus
858 3080 1027 3132 vocantur.
1082 3065 1202 3133 Notati
1234 3065 1287 3132 hic
1322 3081 1431 3150 potest
1444 3099 1575 3160 M,g,·,„,„

260 3192 486 3244 contractuum
519 3178 600 3245 alios
631 3197 739 3261 parem
772 3177 927 3260 utrinque
951 3178 1124 3244 utilitatem
1148 3177 1326 3262 respicere,
1351 3178 1431 3245 alios
1444 3163 1489 3199 ''¹''

261 3288 362 3372 partis
391 3289 490 3357 unius
522 3290 624 3374 gratia
653 3304 876 3372 comparatos,
910 3305 948 3355 ut
967 3289 1093 3356 scilicet
1116 3290 1207 3372 quod
1227 3290 1319 3356 alteri
1341 3290 1432 3356 deest

261 3401 440 3467 voluntatis
461 3404 693 3485 supplemento
717 3401 885 3485 sarciatur,
910 3401 987 3484 quia
1010 3401 1043 3466 in
1067 3404 1177 3467 locum
1200 3402 1364 3484 impensae
1384 3402 1431 3468 rei

262 3493 318 3576 aut
350 3530 467 3594 operae
501 3514 570 3579 sola
601 3513 703 3598 gratia
722 3527 875 3579 contenta
907 3528 965 3579 est.
1010 3515 1060 3580 Ita
1091 3513 1214 3580 distant
1245 3514 1366 3580 locatio
1400 3530 1433 3579 et

262 3623 494 3700 commodatio,
529 3625 724 3708 permutatio
756 3641 788 3691 et
820 3625 974 3708 donatio,
1007 3625 1146 3692 societas
1169 3640 1202 3691 et
1222 3627 1431 3692 mandatum:

262 3755 345 3816 quae
379 3751 543 3819 postrema
572 3736 625 3801 hic
655 3736 785 3804 diverso
814 3752 965 3820 respectu
997 3752 1206 3804 concurrunt.
1249 3737 1335 3804 Nam
1365 3758 1428 3804 ma·

264 3847 440 3933 gistratus‚
461 3864 626 3932 quatenus
656 3864 689 3916 et
720 3849 782 3933 ipsi
816 3851 907 3918 cives
941 3865 1035 3931 sunt,
1069 3849 1211 3916 fructum
1232 3870 1308 3916 suae
1331 3850 1432 3916 admi·

261 3958 482 4042 nistrationis,
505 3962 568 4026 hoc
582 3977 632 4028 est
642 3962 764 4028 bonum
777 3961 947 4043 publicum
959 3981 1019 4044 pro
1032 3981 1091 4026 sua
1101 3976 1192 4044 parte
1204 3960 1409 4045 percipiunt⁶
1423 3985 1430 4025 ε

295 4241 303 4274 ¹
322 4245 353 4291 V.
370 4244 485 4292 Panorm.
511 4243 538 4292 in
555 4258 578 4294 c.
595 4244 617 4295 si
634 4245 690 4307 quis
709 4257 805 4295 contra.
824 4248 855 4295 de
872 4246 931 4294 foro
950 4259 1033 4307 comp.
1053 4245 1192 4308 [Decretal.
1211 4260 1233 4294 2.
1252 4260 1275 4294 a.
1292 4246 1330 4309 4.]
1349 4260 1374 4295 n.
1393 4260 1433 4296 21.

262 4334 349 4382 Innoc.
375 4335 402 4383 in
428 4349 451 4383 c.
469 4349 502 4384 ex
518 4347 597 4397 parte.
615 4339 647 4386 de
665 4339 738 4404 verb.
756 4338 818 4399 sign.
839 4340 953 4401 [Decret.
970 4337 997 4386 in
1014 4349 1096 4387 sexto.
1115 4349 1137 4394 s.
1158 4339 1208 4401 aa]
1244 4335 1339 4388 ’Ann
1356 4341 1373 4387 l.
1394 4352 1432 4398 13.

263 4424 299 4486 [c.
318 4425 369 4487 56.]
405 4424 520 4476 ³Franc.
538 4427 621 4490 Vict.,
645 4430 676 4478 de
693 4442 748 4491 pot.
766 4429 817 4478 civ.
835 4444 859 4479 n.
878 4442 901 4487 7.
920 4432 1025 4479 covarr.
1042 4443 1122 4491 praet.
1140 4442 1235 4490 quaest.
1254 4443 1277 4479 c.
1298 4444 1318 4480 1.
1339 4431 1376 4495 [n.
1395 4429 1430 4493 a]

261 4512 306 4563 ⁴1.
326 4529 384 4565 cum
405 4528 485 4577 pater.
509 4522 530 4576 5.
557 4519 718 4571 dulcissimis.
743 4520 769 4569 ff.
787 4523 819 4570 de
848 4523 896 4582 leg.
921 4535 944 4570 2.
963 4522 1033 4584 [Dig.
1058 4535 1097 4580 ³1·
1117 4536 1138 4570 r.
1157 4533 1197 4580 77.
1215 4526 1227 4580 5
1247 4522 1300 4585 ao]
1335 4521 1432 4570 ⁵Plato

263 4607 294 4655 de
312 4620 366 4668 rep.
383 4610 400 4656 l.
419 4621 443 4666 s.
462 4608 501 4671 [p.
517 4622 576 4671 412.
593 4610 630 4672 d]
649 4611 728 4660 Arist.
745 4613 777 4661 de
794 4625 847 4674 rep.
864 4614 882 4661 l.
900 4627 924 4661 α.
941 4627 964 4662 c·
982 4625 1005 4670 s·
1024 4612 1063 4675 [Ρ.
1083 4614 1154 4662 1262.
1172 4613 1208 4676 m]
