3530 5656
788 629 971 670 PRAEFATIO·
1420 629 1465 669 VII

293 811 417 873 quenter
438 802 611 874 inspexisse,
632 799 712 875 quod
739 802 845 875 vigInti
864 803 946 858 annis
967 812 1034 858 ante
1054 800 1223 860 absolvisset
1244 813 1274 860 et
1294 802 1357 858 aliis
1379 800 1465 859 rebus

293 915 388 963 motus
410 906 536 962 scribere
556 921 702 979 aggressus
724 916 807 963 esset.
838 905 914 962 Nam
937 905 1183 962 Commentarium
1205 904 1241 962 de
1258 905 1323 978 jure
1344 901 1465 978 praedae

293 1007 440 1080 confecit,
467 1020 500 1066 ut
528 1009 683 1066 Lusitanos
712 1009 817 1081 lnjuria
839 1009 963 1065 Batavos
985 1009 1020 1065 ab
1042 1007 1149 1066 Indicis
1170 1008 1349 1064 commerciis
1367 1005 1465 1079 prohi-

292 1110 376 1178 bere,
399 1113 522 1168 Batavos
541 1123 643 1170 contra
666 1123 695 1169 et
719 1113 890 1169 Societatem
913 1111 1042 1169 Indicam
1063 1111 1210 1170 Lusitanis
1231 1111 1335 1168 merito
1356 1109 1463 1166 bellum

292 1215 399 1272 inferre
427 1227 457 1272 et
486 1213 604 1288 praedas
631 1215 667 1272 ab
691 1216 725 1272 iis
751 1231 834 1288 agere
861 1213 1081 1273 demonstraret.
1127 1215 1258 1272 Multum
1283 1215 1360 1271 enlm
1387 1211 1464 1286 apud

293 1329 434 1375 nostrates
460 1317 495 1375 de
522 1319 585 1391 jure
614 1316 734 1391 praedae
764 1317 984 1391 disputabatur,
1012 1319 1179 1392 praesertim
1200 1334 1237 1374 ex
1253 1333 1314 1389 quo
1335 1328 1464 1389 tempore

291 1421 453 1494 praefectus
474 1421 533 1494 Jac.
549 1421 773 1479 Hemskerclrius
792 1424 960 1494 opulentam
982 1421 1191 1479 Lusitanorum
1213 1437 1313 1478 navem
1336 1421 1365 1476 in
1386 1419 1463 1477 freto

291 1524 467 1582 Malaccensi
489 1537 605 1598 ceperat
626 1535 655 1583 et
676 1523 792 1582 domum
814 1523 983 1583 abduxerat.
1019 1525 1142 1583 GrotIus
1165 1525 1224 1597 Ipse
1246 1525 1275 1580 ln
1299 1522 1462 1581 Annalibus

291 1638 320 1684 et
343 1628 481 1685 Historiis
502 1644 562 1685 eam
584 1643 643 1686 rem
664 1628 748 1685 nobis
767 1627 810 1685 his
831 1628 927 1686 verbis
950 1630 1090 1702 proponit
1106 1625 1144 1705 (l.
1158 1644 1184 1686 1.
1204 1646 1236 1701 p.
1255 1624 1343 1704 429.)

327 1831 419 1897 Jorae
447 1853 557 1908 quoque
585 1853 640 1893 rex
669 1832 732 1914 (est
752 1835 785 1894 id
802 1854 922 1910 regnum
943 1841 974 1894 in
994 1835 1177 1894 Malaccensi
1195 1833 1330 1914 regione)
1351 1847 1462 1893 ueteres

290 1941 321 1996 in
343 1937 499 1996 Lusitanos
520 1938 641 2015 offensas
655 1953 789 2014 promere
809 1958 914 2011 ausus,
942 1939 1011 2002 Jac.
1032 1940 1283 2009 Hemskerckium,
1304 1939 1377 1998 duas
1398 1951 1461 1997 tum

291 2060 377 2099 nares
405 2043 554 2100 ducentem
583 2042 791 2114 Hollandr'cas,
813 2049 952 2102 incitavit
972 2045 1014 2101 ad
1032 2062 1186 2102 caraccam
1207 2049 1360 2102 immensae
1381 2061 1461 2116 mag·

290 2147 430 2204 mitudinis
459 2152 489 2205 in
516 2144 616 2220 freto,
645 2147 721 2220 quod
746 2145 916 2205 Malaccam
944 2152 1040 2218 inter,
1072 2147 1280 2206 Lusitanorum
1305 2149 1460 2215 coloniam,

289 2261 319 2306 et
341 2251 513 2308 Sumatram
524 2251 696 2320 intercedit,
714 2251 944 2326 opprimendam3
965 2264 1069 2309 auctor
1079 2252 1152 2309 idem
1163 2256 1300 2323 testisque
1310 2254 1460 2308 victoriae.

288 2353 403 2410 Bataui
426 2354 557 2428 praedo,
587 2366 704 2426 quanta
736 2373 789 2410 non
820 2357 898 2412 alias
924 2368 1036 2430 parta,
1069 2361 1213 2425 contenti,
1233 2360 1314 2412 ritae
1336 2351 1459 2411 bostium

288 2453 480 2533 (septingenti
497 2454 594 2530 ferme
615 2469 704 2514 erant
725 2461 812 2516 omnis
833 2476 916 2515 sexus
926 2471 1016 2530 atque
1026 2438 1157 2536 aetatis)
1164 2472 1338 2533 pepercere,
1358 2475 1459 2530 quam·

288 2577 376 2632 quam
396 2564 527 2617 recentia
549 2562 643 2618 multa
662 2563 823 2618 exstabant
845 2560 1035 2620 Lusitanicae
1055 2563 1240 2620 crudelitatis
1262 2563 1402 2636 exempla.
1418 2593 1460 2603 -

287 2663 403 2720 Portae
424 2681 461 2718 ex
482 2660 609 2720 hostibus
623 2665 748 2737 publicis
769 2677 830 2738 opes
851 2682 987 2738 magnum
1008 2665 1159 2723 Lusitanis
1180 2677 1210 2722 et
1229 2669 1295 2738 regi
1307 2666 1458 2733 damnum,

287 2766 412 2823 Batauis
441 2777 471 2823 et
496 2769 642 2840 priuatIm
663 2778 693 2823 et
713 2769 744 2823 in
765 2784 908 2824 commune
929 2786 991 2824 cum
1012 2768 1100 2825 laude
1119 2767 1261 2825 commoda
1279 2766 1459 2843 afferebant.

287 2869 413 2944 Reperti
431 2881 530 2926 tomen
551 2873 582 2925 in
607 2881 694 2942 gente
716 2888 770 2926 non
791 2874 883 2927 minus
903 2872 1028 2945 simplice
1049 2889 1136 2942 quam
1156 2883 1293 2943 quaestus
1314 2870 1459 2940 studiosa,

286 2977 338 3046 qui
362 2985 482 3047 partem
512 2974 691 3044 abnuerint,
729 2976 823 3030 veluti
858 2979 951 3031 minus
978 2973 1093 3031 deceret
1124 2986 1297 3031 mercatores
1328 2975 1459 3035 militaro

285 3079 398 3135 lucrum
419 3089 466 3146 et,
487 3088 521 3133 ut
539 3073 637 3149 ferme
656 3077 782 3146 accidit,
803 3079 901 3134 multis
921 3079 1137 3135 immerentibus
1157 3090 1287 3153 raptum.
1315 3077 1457 3135 Monebat

286 3192 316 3238 et
335 3192 418 3238 uetus
438 3198 501 3236 cum
523 3179 674 3238 Lusitanis
695 3185 846 3250 amicitia,
868 3186 985 3256 coepisse
1005 3182 1119 3239 credita
1140 3194 1247 3254 quarto
1268 3193 1339 3241 ante
1353 3183 1455 3256 seculo,

286 3302 348 3342 cum
374 3282 565 3358 Ulyssrponem
584 3284 693 3357 Belgae
713 3298 933 3360 expugnavere,
954 3298 1008 3345 etc.
1364 3267 1367 3272 ¹

326 3492 464 3550 Fruinius
493 3509 553 3565 quo
579 3493 667 3566 magis
693 3509 768 3562 rem,
797 3511 871 3568 quae
901 3494 988 3554 bodIe
1010 3496 1039 3553 in
1061 3495 1240 3553 oblivionem
1261 3495 1352 3564 abiit,
1372 3494 1456 3553 nobis

285 3607 462 3669 exponeret,
483 3597 559 3654 Acta
574 3597 726 3654 Societatis
747 3596 863 3655 Indicae
878 3610 907 3657 et
919 3598 1064 3658 Ordinum
1076 3599 1300 3658 Foederatorum
1312 3599 1457 3672 inspexit,

285 3700 411 3773 indeque
432 3703 523 3758 multa
540 3703 686 3772 extraxit,
705 3718 777 3773 quae
795 3701 830 3759 ad
848 3703 956 3775 patriae
974 3704 1122 3761 historiam
1140 3704 1262 3762 faciunt.
1283 3700 1330 3760 Ad
1349 3700 1455 3758 librum

285 3802 320 3862 de
347 3804 410 3876 jure
440 3802 560 3878 praedae
581 3803 654 3860 bene
676 3803 896 3877 intelligendum
917 3807 1012 3879 magni
1034 3809 1171 3864 momenti
1193 3818 1252 3876 est,
1272 3805 1350 3879 quod
1372 3804 1455 3862 nobis

284 3906 435 3980 persuadet
458 3907 611 3974 FruInius,
634 3907 807 3964 Societatem
830 3907 957 3965 Indicam
979 3910 1065 3967 Initio
1086 3911 1158 3967 nihil
1181 3921 1294 3982 praeter
1314 3911 1455 3982 navigati-

283 4027 367 4068 onem
396 4022 425 4068 et
453 4010 623 4067 commercia
652 4010 809 4083 cogitasse,
847 4011 974 4069 eamdem
1002 4028 1073 4069 vero
1100 4014 1306 4071 Lusitanorum
1338 4013 1453 4086 injuriis

283 4127 312 4172 et
333 4114 443 4172 damnis
465 4115 552 4172 illatis
573 4124 718 4181 coactam,
741 4114 886 4172 Ordinum
896 4115 1121 4174 Foederatorum
1139 4134 1296 4186 consensu,
1314 4119 1452 4176 moxvim

282 4219 313 4275 vi
335 4218 535 4286 arcere,bella
556 4218 663 4275 inferre
685 4229 714 4275 et
733 4216 850 4291 praedas
871 4236 954 4293 agere
976 4222 1112 4294 coepisse.
1135 4222 1270 4280 FruinIus
1290 4239 1365 4280 nova
1383 4223 1452 4282 baec

282 4321 417 4379 instituta
445 4338 503 4379 non
530 4321 664 4379 omnibus
693 4321 813 4380 Indicae
842 4324 993 4382 Societatis
1022 4326 1206 4384 consortibus
1231 4328 1373 4400 placuisse
1403 4326 1451 4386 de-

283 4436 443 4494 monstrat,
462 4427 519 4484 imo
537 4428 644 4484 multos
669 4443 701 4484 ea
728 4427 914 4486 vehementer
938 4429 1128 4501 improbasse,
1149 4431 1178 4505 in
1201 4431 1306 4503 quibus
1327 4433 1449 4505 primum
