3552 5654
544 641 591 688 DE
615 642 708 707 JURE
734 643 919 689 PRAEDAE·
943 643 1025 690 CAP.
1048 645 1082 690 X.
1353 645 1412 712 153

241 799 379 864 debetur
399 807 432 878 ¹,
458 815 525 878 quo
549 794 829 862 benefacientibus
850 794 1039 862 benefacere
1060 795 1205 862 vicissim
1224 809 1372 865 tenemur
1390 798 1413 868 ².

239 910 354 990 Atque
373 907 403 972 ei
422 907 468 972 rei
487 921 680 991 argumento
701 921 771 987 est,
796 907 888 989 quod
905 907 1017 972 multis
1036 907 1187 988 casibus,
1210 927 1285 973 curn
1305 910 1414 978 civilis

238 1019 324 1084 actio
344 1017 496 1100 deficiat,
521 1018 561 1082 ad
592 1015 793 1105 referendam
821 1036 880 1100 pro
903 1037 1000 1100 opera
1023 1018 1158 1102 gratiam
1182 1019 1275 1100 quasi
1295 1040 1335 1086 err
1357 1041 1415 1086 na-

237 1127 337 1194 turali
357 1129 524 1210 aequitate
548 1141 637 1192 extra
657 1126 803 1195 ordinem
825 1129 1029 1195 mandatores
1049 1130 1300 1212 compelluntur.
1325 1131 1414 1197 Hinc

237 1253 316 1304 sunt
345 1259 427 1320 quae
453 1241 696 1326 pronostica,
726 1241 932 1323 ippnaevnad‚
964 1243 1112 1323 μήνυτρα.
1146 1244 1352 1326 manciparat.
1381 1257 1414 1308 et

237 1349 309 1415 aliis
329 1349 518 1415 nominibus
540 1363 701 1414 vocantur
723 1347 838 1416 salaria
857 1353 887 1412 ³:
912 1349 997 1415 unde
1019 1349 1204 1433 colligimus
1224 1349 1258 1415 in
1279 1353 1413 1420 caeteris

237 1459 279 1523 ad
301 1451 496 1544 exigendum
526 1477 592 1524 non
620 1459 705 1543 juris
739 1457 885 1543 gentium
906 1459 1084 1536 rationem,
1107 1459 1164 1524 sed
1186 1460 1410 1527 auctoritatem

237 1569 367 1636 civilem
400 1568 559 1650 deficere,
594 1583 633 1634 ut
664 1568 698 1633 in
728 1569 855 1652 pactis,
886 1569 1009 1650 quibus
1039 1569 1130 1636 deest
1148 1570 1319 1653 stipulatio
1339 1574 1413 1656 jure

239 1679 445 1766 Quiritium,
459 1680 492 1745 in
510 1679 724 1761 venditione,
745 1699 829 1761 quae
846 1677 911 1744 fide
922 1679 962 1745 de
971 1679 1077 1761 pretio
1088 1680 1198 1746 habita
1207 1683 1413 1748 contrahitur

236 1791 330 1875 juxta
352 1791 520 1856 Platonem
539 1791 574 1870 ¹,
599 1791 632 1854 in
654 1789 745 1856 furto
769 1811 829 1856 nec
853 1788 1027 1856 manifesto
1049 1790 1137 1874 apud
1158 1790 1354 1873 Spartanos,
1379 1793 1413 1860 in

239 1916 356 1968 mutuo
377 1917 410 1966 et
428 1901 578 1984 deposito
598 1902 676 1966 olim
695 1902 784 1984 apud
803 1902 903 1966 Indos
922 1907 944 1966 ⁵.
969 1901 1105 1980 Multa,
1130 1902 1239 1983 inquit
1258 1903 1379 1968 Seneca
1388 1907 1412 1983 ⁸,

240 2011 339 2098 legem
359 2033 422 2077 non
442 2013 563 2077 habent
583 2033 640 2077 nac
658 2012 841 2093 actionem,
865 2010 914 2077 ad
932 2032 1018 2096 quae
1035 2011 1230 2077 consuetudo
1249 2016 1412 2079 vitaehu-

239 2144 359 2188 manae
379 2123 447 2209 lega
471 2127 558 2187 omni
579 2123 750 2190 ualentior
772 2121 833 2188 dat
854 2121 998 2188 aditum.
1031 2122 1152 2205 Neque
1173 2123 1258 2188 enim
1281 2125 1413 2190 creden-

243 2232 305 2300 dus
328 2233 482 2299 estnihil
516 2233 606 2298 alteri
642 2233 823 2316 imputare,
848 2231 907 2313 qui
929 2233 999 2298 suis
1021 2234 1216 2315 plerumque
1234 2236 1331 2300 rebus
1356 2253 1413 2300 ne-

214 2345 355 2427 -glectis
375 2344 489 2410 alienis
510 2357 621 2422 vacat,
646 2362 722 2409 cum
744 2361 860 2426 magua
881 2342 1050 2408 hominum
1074 2363 1148 2424 pars
1161 2345 1413 2411 victumhabeat

240 2454 274 2516 in
302 2473 400 2535 opera
428 2452 620 2535 quotidiana
638 2454 663 2518 ¹.
709 2453 789 2518 Ideo
822 2452 945 2518 Seneca
963 2455 975 2487 ⁸
995 2453 1122 2519 medIco
1156 2469 1188 2520 et
1210 2456 1412 2539 praeceptori

240 2583 356 2646 operae
385 2564 528 2646 pretium
560 2563 630 2629 sive
651 2563 829 2628 mercedem
850 2563 1075 2646 occupationis
1099 2565 1143 2630 ait
1164 2566 1296 2648 deberi,
1321 2568 1413 2648 quod

240 2673 431 2739 deserviunt
460 2673 578 2756 nobis,
612 2674 703 2755 quod
725 2695 742 2739 a
765 2675 864 2739 rebus
896 2675 965 2739 suis
993 2676 1122 2741 avocati
1151 2677 1248 2742 nobis
1281 2692 1411 2744 vacant.

238 2786 329 2852 Idem
350 2785 384 2849 in
399 2800 525 2851 oratore
538 2800 570 2851 et
588 2786 713 2869 iustum
728 2805 797 2851 esse
810 2799 843 2850 et
854 2785 1071 2852 necessarium
1084 2786 1129 2852 ait
1140 2787 1368 2874 Quintilianus
1378 2791 1411 2870 ⁰,
1430 2797 1435 2802 “

239 2897 317 2979 quia
344 2898 422 2961 haec
455 2896 524 2979 ipsa
555 2917 654 2980 opera
683 2910 880 2979 tempusque
912 2915 1007 2962 omne
1031 2896 1152 2964 alienis
1183 2896 1324 2982 negotiis
1356 2898 1415 2963 da·

240 3023 310 3072 tum
341 3005 530 3074 facultatem
564 3007 657 3074 aliter
691 3007 881 3090 acquirendi
915 3007 1077 3073 recidunt.
1131 3007 1253 3090 Neque
1286 3029 1411 3076 novum

240 3135 290 3186 est
319 3119 352 3185 in
372 3121 446 3204 Jure
473 3119 507 3184 id
537 3120 628 3203 quod
661 3119 700 3186 fit
718 3134 752 3185 et
772 3119 806 3184 id
829 3119 921 3202 quod
943 3119 1039 3184 datur
1061 3118 1146 3184 inter
1165 3139 1200 3184 se
1222 3121 1412 3203 comparari.

241 3230 351 3317 Quare
373 3251 447 3296 curn
472 3231 595 3296 mutuis
617 3230 817 3297 utilitatibus
840 3229 1000 3295 amicitiae
1029 3229 1280 3313 contineantur,
1305 3229 1417 3313 isqui-

238 3361 290 3408 res
309 3341 442 3408 alterius
459 3357 615 3424 procurat
634 3341 781 3407 eumdem
804 3341 867 3406 sibi
889 3346 1014 3425 praeter
1037 3339 1279 3407 indemnitatem
1301 3343 1342 3408 ad
1361 3362 1412 3407 re-

240 3453 474 3518 munerandum
497 3453 688 3519 naturaliter
709 3454 809 3518 habet
824 3452 1003 3536 obligatum
1023 3448 1059 3518 ¹⁰.
1093 3452 1131 3516 Id
1151 3452 1184 3516 in
1209 3472 1307 3519 causa
1326 3452 1411 3535 fuit,

240 3583 300 3629 cur
321 3563 459 3630 Romani
479 3584 530 3629 res
553 3584 592 3629 ex
607 3565 701 3632 hoste
713 3579 821 3647 captas
835 3563 952 3642 sociis,
974 3583 1116 3645 quorum
1128 3561 1273 3642 fuerant,
1296 3584 1412 3649 agnos·

238 3675 388 3740 centibus
410 3675 663 3754 reddiderint¹¹,
688 3691 720 3739 et
742 3675 873 3742 eosdem
895 3675 953 3758 (ut
974 3674 1008 3739 in
1024 3673 1226 3740 Latinorum
1250 3690 1318 3740 erat
1339 3675 1412 3742 foe·

271 3897 322 3945 ¹l.
349 3911 370 3945 r.
394 3900 416 3955 5.
439 3898 484 3944 ult.
509 3899 526 3943 1.
552 3897 597 3956 qul
622 3908 742 3944 mutuam.
760 3899 781 3955 ς.
799 3910 857 3956 pen.
874 3896 900 3942 ff.
918 3909 950 3944 eo
968 3895 1007 3943 tit.
1027 3896 1071 3958 [D.
1092 3908 1131 3952 17.
1152 3894 1188 3959 1.]
1226 3893 1348 3945 'Marto
1370 3912 1408 3946 ro.

242 4001 280 4037 10.
298 3990 329 4036 V.
352 3989 380 4036 in
405 4001 428 4035 c.
453 4001 476 4035 a.
500 3989 548 4047 leg.
567 3987 591 4035 6.
616 3990 671 4035 sen.
689 3988 721 4035 de
738 3987 823 4034 benef.
840 3988 858 4033 l.
876 3986 900 4034 6.
919 4000 942 4034 c.
963 3998 1002 4043 15.
1036 3984 1047 4016 ¹
1064 3985 1130 4046 Dig-
1139 3986 1171 4034 de
1188 3987 1345 4046 proxenetis.
1362 4000 1410 4037 tot.

237 4079 277 4127 tit.
298 4078 342 4142 [D.
361 4090 400 4134 5ο.
421 4077 472 4141 ι4.]
492 4081 508 4126 l.
526 4079 618 4125 solent.
636 4077 661 4124 ff.
679 4089 790 4137 praescr.
808 4077 903 4125 verbis.
923 4077 967 4138 [D.
988 4089 1026 4138 19·
1045 4089 1068 4132 5.
1088 4075 1138 4139 15.]
1157 4076 1215 4136 urg.
1231 4078 1262 4125 de
1283 4081 1410 4128 extraord.

239 4183 312 4229 cogn.
336 4181 384 4217 tot.
407 4169 448 4218 tit.
474 4169 519 4230 [D.
544 4180 584 4224 5ο.
612 4167 666 4232 rm]
701 4167 762 4216 ⁴de
779 4170 844 4228 legg.
861 4170 879 4215 l.
906 4180 943 4216 rr.
964 4167 1002 4228 [p.
1021 4179 1078 4229 915.
1096 4166 1131 4228 e.]
1152 4166 1229 4215 Amat.
1248 4169 1280 4216 de
1297 4181 1360 4217 mor.
1378 4172 1410 4219 ad

238 4261 337 4308 Nicom.
363 4262 380 4307 1.
403 4274 429 4322 9.
454 4273 476 4307 c.
504 4273 525 4307 1.
554 4259 592 4320 [p.
612 4258 683 4320 1164.
704 4271 725 4306 r.
743 4272 781 4306 vs.
799 4257 851 4321 aa]
888 4257 987 4306 ‘Stob
1007 4258 1096 4319 [1.44.
1114 4271 1139 4305 n.
1157 4256 1210 4321 4r.]
1246 4257 1307 4307 ¹de
1324 4260 1410 4309 benef.

237 4353 255 4398 l.
280 4363 303 4406 5.
328 4365 351 4399 c.
376 4364 417 4398 ar.
450 4346 497 4397 ⁷1.
515 4350 644 4398 naturalis.
663 4352 685 4406 §-
704 4363 728 4397 α.
745 4361 769 4397 et
788 4361 811 4405 3.
828 4348 854 4396 if.
872 4361 981 4409 praescr.
999 4347 1093 4397 verbis.
1114 4348 1158 4409 [D.
1178 4361 1216 4409 19.
1236 4360 1259 4404 5.
1278 4349 1313 4410 5.]
1348 4350 1409 4399 ⁸de

233 4441 323 4490 benef.
340 4443 358 4490 l.
376 4442 400 4488 6.
419 4455 441 4489 c.
462 4452 500 4496 rs.
536 4439 546 4474 ⁹
564 4440 645 4489 instit.
662 4443 679 4488 l.
701 4454 739 4489 ra.
758 4453 780 4488 c.
798 4453 823 4497 7.
858 4439 879 4471 ¹⁰
896 4443 958 4501 Arg.
976 4443 990 4487 l.
1009 4441 1055 4488 sed
1072 4449 1097 4486 et
1114 4438 1136 4487 si
1151 4440 1215 4499 lege.
1232 4441 1253 4497 5.
1271 4442 1410 4492 consuluit.

243 4529 287 4594 [D.
306 4545 329 4588 5.
349 4545 371 4590 3.
390 4544 430 4587 25·
447 4535 469 4589 ξ.
490 4529 542 4595 rr.]
579 4530 598 4563 ¹¹
618 4531 674 4581 Liv.
692 4533 709 4580 i.
727 4546 750 4593 4.
771 4533 806 4595 [c.
825 4531 878 4595 ao]
898 4533 929 4580 V.
946 4544 1021 4591 supra
1038 4545 1061 4579 c.
1078 4544 1103 4592 q.
1121 4543 1172 4578 non
1189 4534 1281 4590 procul
1299 4530 1359 4582 line.
