<?xml version="1.0" encoding="UTF-8"?>
<!DOCTYPE html PUBLIC "-//W3C//DTD XHTML 1.0 Transitional//EN"
    "http://www.w3.org/TR/xhtml1/DTD/xhtml1-transitional.dtd">
<html xmlns="http://www.w3.org/1999/xhtml" xml:lang="en" lang="en">
 <head>
  <title>
</title>
<meta http-equiv="Content-Type" content="text/html;charset=utf-8" />
  <meta name='ocr-system' content='tesseract 3.04.00' />
  <meta name='ocr-capabilities' content='ocr_page ocr_carea ocr_par ocr_line ocrx_word'/>
</head>
<body>
  <div class='ocr_page' id='page_1' title='image "./ledroitdeprised00hamagoog_0163.png"; bbox 0 0 3552 5654; ppageno 0'>
   <div class='ocr_carea' id='block_1_1' title="bbox 569 690 1421 759">
    <p class='ocr_par' dir='ltr' id='par_1_1' title="bbox 569 690 1421 759">
     <span class='ocr_line' id='line_1_1' title="bbox 569 690 1421 759; baseline 0.005 -23"><span class='ocrx_word' id='word_1_1' title='bbox 569 692 615 736; x_wconf 88' lang='lat' dir='ltr'>DE</span> <span class='ocrx_word' id='word_1_2' title='bbox 638 692 732 759; x_wconf 85' lang='lat' dir='ltr'>JURE</span> <span class='ocrx_word' id='word_1_3' title='bbox 759 690 941 738; x_wconf 77' lang='lat' dir='ltr'><strong>PRAEDAE.</strong></span> <span class='ocrx_word' id='word_1_4' title='bbox 966 692 1046 740; x_wconf 82' lang='lat' dir='ltr'><strong>CAP.</strong></span> <span class='ocrx_word' id='word_1_5' title='bbox 1071 694 1107 740; x_wconf 82' lang='lat' dir='ltr'><strong>X.</strong></span> <span class='ocrx_word' id='word_1_6' title='bbox 1363 694 1421 755; x_wconf 88' lang='lat'>141</span> 
     </span>
    </p>
   </div>
   <div class='ocr_carea' id='block_1_2' title="bbox 201 843 1512 2806">
    <p class='ocr_par' dir='ltr' id='par_1_2' title="bbox 201 843 1512 2806">
     <span class='ocr_line' id='line_1_2' title="bbox 251 843 1423 932; baseline 0.006 -25"><span class='ocrx_word' id='word_1_7' title='bbox 251 856 358 908; x_wconf 89' lang='lat' dir='ltr'>autem</span> <span class='ocrx_word' id='word_1_8' title='bbox 380 843 512 909; x_wconf 90' lang='lat' dir='ltr'>nomine</span> <span class='ocrx_word' id='word_1_9' title='bbox 533 845 718 927; x_wconf 82' lang='lat' dir='ltr'><strong>respublica</strong></span> <span class='ocrx_word' id='word_1_10' title='bbox 730 845 953 932; x_wconf 60' lang='lat' dir='ltr'>intelligatur.</span> <span class='ocrx_word' id='word_1_11' title='bbox 970 865 1053 928; x_wconf 89' lang='lat' dir='ltr'>quae</span> <span class='ocrx_word' id='word_1_12' title='bbox 1066 846 1204 911; x_wconf 92' lang='lat' dir='ltr'>aliorum</span> <span class='ocrx_word' id='word_1_13' title='bbox 1217 865 1315 929; x_wconf 88' lang='lat' dir='ltr'>opera</span> <span class='ocrx_word' id='word_1_14' title='bbox 1325 846 1423 930; x_wconf 90' lang='lat' dir='ltr'>capit.</span> 
     </span>
     <span class='ocr_line' id='line_1_3' title="bbox 251 953 1512 1040; baseline 0.006 -22"><span class='ocrx_word' id='word_1_15' title='bbox 251 953 337 1018; x_wconf 89' lang='lat' dir='ltr'>Nam</span> <span class='ocrx_word' id='word_1_16' title='bbox 360 953 424 1020; x_wconf 92' lang='lat' dir='ltr'>nisi</span> <span class='ocrx_word' id='word_1_17' title='bbox 446 957 510 1021; x_wconf 93' lang='lat' dir='ltr'>hoc</span> <span class='ocrx_word' id='word_1_18' title='bbox 534 955 724 1022; x_wconf 87' lang='lat' dir='ltr'>admittatur</span> <span class='ocrx_word' id='word_1_19' title='bbox 746 955 830 1023; x_wconf 91' lang='lat' dir='ltr'>nihil</span> <span class='ocrx_word' id='word_1_20' title='bbox 853 956 979 1039; x_wconf 89' lang='lat' dir='ltr'>acquiri</span> <span class='ocrx_word' id='word_1_21' title='bbox 1002 957 1201 1040; x_wconf 83' lang='lat' dir='ltr'>reipublicae</span> <span class='ocrx_word' id='word_1_22' title='bbox 1224 957 1424 1040; x_wconf 90' lang='lat' dir='ltr'>possidendo</span> <span class='ocrx_word' id='word_1_23' title='bbox 1509 956 1512 965; x_wconf 86' lang='lat'>&#39;</span> 
     </span>
     <span class='ocr_line' id='line_1_4' title="bbox 251 1067 1425 1155; baseline 0.006 -26"><span class='ocrx_word' id='word_1_24' title='bbox 251 1078 360 1145; x_wconf 90' lang='lat' dir='ltr'>potest</span> <span class='ocrx_word' id='word_1_25' title='bbox 380 1068 411 1144; x_wconf 86' lang='lat'>¹,</span> <span class='ocrx_word' id='word_1_26' title='bbox 435 1085 509 1132; x_wconf 91' lang='lat' dir='ltr'>cum</span> <span class='ocrx_word' id='word_1_27' title='bbox 529 1067 725 1155; x_wconf 20' lang='lat' dir='ltr'>&#39;universitas</span> <span class='ocrx_word' id='word_1_28' title='bbox 753 1069 793 1134; x_wconf 90' lang='lat' dir='ltr'>ad</span> <span class='ocrx_word' id='word_1_29' title='bbox 816 1089 884 1133; x_wconf 90' lang='lat' dir='ltr'>eam</span> <span class='ocrx_word' id='word_1_30' title='bbox 907 1088 973 1134; x_wconf 92' lang='lat' dir='ltr'>rem</span> <span class='ocrx_word' id='word_1_31' title='bbox 997 1088 1080 1152; x_wconf 93' lang='lat' dir='ltr'>opus</span> <span class='ocrx_word' id='word_1_32' title='bbox 1102 1070 1220 1134; x_wconf 89' lang='lat' dir='ltr'>habeat</span> <span class='ocrx_word' id='word_1_33' title='bbox 1243 1068 1425 1137; x_wconf 89' lang='lat' dir='ltr'>ministerio</span> 
     </span>
     <span class='ocr_line' id='line_1_5' title="bbox 250 1174 1423 1263; baseline 0.005 -23"><span class='ocrx_word' id='word_1_34' title='bbox 250 1174 465 1258; x_wconf 85' lang='lat' dir='ltr'>singulorum.</span> <span class='ocrx_word' id='word_1_35' title='bbox 511 1177 612 1263; x_wconf 90' lang='lat' dir='ltr'>Quod</span> <span class='ocrx_word' id='word_1_36' title='bbox 634 1195 719 1261; x_wconf 67' lang='lat' dir='ltr'>&#39;ergo</span> <span class='ocrx_word' id='word_1_37' title='bbox 752 1178 792 1243; x_wconf 91' lang='lat' dir='ltr'>de</span> <span class='ocrx_word' id='word_1_38' title='bbox 823 1178 892 1244; x_wconf 90' lang='lat' dir='ltr'>filio</span> <span class='ocrx_word' id='word_1_39' title='bbox 917 1193 949 1244; x_wconf 90' lang='lat' dir='ltr'>et</span> <span class='ocrx_word' id='word_1_40' title='bbox 970 1199 1065 1246; x_wconf 91' lang='lat' dir='ltr'>servo</span> <span class='ocrx_word' id='word_1_41' title='bbox 1088 1178 1130 1243; x_wconf 86' lang='lat' dir='ltr'>&#39;in</span> <span class='ocrx_word' id='word_1_42' title='bbox 1153 1180 1240 1244; x_wconf 91' lang='lat' dir='ltr'>bello</span> <span class='ocrx_word' id='word_1_43' title='bbox 1271 1179 1423 1262; x_wconf 82' lang='lat' dir='ltr'>privato,</span> 
     </span>
     <span class='ocr_line' id='line_1_6' title="bbox 251 1285 1424 1371; baseline 0.005 -23"><span class='ocrx_word' id='word_1_44' title='bbox 251 1285 335 1350; x_wconf 92' lang='lat' dir='ltr'>idem</span> <span class='ocrx_word' id='word_1_45' title='bbox 362 1287 400 1351; x_wconf 90' lang='lat' dir='ltr'>de</span> <span class='ocrx_word' id='word_1_46' title='bbox 428 1287 558 1352; x_wconf 87' lang='lat' dir='ltr'>civibus</span> <span class='ocrx_word' id='word_1_47' title='bbox 588 1288 622 1354; x_wconf 91' lang='lat' dir='ltr'>in</span> <span class='ocrx_word' id='word_1_48' title='bbox 648 1289 781 1371; x_wconf 90' lang='lat' dir='ltr'>publico</span> <span class='ocrx_word' id='word_1_49' title='bbox 810 1289 968 1356; x_wconf 87' lang='lat' dir='ltr'><strong>dicemus.</strong></span> <span class='ocrx_word' id='word_1_50' title='bbox 1016 1289 1103 1354; x_wconf 86' lang='lat' dir='ltr'>Sunt</span> <span class='ocrx_word' id='word_1_51' title='bbox 1129 1289 1213 1355; x_wconf 88' lang='lat' dir='ltr'>enim</span> <span class='ocrx_word' id='word_1_52' title='bbox 1232 1308 1298 1355; x_wconf 89' lang='lat' dir='ltr'>non</span> <span class='ocrx_word' id='word_1_53' title='bbox 1317 1289 1424 1356; x_wconf 90' lang='lat' dir='ltr'>minus</span> 
     </span>
     <span class='ocr_line' id='line_1_7' title="bbox 250 1396 1424 1482; baseline 0.004 -22"><span class='ocrx_word' id='word_1_54' title='bbox 250 1396 375 1461; x_wconf 89' lang='lat' dir='ltr'>subditi</span> <span class='ocrx_word' id='word_1_55' title='bbox 399 1411 432 1462; x_wconf 89' lang='lat' dir='ltr'>et</span> <span class='ocrx_word' id='word_1_56' title='bbox 454 1398 608 1479; x_wconf 87' lang='lat' dir='ltr'>quiddam</span> <span class='ocrx_word' id='word_1_57' title='bbox 632 1399 736 1481; x_wconf 89' lang='lat' dir='ltr'>ipsius</span> <span class='ocrx_word' id='word_1_58' title='bbox 758 1399 956 1482; x_wconf 88' lang='lat' dir='ltr'>reipublicae</span> <span class='ocrx_word' id='word_1_59' title='bbox 980 1420 1045 1482; x_wconf 90' lang='lat' dir='ltr'>qua</span> <span class='ocrx_word' id='word_1_60' title='bbox 1074 1402 1153 1466; x_wconf 92' lang='lat' dir='ltr'>tales</span> <span class='ocrx_word' id='word_1_61' title='bbox 1183 1414 1261 1466; x_wconf 88' lang='lat' dir='ltr'>sunt</span> <span class='ocrx_word' id='word_1_62' title='bbox 1280 1406 1304 1466; x_wconf 90' lang='lat'><strong>¹.</strong></span> <span class='ocrx_word' id='word_1_63' title='bbox 1351 1399 1424 1467; x_wconf 91' lang='lat' dir='ltr'>Nec</span> 
     </span>
     <span class='ocr_line' id='line_1_8' title="bbox 251 1505 1425 1591; baseline 0.004 -20"><span class='ocrx_word' id='word_1_64' title='bbox 251 1505 349 1572; x_wconf 87' lang='lat' dir='ltr'>refert</span> <span class='ocrx_word' id='word_1_65' title='bbox 379 1508 471 1589; x_wconf 93' lang='lat' dir='ltr'>quod</span> <span class='ocrx_word' id='word_1_66' title='bbox 501 1508 590 1575; x_wconf 89' lang='lat' dir='ltr'>cives</span> <span class='ocrx_word' id='word_1_67' title='bbox 621 1510 715 1574; x_wconf 89' lang='lat' dir='ltr'>etiam</span> <span class='ocrx_word' id='word_1_68' title='bbox 738 1511 882 1577; x_wconf 87' lang='lat' dir='ltr'>seorsim</span> <span class='ocrx_word' id='word_1_69' title='bbox 916 1509 1111 1576; x_wconf 89' lang='lat' dir='ltr'>considerari</span> <span class='ocrx_word' id='word_1_70' title='bbox 1144 1524 1284 1591; x_wconf 88' lang='lat' dir='ltr'>possunt</span> <span class='ocrx_word' id='word_1_71' title='bbox 1307 1525 1340 1576; x_wconf 86' lang='lat' dir='ltr'>et</span> <span class='ocrx_word' id='word_1_72' title='bbox 1360 1510 1425 1576; x_wconf 90' lang='lat' dir='ltr'>sibi</span> 
     </span>
     <span class='ocr_line' id='line_1_9' title="bbox 251 1617 1426 1703; baseline 0.004 -22"><span class='ocrx_word' id='word_1_73' title='bbox 251 1617 443 1700; x_wconf 77' lang='lat' dir='ltr'>acquirere,</span> <span class='ocrx_word' id='word_1_74' title='bbox 474 1640 549 1685; x_wconf 92' lang='lat' dir='ltr'>cum</span> <span class='ocrx_word' id='word_1_75' title='bbox 582 1621 666 1686; x_wconf 89' lang='lat' dir='ltr'>actio</span> <span class='ocrx_word' id='word_1_76' title='bbox 698 1621 775 1686; x_wconf 91' lang='lat' dir='ltr'>belli</span> <span class='ocrx_word' id='word_1_77' title='bbox 799 1621 924 1703; x_wconf 85' lang='lat' dir='ltr'>publici</span> <span class='ocrx_word' id='word_1_78' title='bbox 948 1640 966 1685; x_wconf 84' lang='lat' dir='ltr'>a</span> <span class='ocrx_word' id='word_1_79' title='bbox 990 1620 1062 1686; x_wconf 88' lang='lat' dir='ltr'>cive</span> <span class='ocrx_word' id='word_1_80' title='bbox 1085 1635 1247 1700; x_wconf 85' lang='lat' dir='ltr'>quatenus</span> <span class='ocrx_word' id='word_1_81' title='bbox 1270 1620 1352 1688; x_wconf 90' lang='lat' dir='ltr'>civis</span> <span class='ocrx_word' id='word_1_82' title='bbox 1376 1636 1426 1686; x_wconf 90' lang='lat' dir='ltr'>est</span> 
     </span>
     <span class='ocr_line' id='line_1_10' title="bbox 201 1727 1424 1813; baseline 0.003 -21"><span class='ocrx_word' id='word_1_83' title='bbox 201 1759 204 1768; x_wconf 61' lang='lat'><strong><em>¹</em></strong></span> <span class='ocrx_word' id='word_1_84' title='bbox 252 1727 488 1810; x_wconf 89' lang='lat' dir='ltr'>proficiscatur.</span> <span class='ocrx_word' id='word_1_85' title='bbox 536 1730 581 1795; x_wconf 91' lang='lat' dir='ltr'>Et</span> <span class='ocrx_word' id='word_1_86' title='bbox 603 1731 688 1798; x_wconf 91' lang='lat' dir='ltr'>sicut</span> <span class='ocrx_word' id='word_1_87' title='bbox 710 1731 743 1796; x_wconf 92' lang='lat' dir='ltr'>in</span> <span class='ocrx_word' id='word_1_88' title='bbox 768 1731 836 1797; x_wconf 87' lang='lat' dir='ltr'>filio</span> <span class='ocrx_word' id='word_1_89' title='bbox 860 1732 1000 1797; x_wconf 86' lang='lat' dir='ltr'>habente</span> <span class='ocrx_word' id='word_1_90' title='bbox 1022 1744 1182 1796; x_wconf 88' lang='lat' dir='ltr'>castrense</span> <span class='ocrx_word' id='word_1_91' title='bbox 1204 1730 1370 1813; x_wconf 90' lang='lat' dir='ltr'>peculium</span> <span class='ocrx_word' id='word_1_92' title='bbox 1389 1732 1424 1811; x_wconf 77' lang='lat'>³,</span> 
     </span>
     <span class='ocr_line' id='line_1_11' title="bbox 253 1839 1424 1908; baseline 0.003 -5"><span class='ocrx_word' id='word_1_93' title='bbox 253 1853 286 1903; x_wconf 93' lang='lat' dir='ltr'>et</span> <span class='ocrx_word' id='word_1_94' title='bbox 308 1839 341 1903; x_wconf 90' lang='lat' dir='ltr'>in</span> <span class='ocrx_word' id='word_1_95' title='bbox 365 1860 460 1907; x_wconf 90' lang='lat' dir='ltr'>servo</span> <span class='ocrx_word' id='word_1_96' title='bbox 482 1841 644 1906; x_wconf 91' lang='lat' dir='ltr'>communi</span> <span class='ocrx_word' id='word_1_97' title='bbox 677 1856 734 1907; x_wconf 91' lang='lat' dir='ltr'>aut</span> <span class='ocrx_word' id='word_1_98' title='bbox 755 1841 934 1908; x_wconf 86' lang='lat' dir='ltr'>fructuario</span> <span class='ocrx_word' id='word_1_99' title='bbox 958 1855 1014 1906; x_wconf 87' lang='lat' dir='ltr'>aut</span> <span class='ocrx_word' id='word_1_100' title='bbox 1037 1843 1122 1906; x_wconf 89' lang='lat' dir='ltr'>bona</span> <span class='ocrx_word' id='word_1_101' title='bbox 1145 1840 1209 1906; x_wconf 89' lang='lat' dir='ltr'>fide</span> <span class='ocrx_word' id='word_1_102' title='bbox 1231 1842 1424 1907; x_wconf 71' lang='lat' dir='ltr'>serviente*</span> 
     </span>
     <span class='ocr_line' id='line_1_12' title="bbox 252 1949 1424 2036; baseline 0.003 -21"><span class='ocrx_word' id='word_1_103' title='bbox 252 1949 491 2034; x_wconf 77' lang='lat' dir='ltr'>distinguitur,</span> <span class='ocrx_word' id='word_1_104' title='bbox 515 1951 560 2017; x_wconf 82' lang='lat' dir='ltr'>ita</span> <span class='ocrx_word' id='word_1_105' title='bbox 589 1951 643 2017; x_wconf 93' lang='lat' dir='ltr'>hic</span> <span class='ocrx_word' id='word_1_106' title='bbox 674 1952 790 2018; x_wconf 90' lang='lat' dir='ltr'>merito</span> <span class='ocrx_word' id='word_1_107' title='bbox 823 1951 967 2018; x_wconf 87' lang='lat' dir='ltr'>dicemus</span> <span class='ocrx_word' id='word_1_108' title='bbox 995 1951 1029 2016; x_wconf 91' lang='lat' dir='ltr'>id</span> <span class='ocrx_word' id='word_1_109' title='bbox 1055 1952 1146 2034; x_wconf 93' lang='lat' dir='ltr'>quod</span> <span class='ocrx_word' id='word_1_110' title='bbox 1171 1972 1209 2016; x_wconf 89' lang='lat' dir='ltr'>ex</span> <span class='ocrx_word' id='word_1_111' title='bbox 1226 1953 1321 2036; x_wconf 90' lang='lat' dir='ltr'>jussu</span> <span class='ocrx_word' id='word_1_112' title='bbox 1341 1967 1374 2018; x_wconf 90' lang='lat' dir='ltr'>et</span> <span class='ocrx_word' id='word_1_113' title='bbox 1390 1973 1424 2017; x_wconf 86' lang='lat' dir='ltr'>re</span> 
     </span>
     <span class='ocr_line' id='line_1_13' title="bbox 251 2059 1424 2145; baseline 0.003 -21"><span class='ocrx_word' id='word_1_114' title='bbox 251 2059 396 2126; x_wconf 88' lang='lat' dir='ltr'>civitatis</span> <span class='ocrx_word' id='word_1_115' title='bbox 426 2083 484 2143; x_wconf 91' lang='lat' dir='ltr'>per</span> <span class='ocrx_word' id='word_1_116' title='bbox 515 2061 604 2130; x_wconf 91' lang='lat' dir='ltr'>cives</span> <span class='ocrx_word' id='word_1_117' title='bbox 637 2064 804 2144; x_wconf 88' lang='lat' dir='ltr'>quaeritur</span> <span class='ocrx_word' id='word_1_118' title='bbox 836 2061 948 2145; x_wconf 89' lang='lat' dir='ltr'>quaeri</span> <span class='ocrx_word' id='word_1_119' title='bbox 972 2062 1109 2128; x_wconf 89' lang='lat' dir='ltr'>civitati.</span> <span class='ocrx_word' id='word_1_120' title='bbox 1155 2061 1192 2126; x_wconf 96' lang='lat' dir='ltr'>In</span> <span class='ocrx_word' id='word_1_121' title='bbox 1211 2062 1310 2128; x_wconf 89' lang='lat' dir='ltr'>sociis</span> <span class='ocrx_word' id='word_1_122' title='bbox 1329 2063 1424 2130; x_wconf 88' lang='lat' dir='ltr'>etiam</span> 
     </span>
     <span class='ocr_line' id='line_1_14' title="bbox 252 2171 1425 2255; baseline 0.003 -20"><span class='ocrx_word' id='word_1_123' title='bbox 252 2190 292 2235; x_wconf 84' lang='lat' dir='ltr'>ex</span> <span class='ocrx_word' id='word_1_124' title='bbox 315 2171 465 2238; x_wconf 90' lang='lat' dir='ltr'>mandato</span> <span class='ocrx_word' id='word_1_125' title='bbox 484 2172 732 2253; x_wconf 90' lang='lat' dir='ltr'>acquirentibus</span> <span class='ocrx_word' id='word_1_126' title='bbox 751 2173 835 2239; x_wconf 92' lang='lat' dir='ltr'>nihil</span> <span class='ocrx_word' id='word_1_127' title='bbox 858 2172 912 2237; x_wconf 92' lang='lat' dir='ltr'>hic</span> <span class='ocrx_word' id='word_1_128' title='bbox 934 2172 1098 2238; x_wconf 91' lang='lat' dir='ltr'>diversum</span> <span class='ocrx_word' id='word_1_129' title='bbox 1122 2187 1171 2238; x_wconf 91' lang='lat' dir='ltr'>est</span> <span class='ocrx_word' id='word_1_130' title='bbox 1193 2173 1233 2237; x_wconf 87' lang='lat' dir='ltr'>ab</span> <span class='ocrx_word' id='word_1_131' title='bbox 1256 2172 1318 2255; x_wconf 90' lang='lat' dir='ltr'>iis,</span> <span class='ocrx_word' id='word_1_132' title='bbox 1341 2193 1425 2255; x_wconf 89' lang='lat' dir='ltr'>quae</span> 
     </span>
     <span class='ocr_line' id='line_1_15' title="bbox 251 2280 1424 2363; baseline 0.003 -18"><span class='ocrx_word' id='word_1_133' title='bbox 251 2280 292 2346; x_wconf 91' lang='lat' dir='ltr'>de</span> <span class='ocrx_word' id='word_1_134' title='bbox 311 2280 441 2363; x_wconf 90' lang='lat' dir='ltr'>privato</span> <span class='ocrx_word' id='word_1_135' title='bbox 460 2283 547 2348; x_wconf 87' lang='lat' dir='ltr'>bello</span> <span class='ocrx_word' id='word_1_136' title='bbox 566 2283 718 2349; x_wconf 81' lang='lat' dir='ltr'>diximus.</span> <span class='ocrx_word' id='word_1_137' title='bbox 762 2283 937 2347; x_wconf 87' lang='lat' dir='ltr'>Caeterum</span> <span class='ocrx_word' id='word_1_138' title='bbox 958 2280 1016 2363; x_wconf 92' lang='lat' dir='ltr'>qui</span> <span class='ocrx_word' id='word_1_139' title='bbox 1036 2281 1159 2348; x_wconf 92' lang='lat' dir='ltr'>dictum</span> <span class='ocrx_word' id='word_1_140' title='bbox 1179 2282 1262 2347; x_wconf 91' lang='lat' dir='ltr'>illud</span> <span class='ocrx_word' id='word_1_141' title='bbox 1280 2282 1319 2346; x_wconf 90' lang='lat' dir='ltr'>de</span> <span class='ocrx_word' id='word_1_142' title='bbox 1338 2283 1424 2348; x_wconf 88' lang='lat' dir='ltr'>bello</span> 
     </span>
     <span class='ocr_line' id='line_1_16' title="bbox 252 2391 1423 2477; baseline 0.003 -23"><span class='ocrx_word' id='word_1_143' title='bbox 252 2391 353 2472; x_wconf 89' lang='lat' dir='ltr'>captis</span> <span class='ocrx_word' id='word_1_144' title='bbox 386 2391 430 2456; x_wconf 91' lang='lat' dir='ltr'>ita</span> <span class='ocrx_word' id='word_1_145' title='bbox 462 2407 652 2474; x_wconf 87' lang='lat' dir='ltr'>exponunt,</span> <span class='ocrx_word' id='word_1_146' title='bbox 686 2407 723 2457; x_wconf 93' lang='lat' dir='ltr'>ut</span> <span class='ocrx_word' id='word_1_147' title='bbox 754 2393 905 2475; x_wconf 89' lang='lat' dir='ltr'>primario</span> <span class='ocrx_word' id='word_1_148' title='bbox 939 2393 1082 2477; x_wconf 86' lang='lat' dir='ltr'>gentium</span> <span class='ocrx_word' id='word_1_149' title='bbox 1115 2393 1187 2475; x_wconf 87' lang='lat' dir='ltr'>jure</span> <span class='ocrx_word' id='word_1_150' title='bbox 1219 2391 1423 2476; x_wconf 87' lang='lat' dir='ltr'>singulorum</span> 
     </span>
     <span class='ocr_line' id='line_1_17' title="bbox 252 2485 1424 2586; baseline 0.003 -22"><span class='ocrx_word' id='word_1_151' title='bbox 252 2502 481 2582; x_wconf 88' lang='lat' dir='ltr'>occupantium</span> <span class='ocrx_word' id='word_1_152' title='bbox 511 2485 581 2567; x_wconf 88' lang='lat' dir='ltr'>fieri</span> <span class='ocrx_word' id='word_1_153' title='bbox 612 2503 737 2582; x_wconf 87' lang='lat' dir='ltr'>velint,</span> <span class='ocrx_word' id='word_1_154' title='bbox 760 2523 826 2568; x_wconf 93' lang='lat' dir='ltr'>uno</span> <span class='ocrx_word' id='word_1_155' title='bbox 859 2518 1048 2586; x_wconf 87' lang='lat' dir='ltr'>argumento</span> <span class='ocrx_word' id='word_1_156' title='bbox 1081 2501 1288 2568; x_wconf 88' lang='lat' dir='ltr'>refelluntur.</span> <span class='ocrx_word' id='word_1_157' title='bbox 1335 2503 1424 2568; x_wconf 92' lang='lat' dir='ltr'>Illud</span> 
     </span>
     <span class='ocr_line' id='line_1_18' title="bbox 252 2609 1425 2696; baseline 0.003 -22"><span class='ocrx_word' id='word_1_158' title='bbox 252 2610 336 2675; x_wconf 94' lang='lat' dir='ltr'>enim</span> <span class='ocrx_word' id='word_1_159' title='bbox 367 2609 435 2694; x_wconf 82' lang='lat' dir='ltr'>J&#39;us&#39;</span> <span class='ocrx_word' id='word_1_160' title='bbox 450 2611 615 2694; x_wconf 86' lang='lat' dir='ltr'>gentium,</span> <span class='ocrx_word' id='word_1_161' title='bbox 649 2613 740 2694; x_wconf 91' lang='lat' dir='ltr'>quod</span> <span class='ocrx_word' id='word_1_162' title='bbox 767 2627 901 2678; x_wconf 89' lang='lat' dir='ltr'>naturae</span> <span class='ocrx_word' id='word_1_163' title='bbox 928 2613 993 2678; x_wconf 92' lang='lat' dir='ltr'>dici</span> <span class='ocrx_word' id='word_1_164' title='bbox 1023 2629 1153 2696; x_wconf 85' lang='lat' dir='ltr'>potest,</span> <span class='ocrx_word' id='word_1_165' title='bbox 1176 2615 1299 2680; x_wconf 89' lang='lat' dir='ltr'>nullam</span> <span class='ocrx_word' id='word_1_166' title='bbox 1327 2615 1425 2680; x_wconf 89' lang='lat' dir='ltr'>habet</span> 
     </span>
     <span class='ocr_line' id='line_1_19' title="bbox 251 2721 1423 2806; baseline 0.003 -21"><span class='ocrx_word' id='word_1_167' title='bbox 251 2740 379 2788; x_wconf 88' lang='lat' dir='ltr'>causam</span> <span class='ocrx_word' id='word_1_168' title='bbox 409 2721 442 2785; x_wconf 93' lang='lat' dir='ltr'>in</span> <span class='ocrx_word' id='word_1_169' title='bbox 473 2722 746 2802; x_wconf 88' lang='lat' dir='ltr'>acquisitionibus</span> <span class='ocrx_word' id='word_1_170' title='bbox 776 2721 996 2806; x_wconf 88' lang='lat' dir='ltr'>distinguendi</span> <span class='ocrx_word' id='word_1_171' title='bbox 1027 2723 1111 2788; x_wconf 92' lang='lat' dir='ltr'>inter</span> <span class='ocrx_word' id='word_1_172' title='bbox 1140 2743 1191 2788; x_wconf 89' lang='lat' dir='ltr'>res</span> <span class='ocrx_word' id='word_1_173' title='bbox 1224 2722 1361 2789; x_wconf 90' lang='lat' dir='ltr'>mobiles</span> <span class='ocrx_word' id='word_1_174' title='bbox 1391 2740 1423 2789; x_wconf 87' lang='lat' dir='ltr'>et</span> 
     </span>
    </p>
   </div>
   <div class='ocr_carea' id='block_1_3' title="bbox 250 2831 1425 3580">
    <p class='ocr_par' dir='ltr' id='par_1_3' title="bbox 250 2831 1425 3580">
     <span class='ocr_line' id='line_1_20' title="bbox 252 2831 1424 2916; baseline 0.003 -20"><span class='ocrx_word' id='word_1_175' title='bbox 252 2831 451 2897; x_wconf 89' lang='lat' dir='ltr'>immobiles:</span> <span class='ocrx_word' id='word_1_176' title='bbox 484 2833 570 2897; x_wconf 92' lang='lat' dir='ltr'>unde</span> <span class='ocrx_word' id='word_1_177' title='bbox 599 2853 666 2915; x_wconf 91' lang='lat' dir='ltr'>quo</span> <span class='ocrx_word' id='word_1_178' title='bbox 685 2832 783 2897; x_wconf 92' lang='lat' dir='ltr'>modo</span> <span class='ocrx_word' id='word_1_179' title='bbox 802 2833 991 2916; x_wconf 88' lang='lat' dir='ltr'>margaritae</span> <span class='ocrx_word' id='word_1_180' title='bbox 1013 2834 1126 2898; x_wconf 90' lang='lat' dir='ltr'>eodem</span> <span class='ocrx_word' id='word_1_181' title='bbox 1159 2832 1266 2898; x_wconf 90' lang='lat' dir='ltr'>insula</span> <span class='ocrx_word' id='word_1_182' title='bbox 1293 2833 1325 2896; x_wconf 92' lang='lat' dir='ltr'>in</span> <span class='ocrx_word' id='word_1_183' title='bbox 1345 2835 1424 2900; x_wconf 89' lang='lat' dir='ltr'>mari</span> 
     </span>
     <span class='ocr_line' id='line_1_21' title="bbox 251 2943 1425 3028; baseline 0.003 -22"><span class='ocrx_word' id='word_1_184' title='bbox 251 2959 325 3009; x_wconf 89' lang='lat' dir='ltr'>nata</span> <span class='ocrx_word' id='word_1_185' title='bbox 345 2943 383 3008; x_wconf 88' lang='lat' dir='ltr'>iit</span> <span class='ocrx_word' id='word_1_186' title='bbox 406 2943 595 3026; x_wconf 89' lang='lat' dir='ltr'>occupantis</span> <span class='ocrx_word' id='word_1_187' title='bbox 616 2952 640 3008; x_wconf 81' lang='lat'><strong>⁸.</strong></span> <span class='ocrx_word' id='word_1_188' title='bbox 687 2943 798 3028; x_wconf 85' lang='lat' dir='ltr'>Agros</span> <span class='ocrx_word' id='word_1_189' title='bbox 829 2954 937 3008; x_wconf 87' lang='lat' dir='ltr'>autem</span> <span class='ocrx_word' id='word_1_190' title='bbox 967 2963 1006 3009; x_wconf 87' lang='lat' dir='ltr'>ex</span> <span class='ocrx_word' id='word_1_191' title='bbox 1030 2943 1181 3008; x_wconf 90' lang='lat' dir='ltr'>hostibus</span> <span class='ocrx_word' id='word_1_192' title='bbox 1204 2958 1315 3026; x_wconf 90' lang='lat' dir='ltr'>captos</span> <span class='ocrx_word' id='word_1_193' title='bbox 1338 2944 1425 3010; x_wconf 93' lang='lat' dir='ltr'>sicut</span> 
     </span>
     <span class='ocr_line' id='line_1_22' title="bbox 251 3053 1423 3138; baseline -0.001 -19"><span class='ocrx_word' id='word_1_194' title='bbox 251 3070 283 3120; x_wconf 92' lang='lat' dir='ltr'>et</span> <span class='ocrx_word' id='word_1_195' title='bbox 301 3054 448 3120; x_wconf 88' lang='lat' dir='ltr'>civitates</span> <span class='ocrx_word' id='word_1_196' title='bbox 469 3053 618 3135; x_wconf 88' lang='lat' dir='ltr'>publicas</span> <span class='ocrx_word' id='word_1_197' title='bbox 639 3053 708 3118; x_wconf 89' lang='lat' dir='ltr'>fieri</span> <span class='ocrx_word' id='word_1_198' title='bbox 721 3068 753 3119; x_wconf 89' lang='lat' dir='ltr'>et</span> <span class='ocrx_word' id='word_1_199' title='bbox 765 3072 830 3119; x_wconf 90' lang='lat' dir='ltr'>non</span> <span class='ocrx_word' id='word_1_200' title='bbox 850 3054 1078 3136; x_wconf 89' lang='lat' dir='ltr'>occupantium</span> <span class='ocrx_word' id='word_1_201' title='bbox 1100 3053 1323 3138; x_wconf 77' lang='lat' dir='ltr'>singulorum,</span> <span class='ocrx_word' id='word_1_202' title='bbox 1335 3054 1423 3119; x_wconf 92' lang='lat' dir='ltr'>omni</span> 
     </span>
     <span class='ocr_line' id='line_1_23' title="bbox 250 3163 1423 3246; baseline -0.002 -14"><span class='ocrx_word' id='word_1_203' title='bbox 250 3165 386 3232; x_wconf 90' lang='lat' dir='ltr'>historia</span> <span class='ocrx_word' id='word_1_204' title='bbox 405 3180 437 3230; x_wconf 93' lang='lat' dir='ltr'>et</span> <span class='ocrx_word' id='word_1_205' title='bbox 454 3166 539 3229; x_wconf 87' lang='lat' dir='ltr'>claro</span> <span class='ocrx_word' id='word_1_206' title='bbox 558 3164 730 3246; x_wconf 93' lang='lat' dir='ltr'>Pomponii</span> <span class='ocrx_word' id='word_1_207' title='bbox 749 3183 906 3246; x_wconf 90' lang='lat' dir='ltr'>responso</span> <span class='ocrx_word' id='word_1_208' title='bbox 925 3163 937 3197; x_wconf 83' lang='lat'>⁸</span> <span class='ocrx_word' id='word_1_209' title='bbox 957 3165 1001 3228; x_wconf 89' lang='lat' dir='ltr'>ita</span> <span class='ocrx_word' id='word_1_210' title='bbox 1024 3163 1156 3229; x_wconf 88' lang='lat' dir='ltr'>evidens</span> <span class='ocrx_word' id='word_1_211' title='bbox 1177 3178 1248 3245; x_wconf 84' lang='lat' dir='ltr'>est,</span> <span class='ocrx_word' id='word_1_212' title='bbox 1273 3179 1310 3230; x_wconf 95' lang='lat' dir='ltr'>ut</span> <span class='ocrx_word' id='word_1_213' title='bbox 1328 3185 1423 3230; x_wconf 89' lang='lat' dir='ltr'>nemo</span> 
     </span>
     <span class='ocr_line' id='line_1_24' title="bbox 251 3273 1424 3359; baseline -0.001 -17"><span class='ocrx_word' id='word_1_214' title='bbox 251 3297 405 3359; x_wconf 91' lang='lat' dir='ltr'>umquam</span> <span class='ocrx_word' id='word_1_215' title='bbox 435 3293 534 3340; x_wconf 89' lang='lat' dir='ltr'>ausus</span> <span class='ocrx_word' id='word_1_216' title='bbox 564 3275 608 3339; x_wconf 91' lang='lat' dir='ltr'>sit</span> <span class='ocrx_word' id='word_1_217' title='bbox 639 3274 777 3339; x_wconf 87' lang='lat' dir='ltr'>diffiteri.</span> <span class='ocrx_word' id='word_1_218' title='bbox 823 3275 911 3340; x_wconf 89' lang='lat' dir='ltr'>Idem</span> <span class='ocrx_word' id='word_1_219' title='bbox 942 3274 1042 3359; x_wconf 86' lang='lat' dir='ltr'>igitur</span> <span class='ocrx_word' id='word_1_220' title='bbox 1065 3273 1254 3340; x_wconf 89' lang='lat' dir='ltr'>incaeteris</span> <span class='ocrx_word' id='word_1_221' title='bbox 1276 3275 1424 3341; x_wconf 89' lang='lat' dir='ltr'>obtinere</span> 
     </span>
     <span class='ocr_line' id='line_1_25' title="bbox 251 3384 1424 3468; baseline -0.001 -16"><span class='ocrx_word' id='word_1_222' title='bbox 251 3388 370 3467; x_wconf 85' lang='lat' dir='ltr'>debet,</span> <span class='ocrx_word' id='word_1_223' title='bbox 393 3386 457 3453; x_wconf 90' lang='lat' dir='ltr'>nisi</span> <span class='ocrx_word' id='word_1_224' title='bbox 489 3400 652 3466; x_wconf 90' lang='lat' dir='ltr'>quatenus</span> <span class='ocrx_word' id='word_1_225' title='bbox 672 3384 846 3467; x_wconf 87' lang='lat' dir='ltr'>posteriori</span> <span class='ocrx_word' id='word_1_226' title='bbox 863 3386 935 3468; x_wconf 87' lang='lat' dir='ltr'>jure</span> <span class='ocrx_word' id='word_1_227' title='bbox 955 3387 967 3428; x_wconf 81' lang='lat'>⁷</span> <span class='ocrx_word' id='word_1_228' title='bbox 986 3386 1066 3450; x_wconf 89' lang='lat' dir='ltr'>haec</span> <span class='ocrx_word' id='word_1_229' title='bbox 1089 3385 1243 3450; x_wconf 89' lang='lat' dir='ltr'>distincta</span> <span class='ocrx_word' id='word_1_230' title='bbox 1267 3401 1361 3464; x_wconf 91' lang='lat' dir='ltr'>sunt,</span> <span class='ocrx_word' id='word_1_231' title='bbox 1385 3401 1424 3452; x_wconf 89' lang='lat' dir='ltr'>ut</span> 
     </span>
     <span class='ocr_line' id='line_1_26' title="bbox 251 3495 1424 3580; baseline 0.003 -20"><span class='ocrx_word' id='word_1_232' title='bbox 251 3496 334 3561; x_wconf 85' lang='lat' dir='ltr'>infra</span> <span class='ocrx_word' id='word_1_233' title='bbox 354 3495 601 3580; x_wconf 87' lang='lat' dir='ltr'>explicabimus.</span> <span class='ocrx_word' id='word_1_234' title='bbox 648 3495 722 3560; x_wconf 92' lang='lat' dir='ltr'>Hoc</span> <span class='ocrx_word' id='word_1_235' title='bbox 751 3511 858 3561; x_wconf 86' lang='lat' dir='ltr'>autem</span> <span class='ocrx_word' id='word_1_236' title='bbox 879 3495 968 3578; x_wconf 92' lang='lat' dir='ltr'>quod</span> <span class='ocrx_word' id='word_1_237' title='bbox 987 3495 1111 3563; x_wconf 89' lang='lat' dir='ltr'>ratione</span> <span class='ocrx_word' id='word_1_238' title='bbox 1130 3497 1424 3563; x_wconf 86' lang='lat' dir='ltr'>demonstravimus</span> 
     </span>
    </p>
   </div>
   <div class='ocr_carea' id='block_1_4' title="bbox 252 3713 441 3726">
    <p class='ocr_par' dir='ltr' id='par_1_4' title="bbox 252 3713 441 3726">
     <span class='ocr_line' id='line_1_27' title="bbox 252 3713 441 3726; baseline -0.011 0"><span class='ocrx_word' id='word_1_239' title='bbox 252 3713 441 3726; x_wconf 54' lang='lat' dir='ltr'>m</span> 
     </span>
    </p>
   </div>
   <div class='ocr_carea' id='block_1_5' title="bbox 248 3837 1423 4534">
    <p class='ocr_par' dir='ltr' id='par_1_5' title="bbox 248 3837 1423 4534">
     <span class='ocr_line' id='line_1_28' title="bbox 284 3837 1422 3901; baseline -0.001 -12"><span class='ocrx_word' id='word_1_240' title='bbox 284 3841 329 3889; x_wconf 85' lang='lat'><strong>¹1.</strong></span> <span class='ocrx_word' id='word_1_241' title='bbox 347 3842 392 3889; x_wconf 86' lang='lat' dir='ltr'>sed</span> <span class='ocrx_word' id='word_1_242' title='bbox 414 3842 463 3888; x_wconf 83' lang='lat' dir='ltr'>hoe</span> <span class='ocrx_word' id='word_1_243' title='bbox 485 3837 550 3895; x_wconf 83' lang='lat' dir='ltr'>iure.</span> <span class='ocrx_word' id='word_1_244' title='bbox 575 3839 601 3887; x_wconf 83' lang='lat' dir='ltr'>ff.</span> <span class='ocrx_word' id='word_1_245' title='bbox 625 3841 656 3887; x_wconf 88' lang='lat' dir='ltr'>de</span> <span class='ocrx_word' id='word_1_246' title='bbox 674 3853 729 3898; x_wconf 85' lang='lat' dir='ltr'>aeq.</span> <span class='ocrx_word' id='word_1_247' title='bbox 747 3853 816 3899; x_wconf 87' lang='lat' dir='ltr'>poss.</span> <span class='ocrx_word' id='word_1_248' title='bbox 835 3840 879 3901; x_wconf 89' lang='lat' dir='ltr'><strong>[D.</strong></span> <span class='ocrx_word' id='word_1_249' title='bbox 897 3853 937 3900; x_wconf 91' lang='lat'><strong>41.</strong></span> <span class='ocrx_word' id='word_1_250' title='bbox 953 3853 976 3887; x_wconf 80' lang='lat' dir='ltr'>a.</span> <span class='ocrx_word' id='word_1_251' title='bbox 995 3841 1031 3901; x_wconf 84' lang='lat'><strong>2.]</strong></span> <span class='ocrx_word' id='word_1_252' title='bbox 1066 3837 1117 3888; x_wconf 73' lang='grc' dir='ltr'><strong>ἐ.</strong></span> <span class='ocrx_word' id='word_1_253' title='bbox 1136 3841 1159 3888; x_wconf 86' lang='lat'><strong>6.</strong></span> <span class='ocrx_word' id='word_1_254' title='bbox 1178 3840 1204 3888; x_wconf 90' lang='lat' dir='ltr'>in</span> <span class='ocrx_word' id='word_1_255' title='bbox 1222 3838 1280 3888; x_wconf 85' lang='lat' dir='ltr'>fine.</span> <span class='ocrx_word' id='word_1_256' title='bbox 1298 3840 1374 3888; x_wconf 79' lang='lat' dir='ltr'>Arist.</span> <span class='ocrx_word' id='word_1_257' title='bbox 1391 3842 1422 3889; x_wconf 91' lang='lat' dir='ltr'>de</span> 
     </span>
     <span class='ocr_line' id='line_1_29' title="bbox 249 3926 1423 3992; baseline 0 -14"><span class='ocrx_word' id='word_1_258' title='bbox 249 3946 303 3992; x_wconf 86' lang='lat' dir='ltr'>rep.</span> <span class='ocrx_word' id='word_1_259' title='bbox 321 3933 337 3978; x_wconf 95' lang='lat' dir='ltr'>l.</span> <span class='ocrx_word' id='word_1_260' title='bbox 359 3944 379 3978; x_wconf 95' lang='grc'>1.</span> <span class='ocrx_word' id='word_1_261' title='bbox 397 3943 421 3977; x_wconf 88' lang='lat' dir='ltr'>c.</span> <span class='ocrx_word' id='word_1_262' title='bbox 446 3942 468 3976; x_wconf 80' lang='lat'><strong>2.</strong></span> <span class='ocrx_word' id='word_1_263' title='bbox 494 3927 532 3991; x_wconf 90' lang='lat' dir='ltr'>[p.</span> <span class='ocrx_word' id='word_1_264' title='bbox 558 3939 630 3983; x_wconf 82' lang='lat'><strong>1252.</strong></span> <span class='ocrx_word' id='word_1_265' title='bbox 657 3927 691 3990; x_wconf 93' lang='grc'>1.]</span> <span class='ocrx_word' id='word_1_266' title='bbox 727 3926 815 3975; x_wconf 71' lang='lat' dir='ltr'>&#39;lnsu</span> <span class='ocrx_word' id='word_1_267' title='bbox 839 3942 885 3988; x_wconf 89' lang='lat' dir='ltr'>per</span> <span class='ocrx_word' id='word_1_268' title='bbox 902 3943 962 3988; x_wconf 88' lang='lat' dir='ltr'>quas</span> <span class='ocrx_word' id='word_1_269' title='bbox 981 3943 1047 3988; x_wconf 89' lang='lat' dir='ltr'>pets.</span> <span class='ocrx_word' id='word_1_270' title='bbox 1066 3933 1087 3986; x_wconf 97' lang='lat'><strong>5.</strong></span> <span class='ocrx_word' id='word_1_271' title='bbox 1109 3942 1130 3977; x_wconf 93' lang='grc'>1.</span> <span class='ocrx_word' id='word_1_272' title='bbox 1149 3929 1181 3990; x_wconf 88' lang='lat' dir='ltr'>[l.</span> <span class='ocrx_word' id='word_1_273' title='bbox 1201 3942 1224 3976; x_wconf 82' lang='lat'><strong>2.</strong></span> <span class='ocrx_word' id='word_1_274' title='bbox 1242 3929 1280 3991; x_wconf 86' lang='lat'><strong>9.]</strong></span> <span class='ocrx_word' id='word_1_275' title='bbox 1314 3928 1423 3978; x_wconf 84' lang='lat' dir='ltr'><strong>⁴1.fin.</strong></span> 
     </span>
     <span class='ocr_line' id='line_1_30' title="bbox 249 4017 1423 4083; baseline -0.001 -14"><span class='ocrx_word' id='word_1_276' title='bbox 249 4023 279 4069; x_wconf 88' lang='lat' dir='ltr'>C.</span> <span class='ocrx_word' id='word_1_277' title='bbox 296 4036 343 4083; x_wconf 88' lang='lat' dir='ltr'>per</span> <span class='ocrx_word' id='word_1_278' title='bbox 360 4035 421 4082; x_wconf 85' lang='lat' dir='ltr'>quas</span> <span class='ocrx_word' id='word_1_279' title='bbox 439 4035 505 4082; x_wconf 84' lang='lat' dir='ltr'>pers.</span> <span class='ocrx_word' id='word_1_280' title='bbox 523 4019 598 4069; x_wconf 87' lang='lat' dir='ltr'>nobis</span> <span class='ocrx_word' id='word_1_281' title='bbox 616 4034 671 4080; x_wconf 90' lang='lat' dir='ltr'>acq.</span> <span class='ocrx_word' id='word_1_282' title='bbox 691 4017 735 4082; x_wconf 89' lang='lat' dir='ltr'><strong>[C.</strong></span> <span class='ocrx_word' id='word_1_283' title='bbox 753 4034 777 4080; x_wconf 89' lang='lat'>4.</span> <span class='ocrx_word' id='word_1_284' title='bbox 796 4020 850 4080; x_wconf 81' lang='lat'><strong>27.]</strong></span> <span class='ocrx_word' id='word_1_285' title='bbox 869 4023 886 4067; x_wconf 91' lang='lat'><strong>1.</strong></span> <span class='ocrx_word' id='word_1_286' title='bbox 904 4019 946 4080; x_wconf 89' lang='lat' dir='ltr'>qui</span> <span class='ocrx_word' id='word_1_287' title='bbox 963 4019 1030 4067; x_wconf 86' lang='lat' dir='ltr'>bona</span> <span class='ocrx_word' id='word_1_288' title='bbox 1046 4019 1105 4068; x_wconf 86' lang='lat' dir='ltr'>lide.</span> <span class='ocrx_word' id='word_1_289' title='bbox 1122 4020 1143 4080; x_wconf 78' lang='lat'><strong>5.</strong></span> <span class='ocrx_word' id='word_1_290' title='bbox 1162 4017 1205 4067; x_wconf 89' lang='lat' dir='ltr'>fin.</span> <span class='ocrx_word' id='word_1_291' title='bbox 1224 4020 1250 4066; x_wconf 84' lang='grc'>11.</span> <span class='ocrx_word' id='word_1_292' title='bbox 1266 4021 1297 4067; x_wconf 90' lang='lat' dir='ltr'>de</span> <span class='ocrx_word' id='word_1_293' title='bbox 1307 4033 1362 4078; x_wconf 86' lang='lat' dir='ltr'>acq.</span> <span class='ocrx_word' id='word_1_294' title='bbox 1374 4034 1423 4068; x_wconf 87' lang='lat' dir='ltr'>rer.</span> 
     </span>
     <span class='ocr_line' id='line_1_31' title="bbox 249 4108 1421 4174; baseline -0.003 -14"><span class='ocrx_word' id='word_1_295' title='bbox 249 4113 318 4160; x_wconf 91' lang='lat' dir='ltr'>dom.</span> <span class='ocrx_word' id='word_1_296' title='bbox 338 4113 382 4174; x_wconf 91' lang='lat' dir='ltr'>[D.</span> <span class='ocrx_word' id='word_1_297' title='bbox 406 4125 448 4172; x_wconf 89' lang='lat'>41.</span> <span class='ocrx_word' id='word_1_298' title='bbox 474 4124 494 4158; x_wconf 92' lang='grc'>1.</span> <span class='ocrx_word' id='word_1_299' title='bbox 521 4110 572 4172; x_wconf 85' lang='grc'><strong>19.]</strong></span> <span class='ocrx_word' id='word_1_300' title='bbox 598 4112 615 4157; x_wconf 94' lang='grc'>1.</span> <span class='ocrx_word' id='word_1_301' title='bbox 631 4110 800 4170; x_wconf 86' lang='lat' dir='ltr'>acquiruntur.</span> <span class='ocrx_word' id='word_1_302' title='bbox 826 4123 857 4156; x_wconf 90' lang='lat' dir='ltr'>co</span> <span class='ocrx_word' id='word_1_303' title='bbox 875 4109 915 4156; x_wconf 92' lang='lat' dir='ltr'>tit.</span> <span class='ocrx_word' id='word_1_304' title='bbox 935 4110 979 4170; x_wconf 93' lang='lat' dir='ltr'><strong>[D.</strong></span> <span class='ocrx_word' id='word_1_305' title='bbox 996 4123 1037 4171; x_wconf 92' lang='lat'><strong>41.</strong></span> <span class='ocrx_word' id='word_1_306' title='bbox 1059 4123 1080 4156; x_wconf 95' lang='grc'>1.</span> <span class='ocrx_word' id='word_1_307' title='bbox 1101 4108 1150 4172; x_wconf 69' lang='grc' dir='ltr'>ια]</span> <span class='ocrx_word' id='word_1_308' title='bbox 1187 4108 1275 4158; x_wconf 71' lang='lat' dir='ltr'>‘lnst</span> <span class='ocrx_word' id='word_1_309' title='bbox 1294 4112 1315 4167; x_wconf 84' lang='lat'><strong>5.</strong></span> <span class='ocrx_word' id='word_1_310' title='bbox 1331 4108 1421 4168; x_wconf 88' lang='lat' dir='ltr'>lapilli.</span> 
     </span>
     <span class='ocr_line' id='line_1_32' title="bbox 249 4197 1422 4262; baseline -0.003 -11"><span class='ocrx_word' id='word_1_311' title='bbox 249 4214 274 4250; x_wconf 87' lang='lat' dir='ltr'>et</span> <span class='ocrx_word' id='word_1_312' title='bbox 292 4205 315 4260; x_wconf 88' lang='lat'><strong>5.</strong></span> <span class='ocrx_word' id='word_1_313' title='bbox 333 4202 423 4251; x_wconf 86' lang='lat' dir='ltr'>insula.</span> <span class='ocrx_word' id='word_1_314' title='bbox 443 4204 475 4250; x_wconf 91' lang='lat' dir='ltr'>de</span> <span class='ocrx_word' id='word_1_315' title='bbox 494 4214 542 4249; x_wconf 85' lang='lat' dir='ltr'>rer.</span> <span class='ocrx_word' id='word_1_316' title='bbox 565 4200 618 4250; x_wconf 88' lang='lat' dir='ltr'>dlv.</span> <span class='ocrx_word' id='word_1_317' title='bbox 639 4200 671 4261; x_wconf 94' lang='lat' dir='ltr'>[l.</span> <span class='ocrx_word' id='word_1_318' title='bbox 690 4213 714 4247; x_wconf 74' lang='grc' dir='ltr'><strong>α.</strong></span> <span class='ocrx_word' id='word_1_319' title='bbox 736 4211 756 4246; x_wconf 84' lang='lat' dir='ltr'>r.</span> <span class='ocrx_word' id='word_1_320' title='bbox 774 4202 797 4257; x_wconf 87' lang='lat'><strong>5.</strong></span> <span class='ocrx_word' id='word_1_321' title='bbox 817 4201 855 4246; x_wconf 87' lang='lat'><strong>18.</strong></span> <span class='ocrx_word' id='word_1_322' title='bbox 873 4210 898 4246; x_wconf 90' lang='lat' dir='ltr'>et</span> <span class='ocrx_word' id='word_1_323' title='bbox 916 4202 937 4257; x_wconf 87' lang='lat'><strong>5.</strong></span> <span class='ocrx_word' id='word_1_324' title='bbox 956 4197 1011 4262; x_wconf 68' lang='grc'><strong>11.]</strong></span> <span class='ocrx_word' id='word_1_325' title='bbox 1046 4197 1091 4246; x_wconf 83' lang='lat'>⁶1.</span> <span class='ocrx_word' id='word_1_326' title='bbox 1112 4199 1134 4248; x_wconf 88' lang='lat' dir='ltr'>si</span> <span class='ocrx_word' id='word_1_327' title='bbox 1155 4198 1278 4258; x_wconf 86' lang='lat' dir='ltr'>captivus.</span> <span class='ocrx_word' id='word_1_328' title='bbox 1295 4203 1317 4257; x_wconf 94' lang='lat'><strong>5.</strong></span> <span class='ocrx_word' id='word_1_329' title='bbox 1334 4212 1356 4246; x_wconf 93' lang='grc'>1.</span> <span class='ocrx_word' id='word_1_330' title='bbox 1379 4197 1422 4262; x_wconf 90' lang='lat' dir='ltr'>[D.</span> 
     </span>
     <span class='ocr_line' id='line_1_33' title="bbox 248 4287 1422 4354; baseline -0.003 -14"><span class='ocrx_word' id='word_1_331' title='bbox 248 4307 290 4354; x_wconf 88' lang='lat'>49.</span> <span class='ocrx_word' id='word_1_332' title='bbox 316 4304 353 4347; x_wconf 83' lang='lat'><strong>15.</strong></span> <span class='ocrx_word' id='word_1_333' title='bbox 370 4292 424 4353; x_wconf 83' lang='lat'><strong>20.]</strong></span> <span class='ocrx_word' id='word_1_334' title='bbox 460 4288 471 4329; x_wconf 85' lang='grc'><strong><em>7</em></strong></span> <span class='ocrx_word' id='word_1_335' title='bbox 487 4293 518 4338; x_wconf 93' lang='lat' dir='ltr'><strong>V.</strong></span> <span class='ocrx_word' id='word_1_336' title='bbox 540 4293 581 4338; x_wconf 92' lang='lat' dir='ltr'>Gl.</span> <span class='ocrx_word' id='word_1_337' title='bbox 596 4290 622 4338; x_wconf 89' lang='lat' dir='ltr'>in</span> <span class='ocrx_word' id='word_1_338' title='bbox 636 4293 653 4338; x_wconf 96' lang='grc'>1.</span> <span class='ocrx_word' id='word_1_339' title='bbox 671 4290 754 4338; x_wconf 90' lang='lat' dir='ltr'>divus.</span> <span class='ocrx_word' id='word_1_340' title='bbox 772 4290 798 4337; x_wconf 80' lang='grc'>11.</span> <span class='ocrx_word' id='word_1_341' title='bbox 817 4287 921 4345; x_wconf 84' lang='lat' dir='ltr'>dejure</span> <span class='ocrx_word' id='word_1_342' title='bbox 940 4288 1004 4338; x_wconf 85' lang='lat' dir='ltr'>fisci.</span> <span class='ocrx_word' id='word_1_343' title='bbox 1024 4287 1067 4352; x_wconf 89' lang='lat' dir='ltr'>[D.</span> <span class='ocrx_word' id='word_1_344' title='bbox 1086 4303 1127 4350; x_wconf 88' lang='lat'><strong>49.</strong></span> <span class='ocrx_word' id='word_1_345' title='bbox 1148 4302 1185 4349; x_wconf 82' lang='lat'><strong>14.</strong></span> <span class='ocrx_word' id='word_1_346' title='bbox 1204 4288 1256 4352; x_wconf 79' lang='lat'><strong>31.]</strong></span> <span class='ocrx_word' id='word_1_347' title='bbox 1275 4291 1342 4336; x_wconf 85' lang='lat' dir='ltr'>Bart.</span> <span class='ocrx_word' id='word_1_348' title='bbox 1358 4290 1384 4336; x_wconf 93' lang='lat' dir='ltr'>in</span> <span class='ocrx_word' id='word_1_349' title='bbox 1404 4292 1422 4337; x_wconf 93' lang='grc'>1.</span> 
     </span>
     <span class='ocr_line' id='line_1_34' title="bbox 248 4378 1422 4442; baseline -0.002 -14"><span class='ocrx_word' id='word_1_350' title='bbox 248 4382 271 4429; x_wconf 89' lang='lat' dir='ltr'>si</span> <span class='ocrx_word' id='word_1_351' title='bbox 289 4383 351 4442; x_wconf 92' lang='lat' dir='ltr'>quid</span> <span class='ocrx_word' id='word_1_352' title='bbox 374 4383 452 4430; x_wconf 90' lang='lat' dir='ltr'>bello.</span> <span class='ocrx_word' id='word_1_353' title='bbox 467 4383 492 4429; x_wconf 82' lang='lat' dir='ltr'>ff.</span> <span class='ocrx_word' id='word_1_354' title='bbox 517 4383 549 4430; x_wconf 84' lang='lat' dir='ltr'>de</span> <span class='ocrx_word' id='word_1_355' title='bbox 572 4392 639 4441; x_wconf 82' lang='lat' dir='ltr'>capt.</span> <span class='ocrx_word' id='word_1_356' title='bbox 665 4380 709 4441; x_wconf 94' lang='lat' dir='ltr'>[D.</span> <span class='ocrx_word' id='word_1_357' title='bbox 732 4392 773 4440; x_wconf 88' lang='lat'><strong>49.</strong></span> <span class='ocrx_word' id='word_1_358' title='bbox 798 4391 836 4434; x_wconf 86' lang='lat'>15·</span> <span class='ocrx_word' id='word_1_359' title='bbox 858 4379 912 4439; x_wconf 85' lang='lat'><strong>28.]</strong></span> <span class='ocrx_word' id='word_1_360' title='bbox 938 4381 1013 4426; x_wconf 86' lang='lat' dir='ltr'>Alex.</span> <span class='ocrx_word' id='word_1_361' title='bbox 1035 4389 1059 4426; x_wconf 87' lang='lat' dir='ltr'>et</span> <span class='ocrx_word' id='word_1_362' title='bbox 1082 4380 1132 4440; x_wconf 82' lang='lat' dir='ltr'>Jas.</span> <span class='ocrx_word' id='word_1_363' title='bbox 1151 4380 1216 4427; x_wconf 87' lang='lat' dir='ltr'>adl.</span> <span class='ocrx_word' id='word_1_364' title='bbox 1237 4391 1258 4425; x_wconf 92' lang='lat'><strong>1.</strong></span> <span class='ocrx_word' id='word_1_365' title='bbox 1276 4378 1301 4425; x_wconf 82' lang='lat' dir='ltr'>ff.</span> <span class='ocrx_word' id='word_1_366' title='bbox 1320 4379 1422 4439; x_wconf 72' lang='lat' dir='ltr'>deasq.</span> 
     </span>
     <span class='ocr_line' id='line_1_35' title="bbox 249 4467 1423 4534; baseline 0 -15"><span class='ocrx_word' id='word_1_367' title='bbox 249 4485 317 4530; x_wconf 88' lang='lat' dir='ltr'>poss.</span> <span class='ocrx_word' id='word_1_368' title='bbox 344 4473 387 4534; x_wconf 91' lang='lat' dir='ltr'>[D.</span> <span class='ocrx_word' id='word_1_369' title='bbox 409 4486 450 4534; x_wconf 87' lang='lat'><strong>41.</strong></span> <span class='ocrx_word' id='word_1_370' title='bbox 476 4471 510 4534; x_wconf 85' lang='lat'><strong>2.]</strong></span> <span class='ocrx_word' id='word_1_371' title='bbox 539 4473 644 4521; x_wconf 85' lang='lat' dir='ltr'>Covarr.</span> <span class='ocrx_word' id='word_1_372' title='bbox 671 4471 702 4519; x_wconf 90' lang='lat' dir='ltr'>ad</span> <span class='ocrx_word' id='word_1_373' title='bbox 719 4482 771 4529; x_wconf 84' lang='lat' dir='ltr'>reg.</span> <span class='ocrx_word' id='word_1_374' title='bbox 790 4480 932 4530; x_wconf 87' lang='lat' dir='ltr'>peccatum.</span> <span class='ocrx_word' id='word_1_375' title='bbox 950 4484 976 4530; x_wconf 92' lang='lat' dir='ltr'>p.</span> <span class='ocrx_word' id='word_1_376' title='bbox 997 4483 1020 4517; x_wconf 80' lang='lat' dir='ltr'>a.</span> <span class='ocrx_word' id='word_1_377' title='bbox 1038 4472 1059 4527; x_wconf 91' lang='lat'><strong>5.</strong></span> <span class='ocrx_word' id='word_1_378' title='bbox 1081 4483 1117 4517; x_wconf 92' lang='grc'>11.</span> <span class='ocrx_word' id='word_1_379' title='bbox 1140 4467 1278 4531; x_wconf 88' lang='lat' dir='ltr'>[Decretal.</span> <span class='ocrx_word' id='word_1_380' title='bbox 1295 4467 1321 4515; x_wconf 91' lang='lat' dir='ltr'>in</span> <span class='ocrx_word' id='word_1_381' title='bbox 1341 4479 1423 4520; x_wconf 84' lang='lat' dir='ltr'>sexto.</span> 
     </span>
    </p>
   </div>
   <div class='ocr_carea' id='block_1_6' title="bbox 251 4562 456 4624">
    <p class='ocr_par' dir='ltr' id='par_1_6' title="bbox 251 4562 456 4624">
     <span class='ocr_line' id='line_1_36' title="bbox 251 4562 456 4624; baseline 0.039 -8"><span class='ocrx_word' id='word_1_382' title='bbox 251 4574 274 4616; x_wconf 86' lang='lat' dir='ltr'>s·</span> <span class='ocrx_word' id='word_1_383' title='bbox 296 4576 333 4610; x_wconf 83' lang='lat'>12·</span> <span class='ocrx_word' id='word_1_384' title='bbox 351 4575 401 4621; x_wconf 78' lang='lat' dir='ltr'>reu·</span> <span class='ocrx_word' id='word_1_385' title='bbox 419 4562 456 4624; x_wconf 90' lang='lat' dir='ltr'>4·l</span> 
     </span>
    </p>
   </div>
   <div class='ocr_carea' id='block_1_7' title="bbox 0 0 1781 5654">
    <p class='ocr_par' dir='ltr' id='par_1_7' title="bbox 0 0 1781 5654">
     <span class='ocr_line' id='line_1_37' title="bbox 0 0 1781 5654; baseline 0 0"><span class='ocrx_word' id='word_1_386' title='bbox 0 0 1781 5654; x_wconf 95' lang='lat' dir='ltr'> </span> 
     </span>
    </p>
   </div>
  </div>
 </body>
</html>
