3546 5654
526 679 571 726 uu
595 678 689 744 June
715 676 900 726 rannone,
926 677 1005 722 cnr.
1031 675 1095 721 x11.
1343 680 1405 740 217

234 832 418 916 Occupatio
452 846 559 896 autem
591 833 670 897 haec
704 831 738 896 in
767 831 822 897 his
846 832 966 911 rebus,
991 848 1075 911 quae
1095 830 1296 912 possessioni
1321 832 1407 898 reni-

234 958 373 1025 tuntur,
406 957 444 1009 ut
475 957 554 1009 sunt
585 940 671 1008 serae
693 943 840 1023 bestiae,
863 955 1022 1025 perpetua
1043 961 1112 1008 esse
1135 941 1254 1023 debet,
1279 942 1313 1008 in
1336 943 1408 1009 aliis

232 1055 352 1121 sufficit
383 1073 518 1137 corpore
537 1067 685 1136 coeptam
711 1051 950 1134 possessionem
975 1051 1082 1117 animo
1105 1051 1252 1118 retineri.
1299 1052 1410 1119 Occu·

232 1165 322 1248 patio
343 1165 377 1230 in
399 1163 578 1230 mobilibus
602 1177 651 1229 est
674 1162 908 1246 apprehensio,
933 1163 966 1227 in
985 1161 1210 1230 immobilibus
1234 1163 1408 1230 instructio

233 1290 290 1340 aut
323 1273 494 1339 limitatio:
528 1274 615 1339 unde
651 1272 936 1357 Hermogenianus
957 1278 968 1318 ¹
993 1293 1066 1338 cum
1088 1272 1232 1340 dominia
1256 1273 1408 1340 distincta

234 1385 336 1464 dicit,
370 1385 461 1450 addit
495 1383 580 1468 agris
602 1384 758 1451 terminos
780 1385 931 1467 positos,
955 1383 1102 1450 aedificia
1124 1386 1296 1450 collocata.
1342 1384 1408 1450 Hic

235 1515 342 1562 rerum
366 1508 472 1562 status
494 1515 512 1562 a
534 1495 641 1578 poetis
664 1495 844 1561 indicatur:

322 1607 351 1670 T
351 1629 406 1672 um
427 1606 554 1690 laqueis
577 1620 717 1693 captare
729 1608 832 1692 feras
856 1620 887 1671 et
903 1606 1033 1690 fallere
1056 1609 1143 1674 visco

280 1739 283 1743 ·
322 1720 496 1785 Inventum
518 1716 556 1782 ¹:

733 1841 804 1892 tum
822 1831 972 1913 primum
996 1828 1125 1892 subiere
1147 1825 1280 1894 damas:

323 1938 592 2024 Communemque
606 1941 732 2023 prius,
755 1961 813 2013 eeu
837 1939 967 2004 lumina
990 1938 1066 2003 solis
1087 1951 1119 2002 et
1142 1959 1276 2018 aurae,

324 2050 451 2115 Cautus
474 2051 608 2114 humum
632 2050 726 2137 longo
750 2054 899 2136 signauit
923 2050 1029 2115 limite
1052 2070 1174 2114 messor
1197 2056 1222 2114 ⁸.

280 2161 489 2227 Celebratum
519 2174 595 2243 post
628 2162 730 2241 haec,
759 2175 796 2226 ut
826 2160 1109 2244 Hermogeniunus
1143 2159 1291 2241 indicat,
1321 2181 1410 2226 com-

236 2273 418 2353 mercium,
443 2274 539 2357 cujus
562 2271 664 2355 gratia

440 2382 614 2446 Fluctibus
637 2384 759 2466 ignotis
782 2380 989 2450 insultavere
1008 2384 1148 2446 carinae
1167 2384 1190 2447 ⁴.

276 2493 403 2559 Eodem
437 2506 545 2559 autem
577 2506 722 2574 tempore
756 2506 788 2557 et
816 2491 1019 2574 respublicae
1054 2491 1183 2557 institui
1208 2507 1410 2576 coeperunt,

235 2618 335 2685 atque
367 2603 413 2668 ita
443 2621 579 2685 eorum,
612 2622 695 2684 quae
717 2603 860 2685 aprima
891 2602 1122 2669 communione
1146 2603 1275 2670 divulsa
1298 2619 1410 2684 erant,

237 2714 304 2779 duo
325 2713 510 2781 factasunt
533 2733 659 2797 genera.
703 2713 781 2779 Alia
803 2714 886 2780 enim
913 2728 991 2780 sunt
1014 2712 1170 2797 publica,
1193 2716 1258 2780 hoc
1281 2730 1331 2782 est
1351 2736 1411 2799 po-

236 2825 308 2909 puli
330 2824 462 2907 propria
487 2826 591 2908 (quae
616 2839 666 2890 est
686 2824 828 2909 genuina
850 2823 946 2889 istius
971 2823 1063 2890 vocis
1085 2824 1327 2910 significatio),
1349 2827 1412 2893 alia

237 2956 324 3001 mere
346 2935 498 3019 privata,
522 2937 585 3001 hoc
609 2950 658 3004 est
679 2935 898 3018 singulorum.
945 2933 1129 3016 Occupatio
1150 2951 1257 3002 autem
1278 2937 1412 3018 publica

240 3047 354 3112 eodem
378 3046 476 3113 modo
501 3047 562 3128 lit,
586 3066 654 3128 quo
677 3046 813 3130 privata.
858 3045 1135 3113 Seneca⁸2Fines
1158 3045 1409 3113 Atheniensium

239 3172 301 3223 aut
326 3161 570 3244 Campanorum
601 3177 774 3234 vocamus,
806 3177 884 3243 quos
915 3156 1032 3223 deinde
1051 3161 1142 3224 inter
1163 3179 1195 3224 se
1217 3162 1322 3226 uicini
1333 3163 1410 3245 pri·

237 3283 320 3338 rata
341 3273 580 3336 terminatione
600 3268 827 3356 distinguunt.
875 3267 968 3334 Gens
992 3269 1078 3334 enim
1100 3288 1318 3352 unaquaeque

412 3427 415 3436 .
463 3381 607 3446 Partita
630 3377 713 3462 fines
732 3400 837 3466 regna
861 3383 1059 3460 constituit,
1083 3401 1183 3449 nouas

465 3491 657 3556 Exstrunit
679 3491 776 3556 urbes
795 3486 820 3556 ⁸.

230 3647 232 3650 -
280 3602 355 3668 Hoc
376 3601 474 3669 modo
497 3601 579 3667 dicit
602 3601 719 3666 Cicero
739 3604 750 3646 ⁷
771 3620 884 3685 agrum
908 3601 1101 3684 Arpinatem
1116 3602 1312 3686 Arpinatum
1326 3603 1409 3685 dici,

238 3712 464 3780 Tusculanum
487 3711 775 3778 Tusculanorum:
798 3711 981 3796 similisque
1005 3727 1075 3793 est,
1099 3713 1231 3796 inquit,
1249 3719 1411 3799 priuata-

237 3845 312 3888 rum
339 3826 575 3908 possestionum
599 3821 790 3908 descriptio.
838 3821 897 3885 Ex
921 3843 1007 3906 quo,
1032 3827 1114 3908 quia
1136 3845 1230 3889 suum
1253 3825 1411 3908 cujusque

231 3933 274 4017 fit
296 3955 431 4016 eorum,
450 3954 535 4017 quae
557 3945 686 3997 natura
702 3932 850 4015 fuerant
871 3937 1080 4012 communia,
1105 3933 1195 4018 quod
1213 3938 1333 4018 cuique
1357 3935 1409 4000 ob·

242 4123 436 4133 .—-..-.---

271 4240 278 4271 ¹
298 4243 315 4288 l.
333 4253 364 4288 ex
381 4242 432 4288 hoc
448 4237 513 4296 jure.
531 4237 556 4286 ff.
575 4235 683 4294 doinst.
702 4248 727 4285 et
744 4235 808 4293 iure.
829 4238 873 4299 [D.
894 4252 915 4285 1.
937 4251 957 4286 1.
977 4239 1012 4299 5.]
1049 4236 1060 4270 ²
1077 4239 1146 4300 virg.
1166 4242 1259 4300 Georg.
1277 4242 1294 4288 l.
1317 4253 1338 4287 1.
1359 4238 1410 4303 [vs.

240 4330 364 4395 139.sq.]
400 4330 506 4379 'Ovid.
530 4330 633 4377 Metam.
658 4332 675 4377 l.
705 4343 726 4377 1.
746 4329 797 4390 [vs.
818 4343 872 4377 121.
891 4341 972 4378 etvs.
993 4341 1047 4387 1³⁵·
1067 4331 1115 4391 sq.]
1151 4329 1258 4379 ⁴Ovid.
1276 4330 1352 4393 [ibid.
1372 4346 1410 4380 vs.

241 4421 307 4484 ¹³4]
344 4421 404 4469 ‘de
428 4421 514 4470 benef.
538 4423 555 4468 l.
581 4433 605 4478 7.
630 4433 652 4468 c.
677 4434 701 4481 4„
735 4419 858 4470 ‘seneca
883 4421 997 4471 Octavia.
1018 4422 1069 4484 [vs.
1087 4422 1213 4487 419.sq.]
1251 4421 1328 4471 ⁷0ff.
1351 4425 1367 4471 l.
1389 4437 1410 4472 ι.

241 4512 276 4574 [c.
295 4525 318 4568 7·
336 4515 358 4571 l·
379 4513 431 4573 21=l
