<?xml version="1.0" encoding="UTF-8"?>
<!DOCTYPE html PUBLIC "-//W3C//DTD XHTML 1.0 Transitional//EN"
    "http://www.w3.org/TR/xhtml1/DTD/xhtml1-transitional.dtd">
<html xmlns="http://www.w3.org/1999/xhtml" xml:lang="en" lang="en">
 <head>
  <title>
</title>
<meta http-equiv="Content-Type" content="text/html;charset=utf-8" />
  <meta name='ocr-system' content='tesseract 3.04.00' />
  <meta name='ocr-capabilities' content='ocr_page ocr_carea ocr_par ocr_line ocrx_word'/>
</head>
<body>
  <div class='ocr_page' id='page_1' title='image "./ledroitdeprised00hamagoog_0058.png"; bbox 0 0 3530 5656; ppageno 0'>
   <div class='ocr_carea' id='block_1_1' title="bbox 368 601 1238 685">
    <p class='ocr_par' dir='ltr' id='par_1_1' title="bbox 368 601 1238 685">
     <span class='ocr_line' id='line_1_1' title="bbox 368 601 1238 685; baseline 0.001 -22"><span class='ocrx_word' id='word_1_1' title='bbox 368 601 407 681; x_wconf 82' lang='lat'>38</span> <span class='ocrx_word' id='word_1_2' title='bbox 671 617 719 664; x_wconf 80' lang='lat' dir='ltr'>ur</span> <span class='ocrx_word' id='word_1_3' title='bbox 741 615 835 685; x_wconf 78' lang='lat' dir='ltr'>June</span> <span class='ocrx_word' id='word_1_4' title='bbox 861 613 1047 663; x_wconf 73' lang='lat' dir='ltr'>resanat.</span> <span class='ocrx_word' id='word_1_5' title='bbox 1072 613 1155 662; x_wconf 78' lang='lat' dir='ltr'>cnr.</span> <span class='ocrx_word' id='word_1_6' title='bbox 1181 613 1238 664; x_wconf 88' lang='grc'><strong>111.</strong></span> 
     </span>
    </p>
   </div>
   <div class='ocr_carea' id='block_1_2' title="bbox 207 767 1579 2752">
    <p class='ocr_par' dir='ltr' id='par_1_2' title="bbox 207 767 1579 2752">
     <span class='ocr_line' id='line_1_2' title="bbox 367 767 1545 855; baseline 0.002 -19"><span class='ocrx_word' id='word_1_7' title='bbox 367 770 494 837; x_wconf 89' lang='lat' dir='ltr'>delictis</span> <span class='ocrx_word' id='word_1_8' title='bbox 521 769 590 837; x_wconf 88' lang='lat' dir='ltr'>suis</span> <span class='ocrx_word' id='word_1_9' title='bbox 617 771 681 836; x_wconf 93' lang='lat' dir='ltr'>hoc</span> <span class='ocrx_word' id='word_1_10' title='bbox 709 769 843 854; x_wconf 85' lang='lat' dir='ltr'>insuper</span> <span class='ocrx_word' id='word_1_11' title='bbox 869 769 1078 855; x_wconf 80' lang='lat' dir='ltr'>adjungunt,</span> <span class='ocrx_word' id='word_1_12' title='bbox 1108 768 1200 852; x_wconf 90' lang='lat' dir='ltr'>quod</span> <span class='ocrx_word' id='word_1_13' title='bbox 1217 767 1251 838; x_wconf 90' lang='lat' dir='ltr'>in</span> <span class='ocrx_word' id='word_1_14' title='bbox 1271 785 1457 837; x_wconf 88' lang='lat' dir='ltr'>contactum</span> <span class='ocrx_word' id='word_1_15' title='bbox 1480 772 1545 838; x_wconf 91' lang='lat' dir='ltr'>cri·</span> 
     </span>
     <span class='ocr_line' id='line_1_3' title="bbox 366 880 1543 967; baseline 0.002 -19"><span class='ocrx_word' id='word_1_16' title='bbox 366 881 463 948; x_wconf 91' lang='lat' dir='ltr'>minis</span> <span class='ocrx_word' id='word_1_17' title='bbox 488 884 599 966; x_wconf 91' lang='lat' dir='ltr'>plures</span> <span class='ocrx_word' id='word_1_18' title='bbox 628 882 762 948; x_wconf 91' lang='lat' dir='ltr'>trahunt</span> <span class='ocrx_word' id='word_1_19' title='bbox 794 895 969 965; x_wconf 90' lang='lat' dir='ltr'>apertaque</span> <span class='ocrx_word' id='word_1_20' title='bbox 996 880 1030 947; x_wconf 91' lang='lat' dir='ltr'>vi</span> <span class='ocrx_word' id='word_1_21' title='bbox 1060 881 1231 949; x_wconf 88' lang='lat' dir='ltr'>adversum</span> <span class='ocrx_word' id='word_1_22' title='bbox 1260 883 1350 967; x_wconf 79' lang='lat' dir='ltr'>leges</span> <span class='ocrx_word' id='word_1_23' title='bbox 1380 897 1412 948; x_wconf 90' lang='lat' dir='ltr'>et</span> <span class='ocrx_word' id='word_1_24' title='bbox 1431 903 1543 966; x_wconf 86' lang='lat' dir='ltr'><strong>pacem</strong></span> 
     </span>
     <span class='ocr_line' id='line_1_4' title="bbox 365 992 1545 1079; baseline 0.001 -19"><span class='ocrx_word' id='word_1_25' title='bbox 365 993 529 1078; x_wconf 87' lang='lat' dir='ltr'><strong>publicam</strong></span> <span class='ocrx_word' id='word_1_26' title='bbox 550 993 746 1079; x_wconf 85' lang='lat' dir='ltr'>insurgunt,</span> <span class='ocrx_word' id='word_1_27' title='bbox 771 992 894 1076; x_wconf 88' lang='lat' dir='ltr'>quibus</span> <span class='ocrx_word' id='word_1_28' title='bbox 904 1011 970 1060; x_wconf 94' lang='lat' dir='ltr'>non</span> <span class='ocrx_word' id='word_1_29' title='bbox 981 993 1055 1060; x_wconf 91' lang='lat' dir='ltr'>ideo</span> <span class='ocrx_word' id='word_1_30' title='bbox 1063 995 1139 1077; x_wconf 89' lang='lat' dir='ltr'>plus</span> <span class='ocrx_word' id='word_1_31' title='bbox 1155 993 1240 1079; x_wconf 88' lang='lat' dir='ltr'>juris</span> <span class='ocrx_word' id='word_1_32' title='bbox 1260 1009 1328 1075; x_wconf 89' lang='lat' dir='ltr'>est,</span> <span class='ocrx_word' id='word_1_33' title='bbox 1348 993 1405 1060; x_wconf 90' lang='lat' dir='ltr'>sed</span> <span class='ocrx_word' id='word_1_34' title='bbox 1416 993 1545 1061; x_wconf 87' lang='lat' dir='ltr'>timoris</span> 
     </span>
     <span class='ocr_line' id='line_1_5' title="bbox 367 1103 1542 1189; baseline 0.001 -18"><span class='ocrx_word' id='word_1_35' title='bbox 367 1121 399 1172; x_wconf 90' lang='lat' dir='ltr'>et</span> <span class='ocrx_word' id='word_1_36' title='bbox 416 1105 630 1172; x_wconf 89' lang='lat' dir='ltr'>verecundiae</span> <span class='ocrx_word' id='word_1_37' title='bbox 650 1104 771 1172; x_wconf 90' lang='lat' dir='ltr'>minus.</span> <span class='ocrx_word' id='word_1_38' title='bbox 805 1103 963 1187; x_wconf 89' lang='lat' dir='ltr'>Sequitur</span> <span class='ocrx_word' id='word_1_39' title='bbox 983 1105 1060 1172; x_wconf 89' lang='lat' dir='ltr'>hinc</span> <span class='ocrx_word' id='word_1_40' title='bbox 1081 1106 1201 1172; x_wconf 91' lang='lat' dir='ltr'>bellum</span> <span class='ocrx_word' id='word_1_41' title='bbox 1221 1104 1357 1188; x_wconf 82' lang='lat' dir='ltr'><strong>aliquod</strong></span> <span class='ocrx_word' id='word_1_42' title='bbox 1372 1105 1542 1189; x_wconf 90' lang='lat' dir='ltr'>publicum</span> 
     </span>
     <span class='ocr_line' id='line_1_6' title="bbox 364 1215 1543 1302; baseline 0.001 -18"><span class='ocrx_word' id='word_1_43' title='bbox 364 1219 490 1302; x_wconf 85' lang='lat' dir='ltr'>justum</span> <span class='ocrx_word' id='word_1_44' title='bbox 519 1235 599 1282; x_wconf 88' lang='lat' dir='ltr'>esse.</span> <span class='ocrx_word' id='word_1_45' title='bbox 645 1217 750 1299; x_wconf 91' lang='lat' dir='ltr'>quue</span> <span class='ocrx_word' id='word_1_46' title='bbox 776 1215 883 1299; x_wconf 91' lang='lat' dir='ltr'>ipsum</span> <span class='ocrx_word' id='word_1_47' title='bbox 911 1216 1004 1283; x_wconf 90' lang='lat' dir='ltr'>aliter</span> <span class='ocrx_word' id='word_1_48' title='bbox 1029 1217 1124 1284; x_wconf 89' lang='lat' dir='ltr'>etiam</span> <span class='ocrx_word' id='word_1_49' title='bbox 1144 1217 1320 1300; x_wconf 92' lang='lat' dir='ltr'>probatur,</span> <span class='ocrx_word' id='word_1_50' title='bbox 1345 1216 1423 1299; x_wconf 91' lang='lat' dir='ltr'>quia</span> <span class='ocrx_word' id='word_1_51' title='bbox 1446 1237 1543 1286; x_wconf 88' lang='lat' dir='ltr'>nemo</span> 
     </span>
     <span class='ocr_line' id='line_1_7' title="bbox 207 1313 1565 1414; baseline -0.001 -18"><span class='ocrx_word' id='word_1_52' title='bbox 207 1313 353 1414; x_wconf 53' lang='grc' dir='ltr'><em>ᾖῖξβῖὶ·</em></span> <span class='ocrx_word' id='word_1_53' title='bbox 368 1344 417 1396; x_wconf 89' lang='lat' dir='ltr'>cst</span> <span class='ocrx_word' id='word_1_54' title='bbox 437 1328 495 1412; x_wconf 91' lang='lat' dir='ltr'>qui</span> <span class='ocrx_word' id='word_1_55' title='bbox 515 1330 631 1412; x_wconf 91' lang='lat' dir='ltr'>probet</span> <span class='ocrx_word' id='word_1_56' title='bbox 650 1327 800 1394; x_wconf 88' lang='lat' dir='ltr'>instituta</span> <span class='ocrx_word' id='word_1_57' title='bbox 810 1328 853 1394; x_wconf 95' lang='lat' dir='ltr'>ob</span> <span class='ocrx_word' id='word_1_58' title='bbox 866 1326 981 1411; x_wconf 89' lang='lat' dir='ltr'>finem,</span> <span class='ocrx_word' id='word_1_59' title='bbox 1001 1327 1054 1395; x_wconf 91' lang='lat' dir='ltr'>cui</span> <span class='ocrx_word' id='word_1_60' title='bbox 1072 1327 1147 1395; x_wconf 93' lang='lat' dir='ltr'>finis</span> <span class='ocrx_word' id='word_1_61' title='bbox 1161 1325 1229 1411; x_wconf 90' lang='lat' dir='ltr'>ipse</span> <span class='ocrx_word' id='word_1_62' title='bbox 1246 1345 1312 1396; x_wconf 89' lang='lat' dir='ltr'>non</span> <span class='ocrx_word' id='word_1_63' title='bbox 1326 1330 1431 1395; x_wconf 90' lang='lat' dir='ltr'>multo</span> <span class='ocrx_word' id='word_1_64' title='bbox 1445 1328 1541 1395; x_wconf 86' lang='lat' dir='ltr'>etiarn</span> <span class='ocrx_word' id='word_1_65' title='bbox 1561 1364 1565 1370; x_wconf 95' lang='lat'><em>·</em></span> 
     </span>
     <span class='ocr_line' id='line_1_8' title="bbox 367 1437 1542 1526; baseline -0.001 -18"><span class='ocrx_word' id='word_1_66' title='bbox 367 1440 470 1526; x_wconf 89' lang='lat' dir='ltr'>magis</span> <span class='ocrx_word' id='word_1_67' title='bbox 488 1443 615 1524; x_wconf 87' lang='lat' dir='ltr'>placere</span> <span class='ocrx_word' id='word_1_68' title='bbox 634 1440 758 1506; x_wconf 89' lang='lat' dir='ltr'>debeat.</span> <span class='ocrx_word' id='word_1_69' title='bbox 794 1439 936 1506; x_wconf 90' lang='lat' dir='ltr'>Tributa</span> <span class='ocrx_word' id='word_1_70' title='bbox 953 1457 1050 1506; x_wconf 89' lang='lat' dir='ltr'>nemo</span> <span class='ocrx_word' id='word_1_71' title='bbox 1069 1437 1172 1506; x_wconf 87' lang='lat' dir='ltr'>nescit</span> <span class='ocrx_word' id='word_1_72' title='bbox 1191 1440 1350 1506; x_wconf 91' lang='lat' dir='ltr'>bellorum</span> <span class='ocrx_word' id='word_1_73' title='bbox 1368 1439 1542 1524; x_wconf 84' lang='lat' dir='ltr'><strong>praecipue</strong></span> 
     </span>
     <span class='ocr_line' id='line_1_9' title="bbox 367 1549 1579 1639; baseline -0.004 -20"><span class='ocrx_word' id='word_1_74' title='bbox 367 1573 464 1619; x_wconf 90' lang='lat' dir='ltr'>causa</span> <span class='ocrx_word' id='word_1_75' title='bbox 484 1552 622 1619; x_wconf 91' lang='lat' dir='ltr'>institui.</span> <span class='ocrx_word' id='word_1_76' title='bbox 667 1553 792 1618; x_wconf 91' lang='lat' dir='ltr'>Verum</span> <span class='ocrx_word' id='word_1_77' title='bbox 813 1551 898 1618; x_wconf 87' lang='lat' dir='ltr'>enim</span> <span class='ocrx_word' id='word_1_78' title='bbox 918 1566 966 1618; x_wconf 90' lang='lat' dir='ltr'>est</span> <span class='ocrx_word' id='word_1_79' title='bbox 987 1550 1097 1618; x_wconf 87' lang='lat' dir='ltr'>Taciti</span> <span class='ocrx_word' id='word_1_80' title='bbox 1117 1561 1127 1596; x_wconf 89' lang='lat'><strong>¹</strong></span> <span class='ocrx_word' id='word_1_81' title='bbox 1146 1549 1244 1617; x_wconf 89' lang='lat' dir='ltr'>illud:</span> <span class='ocrx_word' id='word_1_82' title='bbox 1272 1572 1375 1637; x_wconf 78' lang='lat' dir='ltr'>nequa</span> <span class='ocrx_word' id='word_1_83' title='bbox 1389 1555 1540 1639; x_wconf 77' lang='lat' dir='ltr'>gentium</span> <span class='ocrx_word' id='word_1_84' title='bbox 1573 1597 1579 1614; x_wconf 80' lang='grc'><strong>.</strong></span> 
     </span>
     <span class='ocr_line' id='line_1_10' title="bbox 367 1662 1542 1750; baseline 0 -22"><span class='ocrx_word' id='word_1_85' title='bbox 367 1668 508 1750; x_wconf 78' lang='lat' dir='ltr'>quictem</span> <span class='ocrx_word' id='word_1_86' title='bbox 538 1667 607 1729; x_wconf 80' lang='lat' dir='ltr'>sine</span> <span class='ocrx_word' id='word_1_87' title='bbox 638 1667 762 1745; x_wconf 82' lang='lat' dir='ltr'>armis,</span> <span class='ocrx_word' id='word_1_88' title='bbox 795 1684 897 1749; x_wconf 75' lang='lat' dir='ltr'>nequa</span> <span class='ocrx_word' id='word_1_89' title='bbox 925 1684 1024 1730; x_wconf 82' lang='lat' dir='ltr'>arma</span> <span class='ocrx_word' id='word_1_90' title='bbox 1054 1667 1123 1728; x_wconf 78' lang='lat' dir='ltr'>sinc</span> <span class='ocrx_word' id='word_1_91' title='bbox 1145 1662 1335 1750; x_wconf 79' lang='lat' dir='ltr'>stipendiis,</span> <span class='ocrx_word' id='word_1_92' title='bbox 1359 1684 1461 1750; x_wconf 75' lang='lat' dir='ltr'>nequa</span> <span class='ocrx_word' id='word_1_93' title='bbox 1481 1667 1542 1728; x_wconf 82' lang='lat' dir='ltr'>sti·</span> 
     </span>
     <span class='ocr_line' id='line_1_11' title="bbox 363 1773 1542 1862; baseline 0 -22"><span class='ocrx_word' id='word_1_94' title='bbox 363 1774 488 1862; x_wconf 76' lang='lat' dir='ltr'>pendia</span> <span class='ocrx_word' id='word_1_95' title='bbox 511 1779 581 1840; x_wconf 82' lang='lat' dir='ltr'>sine</span> <span class='ocrx_word' id='word_1_96' title='bbox 603 1777 742 1840; x_wconf 83' lang='lat' dir='ltr'>tributis</span> <span class='ocrx_word' id='word_1_97' title='bbox 765 1776 883 1840; x_wconf 78' lang='lat' dir='ltr'>haberi</span> <span class='ocrx_word' id='word_1_98' title='bbox 900 1790 1003 1861; x_wconf 79' lang='lat' dir='ltr'>posse.</span> <span class='ocrx_word' id='word_1_99' title='bbox 1044 1773 1187 1840; x_wconf 87' lang='lat' dir='ltr'>Tributa</span> <span class='ocrx_word' id='word_1_100' title='bbox 1209 1789 1316 1842; x_wconf 91' lang='lat' dir='ltr'>autem</span> <span class='ocrx_word' id='word_1_101' title='bbox 1339 1774 1425 1841; x_wconf 91' lang='lat' dir='ltr'>solvi</span> <span class='ocrx_word' id='word_1_102' title='bbox 1448 1774 1542 1840; x_wconf 89' lang='lat' dir='ltr'>Deus</span> 
     </span>
     <span class='ocr_line' id='line_1_12' title="bbox 369 1885 1542 1974; baseline -0.002 -22"><span class='ocrx_word' id='word_1_103' title='bbox 369 1901 401 1952; x_wconf 93' lang='lat' dir='ltr'>et</span> <span class='ocrx_word' id='word_1_104' title='bbox 418 1906 475 1970; x_wconf 91' lang='lat' dir='ltr'>per</span> <span class='ocrx_word' id='word_1_105' title='bbox 502 1886 671 1953; x_wconf 87' lang='lat' dir='ltr'>Christum</span> <span class='ocrx_word' id='word_1_106' title='bbox 692 1901 723 1952; x_wconf 93' lang='lat' dir='ltr'>et</span> <span class='ocrx_word' id='word_1_107' title='bbox 742 1906 799 1970; x_wconf 91' lang='lat' dir='ltr'>per</span> <span class='ocrx_word' id='word_1_108' title='bbox 818 1887 1017 1970; x_wconf 86' lang='lat' dir='ltr'>Apostolum</span> <span class='ocrx_word' id='word_1_109' title='bbox 1039 1885 1174 1970; x_wconf 89' lang='lat' dir='ltr'>imperat</span> <span class='ocrx_word' id='word_1_110' title='bbox 1192 1885 1213 1952; x_wconf 79' lang='lat'>³.</span> <span class='ocrx_word' id='word_1_111' title='bbox 1259 1886 1370 1974; x_wconf 83' lang='lat' dir='ltr'>Quare</span> <span class='ocrx_word' id='word_1_112' title='bbox 1392 1885 1542 1969; x_wconf 92' lang='lat' dir='ltr'>sequitur</span> 
     </span>
     <span class='ocr_line' id='line_1_13' title="bbox 207 1996 1541 2083; baseline 0 -19"><span class='ocrx_word' id='word_1_113' title='bbox 207 2027 354 2076; x_wconf 60' lang='lat' dir='ltr'>amam„</span> <span class='ocrx_word' id='word_1_114' title='bbox 369 1997 463 2064; x_wconf 88' lang='lat' dir='ltr'>etiam</span> <span class='ocrx_word' id='word_1_115' title='bbox 486 1999 571 2064; x_wconf 93' lang='lat' dir='ltr'>bella</span> <span class='ocrx_word' id='word_1_116' title='bbox 597 1997 706 2080; x_wconf 88' lang='lat' dir='ltr'>aliqua</span> <span class='ocrx_word' id='word_1_117' title='bbox 733 2013 770 2064; x_wconf 95' lang='lat' dir='ltr'>ut</span> <span class='ocrx_word' id='word_1_118' title='bbox 793 1999 881 2083; x_wconf 85' lang='lat' dir='ltr'>justa</span> <span class='ocrx_word' id='word_1_119' title='bbox 909 1999 983 2064; x_wconf 91' lang='lat' dir='ltr'>Deo</span> <span class='ocrx_word' id='word_1_120' title='bbox 1000 1996 1143 2080; x_wconf 89' lang='lat' dir='ltr'>probari.</span> <span class='ocrx_word' id='word_1_121' title='bbox 1189 1997 1288 2063; x_wconf 88' lang='lat' dir='ltr'>Addo</span> <span class='ocrx_word' id='word_1_122' title='bbox 1307 1996 1401 2063; x_wconf 88' lang='lat' dir='ltr'>etiarn</span> <span class='ocrx_word' id='word_1_123' title='bbox 1427 1997 1541 2064; x_wconf 94' lang='lat' dir='ltr'>Chris-</span> 
     </span>
     <span class='ocr_line' id='line_1_14' title="bbox 208 2082 1541 2195; baseline 0 -20"><span class='ocrx_word' id='word_1_124' title='bbox 208 2082 354 2130; x_wconf 57' lang='lat' dir='ltr'><em>I&#39;m&#39;H&#39;</em></span> <span class='ocrx_word' id='word_1_125' title='bbox 367 2109 539 2176; x_wconf 90' lang='lat' dir='ltr'>tianorum.</span> <span class='ocrx_word' id='word_1_126' title='bbox 575 2109 670 2176; x_wconf 87' lang='lat' dir='ltr'>Licet</span> <span class='ocrx_word' id='word_1_127' title='bbox 691 2109 776 2176; x_wconf 88' lang='lat' dir='ltr'>enim</span> <span class='ocrx_word' id='word_1_128' title='bbox 798 2108 996 2176; x_wconf 88' lang='lat' dir='ltr'>Christianis</span> <span class='ocrx_word' id='word_1_129' title='bbox 1017 2107 1182 2191; x_wconf 91' lang='lat' dir='ltr'>quidquid</span> <span class='ocrx_word' id='word_1_130' title='bbox 1199 2125 1272 2175; x_wconf 90' lang='lat' dir='ltr'>ante</span> <span class='ocrx_word' id='word_1_131' title='bbox 1293 2109 1420 2176; x_wconf 86' lang='lat' dir='ltr'>Christi</span> <span class='ocrx_word' id='word_1_132' title='bbox 1438 2111 1541 2195; x_wconf 82' lang='lat' dir='ltr'>legem</span> 
     </span>
     <span class='ocr_line' id='line_1_15' title="bbox 367 2219 1542 2306; baseline -0.001 -18"><span class='ocrx_word' id='word_1_133' title='bbox 367 2221 479 2303; x_wconf 89' lang='lat' dir='ltr'>licuit,</span> <span class='ocrx_word' id='word_1_134' title='bbox 512 2239 572 2288; x_wconf 90' lang='lat' dir='ltr'>nec</span> <span class='ocrx_word' id='word_1_135' title='bbox 601 2220 755 2288; x_wconf 90' lang='lat' dir='ltr'>Christus</span> <span class='ocrx_word' id='word_1_136' title='bbox 785 2220 956 2305; x_wconf 88' lang='lat' dir='ltr'>prohibuit</span> <span class='ocrx_word' id='word_1_137' title='bbox 973 2222 998 2287; x_wconf 80' lang='lat'>³.</span> <span class='ocrx_word' id='word_1_138' title='bbox 1044 2219 1133 2287; x_wconf 86' lang='lat' dir='ltr'>Bella</span> <span class='ocrx_word' id='word_1_139' title='bbox 1160 2234 1234 2286; x_wconf 87' lang='lat' dir='ltr'>ante</span> <span class='ocrx_word' id='word_1_140' title='bbox 1263 2219 1433 2286; x_wconf 89' lang='lat' dir='ltr'>Christum</span> <span class='ocrx_word' id='word_1_141' title='bbox 1453 2221 1542 2306; x_wconf 86' lang='lat' dir='ltr'>justa</span> 
     </span>
     <span class='ocr_line' id='line_1_16' title="bbox 367 2330 1541 2416; baseline 0 -19"><span class='ocrx_word' id='word_1_142' title='bbox 367 2330 471 2399; x_wconf 90' lang='lat' dir='ltr'>fuisse</span> <span class='ocrx_word' id='word_1_143' title='bbox 501 2332 712 2416; x_wconf 92' lang='lat' dir='ltr'>probavimus</span> <span class='ocrx_word' id='word_1_144' title='bbox 743 2347 775 2399; x_wconf 92' lang='lat' dir='ltr'>et</span> <span class='ocrx_word' id='word_1_145' title='bbox 801 2332 947 2400; x_wconf 88' lang='lat' dir='ltr'>fatentur</span> <span class='ocrx_word' id='word_1_146' title='bbox 977 2351 1100 2400; x_wconf 91' lang='lat' dir='ltr'>omnes.</span> <span class='ocrx_word' id='word_1_147' title='bbox 1146 2331 1301 2398; x_wconf 89' lang='lat' dir='ltr'>Christus</span> <span class='ocrx_word' id='word_1_148' title='bbox 1330 2346 1437 2398; x_wconf 88' lang='lat' dir='ltr'>autem</span> <span class='ocrx_word' id='word_1_149' title='bbox 1459 2331 1541 2398; x_wconf 93' lang='lat' dir='ltr'>nihil</span> 
     </span>
     <span class='ocr_line' id='line_1_17' title="bbox 367 2442 1541 2530; baseline 0.001 -21"><span class='ocrx_word' id='word_1_150' title='bbox 367 2443 539 2528; x_wconf 90' lang='lat' dir='ltr'>prohibuit</span> <span class='ocrx_word' id='word_1_151' title='bbox 566 2464 696 2527; x_wconf 89' lang='lat' dir='ltr'>eorum,</span> <span class='ocrx_word' id='word_1_152' title='bbox 730 2464 814 2528; x_wconf 90' lang='lat' dir='ltr'>quae</span> <span class='ocrx_word' id='word_1_153' title='bbox 840 2446 929 2530; x_wconf 87' lang='lat' dir='ltr'>justa</span> <span class='ocrx_word' id='word_1_154' title='bbox 958 2458 1047 2510; x_wconf 91' lang='lat' dir='ltr'>erant</span> <span class='ocrx_word' id='word_1_155' title='bbox 1070 2444 1142 2528; x_wconf 74' lang='lat' dir='ltr'>iure</span> <span class='ocrx_word' id='word_1_156' title='bbox 1165 2457 1317 2524; x_wconf 89' lang='lat' dir='ltr'>naturae,</span> <span class='ocrx_word' id='word_1_157' title='bbox 1341 2442 1451 2526; x_wconf 93' lang='lat' dir='ltr'>qualia</span> <span class='ocrx_word' id='word_1_158' title='bbox 1471 2461 1541 2510; x_wconf 87' lang='lat' dir='ltr'>esse</span> 
     </span>
     <span class='ocr_line' id='line_1_18' title="bbox 208 2553 1540 2637; baseline 0 -19"><span class='ocrx_word' id='word_1_159' title='bbox 208 2573 355 2620; x_wconf 62' lang='lat' dir='ltr'>omem.</span> <span class='ocrx_word' id='word_1_160' title='bbox 368 2556 454 2621; x_wconf 90' lang='lat' dir='ltr'>bella</span> <span class='ocrx_word' id='word_1_161' title='bbox 477 2554 628 2621; x_wconf 86' lang='lat' dir='ltr'>diximus.</span> <span class='ocrx_word' id='word_1_162' title='bbox 674 2556 744 2622; x_wconf 91' lang='lat' dir='ltr'>Imo</span> <span class='ocrx_word' id='word_1_163' title='bbox 763 2555 845 2622; x_wconf 93' lang='lat' dir='ltr'>nihil</span> <span class='ocrx_word' id='word_1_164' title='bbox 866 2555 1021 2623; x_wconf 89' lang='lat' dir='ltr'>Christus</span> <span class='ocrx_word' id='word_1_165' title='bbox 1042 2554 1168 2637; x_wconf 86' lang='lat' dir='ltr'>antiqui</span> <span class='ocrx_word' id='word_1_166' title='bbox 1187 2553 1330 2622; x_wconf 89' lang='lat' dir='ltr'>foederis</span> <span class='ocrx_word' id='word_1_167' title='bbox 1348 2553 1487 2621; x_wconf 87' lang='lat' dir='ltr'>mutavit</span> <span class='ocrx_word' id='word_1_168' title='bbox 1505 2559 1540 2635; x_wconf 75' lang='lat'>⁵,</span> 
     </span>
     <span class='ocr_line' id='line_1_19' title="bbox 209 2626 1540 2752; baseline 0 -21"><span class='ocrx_word' id='word_1_169' title='bbox 209 2626 244 2672; x_wconf 57' lang='grc' dir='ltr'>Μ’</span> <span class='ocrx_word' id='word_1_170' title='bbox 257 2637 305 2674; x_wconf 69' lang='lat' dir='ltr'>ars.</span> <span class='ocrx_word' id='word_1_171' title='bbox 319 2627 355 2674; x_wconf 71' lang='lat' dir='ltr'>H&#39;</span> <span class='ocrx_word' id='word_1_172' title='bbox 369 2667 460 2748; x_wconf 87' lang='lat' dir='ltr'>quod</span> <span class='ocrx_word' id='word_1_173' title='bbox 478 2665 609 2749; x_wconf 91' lang='lat' dir='ltr'>quidem</span> <span class='ocrx_word' id='word_1_174' title='bbox 628 2666 668 2732; x_wconf 90' lang='lat' dir='ltr'>ad</span> <span class='ocrx_word' id='word_1_175' title='bbox 689 2667 775 2733; x_wconf 88' lang='lat' dir='ltr'>vitae</span> <span class='ocrx_word' id='word_1_176' title='bbox 797 2668 956 2734; x_wconf 85' lang='lat' dir='ltr'>humanae</span> <span class='ocrx_word' id='word_1_177' title='bbox 974 2667 1134 2752; x_wconf 85' lang='lat' dir='ltr'>justitiam</span> <span class='ocrx_word' id='word_1_178' title='bbox 1153 2685 1326 2749; x_wconf 90' lang='lat' dir='ltr'>moresque</span> <span class='ocrx_word' id='word_1_179' title='bbox 1348 2665 1540 2750; x_wconf 84' lang='lat' dir='ltr'>pertineret:</span> 
     </span>
    </p>
   </div>
   <div class='ocr_carea' id='block_1_3' title="bbox 369 2777 1541 2863">
    <p class='ocr_par' dir='ltr' id='par_1_3' title="bbox 369 2777 1541 2863">
     <span class='ocr_line' id='line_1_20' title="bbox 369 2777 1541 2863; baseline -0.003 -19"><span class='ocrx_word' id='word_1_180' title='bbox 369 2779 430 2844; x_wconf 90' lang='lat' dir='ltr'>sub</span> <span class='ocrx_word' id='word_1_181' title='bbox 462 2799 530 2861; x_wconf 92' lang='lat' dir='ltr'>quo</span> <span class='ocrx_word' id='word_1_182' title='bbox 563 2794 595 2844; x_wconf 87' lang='lat' dir='ltr'>et</span> <span class='ocrx_word' id='word_1_183' title='bbox 637 2799 702 2844; x_wconf 88' lang='lat' dir='ltr'>rem</span> <span class='ocrx_word' id='word_1_184' title='bbox 737 2778 885 2846; x_wconf 90' lang='lat' dir='ltr'>bellicam</span> <span class='ocrx_word' id='word_1_185' title='bbox 916 2778 1246 2863; x_wconf 88' lang='lat' dir='ltr'>comprehendimus,</span> <span class='ocrx_word' id='word_1_186' title='bbox 1279 2798 1376 2861; x_wconf 91' lang='lat' dir='ltr'>quam</span> <span class='ocrx_word' id='word_1_187' title='bbox 1409 2777 1541 2860; x_wconf 88' lang='lat' dir='ltr'>insuper</span> 
     </span>
    </p>
   </div>
   <div class='ocr_carea' id='block_1_4' title="bbox 208 2874 1540 3195">
    <p class='ocr_par' dir='ltr' id='par_1_4' title="bbox 208 2874 1540 3195">
     <span class='ocr_line' id='line_1_21' title="bbox 208 2874 1540 2976; baseline -0.001 -21"><span class='ocrx_word' id='word_1_188' title='bbox 208 2874 354 2976; x_wconf 54' lang='grc' dir='ltr'>ᾖῗρζζξῆζ</span> <span class='ocrx_word' id='word_1_189' title='bbox 369 2889 487 2956; x_wconf 90' lang='lat' dir='ltr'>diserte</span> <span class='ocrx_word' id='word_1_190' title='bbox 507 2891 676 2974; x_wconf 89' lang='lat' dir='ltr'>probatam</span> <span class='ocrx_word' id='word_1_191' title='bbox 695 2907 728 2958; x_wconf 91' lang='lat' dir='ltr'>et</span> <span class='ocrx_word' id='word_1_192' title='bbox 741 2890 904 2974; x_wconf 88' lang='lat' dir='ltr'>Baptistae</span> <span class='ocrx_word' id='word_1_193' title='bbox 924 2905 956 2956; x_wconf 93' lang='lat' dir='ltr'>et</span> <span class='ocrx_word' id='word_1_194' title='bbox 973 2890 1067 2956; x_wconf 91' lang='lat' dir='ltr'>Pauli</span> <span class='ocrx_word' id='word_1_195' title='bbox 1086 2889 1265 2957; x_wconf 88' lang='lat' dir='ltr'>sententiae</span> <span class='ocrx_word' id='word_1_196' title='bbox 1284 2909 1379 2972; x_wconf 90' lang='lat' dir='ltr'>supra</span> <span class='ocrx_word' id='word_1_197' title='bbox 1396 2894 1408 2929; x_wconf 81' lang='lat'><em>⁵</em></span> <span class='ocrx_word' id='word_1_198' title='bbox 1426 2888 1540 2955; x_wconf 85' lang='lat' dir='ltr'>citatae</span> 
     </span>
     <span class='ocr_line' id='line_1_22' title="bbox 369 2999 1537 3087; baseline 0.001 -21"><span class='ocrx_word' id='word_1_199' title='bbox 369 3001 447 3066; x_wconf 88' lang='lat' dir='ltr'>satis</span> <span class='ocrx_word' id='word_1_200' title='bbox 479 3002 691 3069; x_wconf 88' lang='lat' dir='ltr'>convincunt.</span> <span class='ocrx_word' id='word_1_201' title='bbox 736 3003 866 3087; x_wconf 90' lang='lat' dir='ltr'>Justum</span> <span class='ocrx_word' id='word_1_202' title='bbox 894 3002 995 3087; x_wconf 85' lang='lat' dir='ltr'>igitur</span> <span class='ocrx_word' id='word_1_203' title='bbox 1025 3003 1145 3068; x_wconf 89' lang='lat' dir='ltr'>bellum</span> <span class='ocrx_word' id='word_1_204' title='bbox 1175 3001 1310 3083; x_wconf 89' lang='lat' dir='ltr'>aliquod</span> <span class='ocrx_word' id='word_1_205' title='bbox 1329 2999 1537 3067; x_wconf 90' lang='lat' dir='ltr'>Christianis.</span> 
     </span>
     <span class='ocr_line' id='line_1_23' title="bbox 208 3109 1540 3195; baseline 0.002 -21"><span class='ocrx_word' id='word_1_206' title='bbox 208 3127 355 3174; x_wconf 59' lang='lat' dir='ltr'>uratum</span> <span class='ocrx_word' id='word_1_207' title='bbox 369 3113 414 3177; x_wconf 91' lang='lat' dir='ltr'>Et</span> <span class='ocrx_word' id='word_1_208' title='bbox 441 3112 575 3194; x_wconf 89' lang='lat' dir='ltr'>quidem</span> <span class='ocrx_word' id='word_1_209' title='bbox 596 3112 629 3179; x_wconf 94' lang='lat' dir='ltr'>in</span> <span class='ocrx_word' id='word_1_210' title='bbox 653 3113 881 3194; x_wconf 85' lang='lat' dir='ltr'>Christianos,</span> <span class='ocrx_word' id='word_1_211' title='bbox 909 3115 972 3179; x_wconf 89' lang='lat' dir='ltr'>hoc</span> <span class='ocrx_word' id='word_1_212' title='bbox 992 3129 1054 3195; x_wconf 90' lang='lat' dir='ltr'>est,</span> <span class='ocrx_word' id='word_1_213' title='bbox 1075 3111 1133 3195; x_wconf 94' lang='lat' dir='ltr'>qui</span> <span class='ocrx_word' id='word_1_214' title='bbox 1155 3111 1281 3178; x_wconf 90' lang='lat' dir='ltr'>Christi</span> <span class='ocrx_word' id='word_1_215' title='bbox 1303 3131 1421 3177; x_wconf 90' lang='lat' dir='ltr'>nomen</span> <span class='ocrx_word' id='word_1_216' title='bbox 1441 3109 1540 3194; x_wconf 90' lang='lat' dir='ltr'>profi·</span> 
     </span>
    </p>
   </div>
   <div class='ocr_carea' id='block_1_5' title="bbox 209 3181 1539 3308">
    <p class='ocr_par' dir='ltr' id='par_1_5' title="bbox 209 3181 1539 3308">
     <span class='ocr_line' id='line_1_24' title="bbox 209 3181 1539 3308; baseline 0.025 -29"><span class='ocrx_word' id='word_1_217' title='bbox 209 3181 230 3226; x_wconf 69' lang='lat'>¹⁴</span> <span class='ocrx_word' id='word_1_218' title='bbox 243 3187 292 3227; x_wconf 62' lang='lat' dir='ltr'>‘m&#39;</span> <span class='ocrx_word' id='word_1_219' title='bbox 305 3181 354 3229; x_wconf 62' lang='grc' dir='ltr'>Μ’</span> <span class='ocrx_word' id='word_1_220' title='bbox 368 3238 488 3288; x_wconf 85' lang='lat' dir='ltr'>centur.</span> <span class='ocrx_word' id='word_1_221' title='bbox 534 3225 621 3290; x_wconf 92' lang='lat' dir='ltr'>Nam</span> <span class='ocrx_word' id='word_1_222' title='bbox 648 3246 688 3291; x_wconf 87' lang='lat' dir='ltr'>ex</span> <span class='ocrx_word' id='word_1_223' title='bbox 713 3225 903 3292; x_wconf 90' lang='lat' dir='ltr'>definitione</span> <span class='ocrx_word' id='word_1_224' title='bbox 931 3240 963 3290; x_wconf 92' lang='lat' dir='ltr'>et</span> <span class='ocrx_word' id='word_1_225' title='bbox 990 3225 1114 3291; x_wconf 90' lang='lat' dir='ltr'>ratione</span> <span class='ocrx_word' id='word_1_226' title='bbox 1139 3223 1365 3308; x_wconf 87' lang='lat' dir='ltr'>oppositorum</span> <span class='ocrx_word' id='word_1_227' title='bbox 1386 3219 1539 3306; x_wconf 67' lang='lat' dir='ltr'>‘lustum</span> 
     </span>
    </p>
   </div>
   <div class='ocr_carea' id='block_1_6' title="bbox 208 3331 1540 3977">
    <p class='ocr_par' dir='ltr' id='par_1_6' title="bbox 208 3331 1540 3977">
     <span class='ocr_line' id='line_1_25' title="bbox 369 3331 1540 3422; baseline -0.002 -23"><span class='ocrx_word' id='word_1_228' title='bbox 369 3349 417 3401; x_wconf 92' lang='lat' dir='ltr'>est</span> <span class='ocrx_word' id='word_1_229' title='bbox 438 3335 559 3402; x_wconf 91' lang='lat' dir='ltr'>bellum</span> <span class='ocrx_word' id='word_1_230' title='bbox 584 3336 616 3402; x_wconf 94' lang='lat' dir='ltr'>in</span> <span class='ocrx_word' id='word_1_231' title='bbox 639 3357 713 3418; x_wconf 87' lang='lat' dir='ltr'>eos,</span> <span class='ocrx_word' id='word_1_232' title='bbox 733 3337 791 3420; x_wconf 93' lang='lat' dir='ltr'>qui</span> <span class='ocrx_word' id='word_1_233' title='bbox 812 3335 938 3402; x_wconf 90' lang='lat' dir='ltr'>faciunt</span> <span class='ocrx_word' id='word_1_234' title='bbox 959 3335 1119 3422; x_wconf 81' lang='lat' dir='ltr'>inJ&#39;uriam.</span> <span class='ocrx_word' id='word_1_235' title='bbox 1156 3334 1335 3400; x_wconf 86' lang='lat' dir='ltr'>Christiani</span> <span class='ocrx_word' id='word_1_236' title='bbox 1348 3349 1453 3400; x_wconf 86' lang='lat' dir='ltr'>autern</span> <span class='ocrx_word' id='word_1_237' title='bbox 1467 3331 1540 3414; x_wconf 92' lang='lat' dir='ltr'>qui-</span> 
     </span>
     <span class='ocr_line' id='line_1_26' title="bbox 369 3444 1540 3532; baseline -0.001 -22"><span class='ocrx_word' id='word_1_238' title='bbox 369 3445 441 3511; x_wconf 89' lang='lat' dir='ltr'>dam</span> <span class='ocrx_word' id='word_1_239' title='bbox 473 3463 550 3514; x_wconf 92' lang='lat' dir='ltr'>sunt</span> <span class='ocrx_word' id='word_1_240' title='bbox 577 3447 716 3514; x_wconf 89' lang='lat' dir='ltr'>malefici</span> <span class='ocrx_word' id='word_1_241' title='bbox 748 3463 781 3514; x_wconf 93' lang='lat' dir='ltr'>et</span> <span class='ocrx_word' id='word_1_242' title='bbox 803 3445 976 3532; x_wconf 87' lang='lat' dir='ltr'>injuriosi,</span> <span class='ocrx_word' id='word_1_243' title='bbox 1001 3447 1137 3514; x_wconf 89' lang='lat' dir='ltr'>Christo</span> <span class='ocrx_word' id='word_1_244' title='bbox 1160 3460 1243 3513; x_wconf 89' lang='lat' dir='ltr'>teste</span> <span class='ocrx_word' id='word_1_245' title='bbox 1266 3444 1297 3510; x_wconf 79' lang='lat'>⁷:</span> <span class='ocrx_word' id='word_1_246' title='bbox 1323 3464 1408 3529; x_wconf 91' lang='lat' dir='ltr'>quos</span> <span class='ocrx_word' id='word_1_247' title='bbox 1427 3463 1540 3510; x_wconf 92' lang='lat' dir='ltr'>conse·</span> 
     </span>
     <span class='ocr_line' id='line_1_27' title="bbox 208 3554 1540 3643; baseline -0.002 -21"><span class='ocrx_word' id='word_1_248' title='bbox 208 3574 355 3642; x_wconf 62' lang='lat' dir='ltr'>uenum.</span> <span class='ocrx_word' id='word_1_249' title='bbox 369 3573 505 3641; x_wconf 89' lang='lat' dir='ltr'>quenter</span> <span class='ocrx_word' id='word_1_250' title='bbox 525 3559 621 3624; x_wconf 89' lang='lat' dir='ltr'>annis</span> <span class='ocrx_word' id='word_1_251' title='bbox 644 3559 796 3642; x_wconf 90' lang='lat' dir='ltr'>persequi</span> <span class='ocrx_word' id='word_1_252' title='bbox 816 3560 872 3643; x_wconf 85' lang='lat' dir='ltr'>jus</span> <span class='ocrx_word' id='word_1_253' title='bbox 894 3574 952 3625; x_wconf 90' lang='lat' dir='ltr'>est.</span> <span class='ocrx_word' id='word_1_254' title='bbox 997 3559 1105 3625; x_wconf 90' lang='lat' dir='ltr'>Etiam</span> <span class='ocrx_word' id='word_1_255' title='bbox 1126 3555 1306 3624; x_wconf 82' lang='lat' dir='ltr'>Christiani</span> <span class='ocrx_word' id='word_1_256' title='bbox 1329 3555 1444 3640; x_wconf 91' lang='lat' dir='ltr'>poenis</span> <span class='ocrx_word' id='word_1_257' title='bbox 1463 3554 1540 3620; x_wconf 91' lang='lat' dir='ltr'>sub-</span> 
     </span>
     <span class='ocr_line' id='line_1_28' title="bbox 211 3629 1539 3753; baseline -0.003 -19"><span class='ocrx_word' id='word_1_258' title='bbox 211 3629 340 3728; x_wconf 55' lang='lat' dir='ltr'>fflamc.</span> <span class='ocrx_word' id='word_1_259' title='bbox 365 3670 491 3753; x_wconf 77' lang='lat' dir='ltr'>Jacent:</span> <span class='ocrx_word' id='word_1_260' title='bbox 516 3670 577 3734; x_wconf 90' lang='lat' dir='ltr'>hos</span> <span class='ocrx_word' id='word_1_261' title='bbox 598 3669 682 3735; x_wconf 84' lang='lat' dir='ltr'>enirn</span> <span class='ocrx_word' id='word_1_262' title='bbox 702 3670 854 3736; x_wconf 81' lang='lat' dir='ltr'>Paulus·</span> <span class='ocrx_word' id='word_1_263' title='bbox 873 3670 1054 3753; x_wconf 88' lang='lat' dir='ltr'>alloquitur</span> <span class='ocrx_word' id='word_1_264' title='bbox 1080 3669 1151 3751; x_wconf 91' lang='lat' dir='ltr'>his,</span> <span class='ocrx_word' id='word_1_265' title='bbox 1176 3690 1259 3752; x_wconf 88' lang='lat' dir='ltr'>quae</span> <span class='ocrx_word' id='word_1_266' title='bbox 1282 3669 1380 3734; x_wconf 91' lang='lat' dir='ltr'>modo</span> <span class='ocrx_word' id='word_1_267' title='bbox 1404 3665 1539 3732; x_wconf 87' lang='lat' dir='ltr'>adduxi·</span> 
     </span>
     <span class='ocr_line' id='line_1_29' title="bbox 368 3778 1540 3864; baseline -0.002 -20"><span class='ocrx_word' id='word_1_268' title='bbox 368 3798 441 3845; x_wconf 91' lang='lat' dir='ltr'>mus</span> <span class='ocrx_word' id='word_1_269' title='bbox 462 3780 590 3847; x_wconf 91' lang='lat' dir='ltr'>verbis:</span> <span class='ocrx_word' id='word_1_270' title='bbox 622 3794 655 3846; x_wconf 91' lang='lat' dir='ltr'>et</span> <span class='ocrx_word' id='word_1_271' title='bbox 677 3779 760 3846; x_wconf 86' lang='lat' dir='ltr'>forte</span> <span class='ocrx_word' id='word_1_272' title='bbox 781 3781 942 3864; x_wconf 90' lang='lat' dir='ltr'>supplicia</span> <span class='ocrx_word' id='word_1_273' title='bbox 960 3782 1049 3848; x_wconf 87' lang='lat' dir='ltr'>haud</span> <span class='ocrx_word' id='word_1_274' title='bbox 1068 3780 1190 3847; x_wconf 90' lang='lat' dir='ltr'>leviora</span> <span class='ocrx_word' id='word_1_275' title='bbox 1213 3801 1310 3863; x_wconf 91' lang='lat' dir='ltr'>quam</span> <span class='ocrx_word' id='word_1_276' title='bbox 1333 3778 1451 3846; x_wconf 89' lang='lat' dir='ltr'>caeteri</span> <span class='ocrx_word' id='word_1_277' title='bbox 1473 3797 1540 3842; x_wconf 92' lang='lat' dir='ltr'>me-</span> 
     </span>
     <span class='ocr_line' id='line_1_30' title="bbox 367 3890 1539 3977; baseline -0.002 -21"><span class='ocrx_word' id='word_1_278' title='bbox 367 3906 498 3974; x_wconf 89' lang='lat' dir='ltr'>rentur,</span> <span class='ocrx_word' id='word_1_279' title='bbox 532 3911 616 3975; x_wconf 92' lang='lat' dir='ltr'>quos</span> <span class='ocrx_word' id='word_1_280' title='bbox 646 3891 839 3958; x_wconf 88' lang='lat' dir='ltr'>sanctissimi</span> <span class='ocrx_word' id='word_1_281' title='bbox 870 3891 1011 3959; x_wconf 88' lang='lat' dir='ltr'>nominis</span> <span class='ocrx_word' id='word_1_282' title='bbox 1032 3892 1213 3959; x_wconf 88' lang='lat' dir='ltr'>reverentia</span> <span class='ocrx_word' id='word_1_283' title='bbox 1236 3893 1276 3958; x_wconf 93' lang='lat' dir='ltr'>ab</span> <span class='ocrx_word' id='word_1_284' title='bbox 1299 3890 1427 3977; x_wconf 88' lang='lat' dir='ltr'>injuriis</span> <span class='ocrx_word' id='word_1_285' title='bbox 1450 3909 1539 3955; x_wconf 90' lang='lat' dir='ltr'>coer-</span> 
     </span>
    </p>
   </div>
   <div class='ocr_carea' id='block_1_7' title="bbox 368 3999 1539 4088">
    <p class='ocr_par' dir='ltr' id='par_1_7' title="bbox 368 3999 1539 4088">
     <span class='ocr_line' id='line_1_31' title="bbox 368 3999 1539 4088; baseline -0.002 -20"><span class='ocrx_word' id='word_1_286' title='bbox 368 4023 439 4069; x_wconf 89' lang='lat' dir='ltr'>cere</span> <span class='ocrx_word' id='word_1_287' title='bbox 470 4024 536 4071; x_wconf 91' lang='lat' dir='ltr'>non</span> <span class='ocrx_word' id='word_1_288' title='bbox 566 4003 685 4088; x_wconf 92' lang='lat' dir='ltr'>potuit.</span> <span class='ocrx_word' id='word_1_289' title='bbox 733 4004 861 4070; x_wconf 87' lang='lat' dir='ltr'>Poenae</span> <span class='ocrx_word' id='word_1_290' title='bbox 894 4018 1000 4069; x_wconf 88' lang='lat' dir='ltr'>autem</span> <span class='ocrx_word' id='word_1_291' title='bbox 1033 4004 1190 4087; x_wconf 88' lang='lat' dir='ltr'>quaedam</span> <span class='ocrx_word' id='word_1_292' title='bbox 1223 4003 1292 4069; x_wconf 90' lang='lat' dir='ltr'>sine</span> <span class='ocrx_word' id='word_1_293' title='bbox 1323 4003 1409 4068; x_wconf 91' lang='lat' dir='ltr'>bello</span> <span class='ocrx_word' id='word_1_294' title='bbox 1433 3999 1539 4085; x_wconf 88' lang='lat' dir='ltr'>expeti</span> 
     </span>
    </p>
   </div>
   <div class='ocr_carea' id='block_1_8' title="bbox 369 4170 553 4182">
    <p class='ocr_par' dir='ltr' id='par_1_8' title="bbox 369 4170 553 4182">
     <span class='ocr_line' id='line_1_32' title="bbox 369 4170 553 4182; baseline 0.005 -2"><span class='ocrx_word' id='word_1_295' title='bbox 369 4170 553 4182; x_wconf 71' lang='lat'><em>-—-..</em></span> 
     </span>
    </p>
   </div>
   <div class='ocr_carea' id='block_1_9' title="bbox 367 4246 1539 4584">
    <p class='ocr_par' dir='ltr' id='par_1_9' title="bbox 367 4246 1539 4584">
     <span class='ocr_line' id='line_1_33' title="bbox 402 4246 1539 4313; baseline -0.003 -15"><span class='ocrx_word' id='word_1_296' title='bbox 402 4249 494 4298; x_wconf 88' lang='lat' dir='ltr'>¹Hist.</span> <span class='ocrx_word' id='word_1_297' title='bbox 519 4253 536 4298; x_wconf 91' lang='lat' dir='ltr'>l.</span> <span class='ocrx_word' id='word_1_298' title='bbox 560 4264 585 4311; x_wconf 73' lang='lat'>4</span> <span class='ocrx_word' id='word_1_299' title='bbox 605 4250 641 4312; x_wconf 91' lang='lat' dir='ltr'>[c.</span> <span class='ocrx_word' id='word_1_300' title='bbox 664 4251 717 4313; x_wconf 73' lang='lat'>74]</span> <span class='ocrx_word' id='word_1_301' title='bbox 753 4247 879 4299; x_wconf 76' lang='lat' dir='ltr'>’Matth</span> <span class='ocrx_word' id='word_1_302' title='bbox 904 4263 944 4299; x_wconf 82' lang='lat' dir='ltr'>aa.</span> <span class='ocrx_word' id='word_1_303' title='bbox 969 4263 1010 4299; x_wconf 84' lang='lat' dir='ltr'>ar.</span> <span class='ocrx_word' id='word_1_304' title='bbox 1034 4251 1110 4298; x_wconf 89' lang='lat' dir='ltr'>Rom.</span> <span class='ocrx_word' id='word_1_305' title='bbox 1138 4263 1176 4308; x_wconf 75' lang='lat' dir='ltr'>rs.</span> <span class='ocrx_word' id='word_1_306' title='bbox 1200 4261 1223 4307; x_wconf 81' lang='lat'>7.</span> <span class='ocrx_word' id='word_1_307' title='bbox 1257 4246 1337 4312; x_wconf 74' lang='lat' dir='ltr'>&#39;Jao</span> <span class='ocrx_word' id='word_1_308' title='bbox 1359 4261 1380 4296; x_wconf 92' lang='lat'>1.</span> <span class='ocrx_word' id='word_1_309' title='bbox 1398 4261 1438 4297; x_wconf 85' lang='lat' dir='ltr'>ar.</span> <span class='ocrx_word' id='word_1_310' title='bbox 1456 4259 1481 4296; x_wconf 91' lang='lat' dir='ltr'>et</span> <span class='ocrx_word' id='word_1_311' title='bbox 1499 4259 1539 4305; x_wconf 79' lang='lat' dir='ltr'>as.</span> 
     </span>
     <span class='ocr_line' id='line_1_34' title="bbox 368 4337 1539 4401; baseline -0.005 -10"><span class='ocrx_word' id='word_1_312' title='bbox 368 4357 393 4391; x_wconf 90' lang='lat' dir='ltr'>v.</span> <span class='ocrx_word' id='word_1_313' title='bbox 411 4341 502 4390; x_wconf 81' lang='lat' dir='ltr'>&#39;lhom</span> <span class='ocrx_word' id='word_1_314' title='bbox 528 4355 549 4389; x_wconf 89' lang='lat'>1.</span> <span class='ocrx_word' id='word_1_315' title='bbox 574 4355 597 4390; x_wconf 86' lang='lat' dir='ltr'>a.</span> <span class='ocrx_word' id='word_1_316' title='bbox 622 4355 647 4401; x_wconf 90' lang='lat' dir='ltr'>q.</span> <span class='ocrx_word' id='word_1_317' title='bbox 674 4353 729 4399; x_wconf 81' lang='lat'><strong>107.</strong></span> <span class='ocrx_word' id='word_1_318' title='bbox 751 4352 796 4389; x_wconf 89' lang='lat' dir='ltr'>art.</span> <span class='ocrx_word' id='word_1_319' title='bbox 820 4344 865 4390; x_wconf 76' lang='lat' dir='ltr'>ult</span> <span class='ocrx_word' id='word_1_320' title='bbox 907 4339 1026 4390; x_wconf 88' lang='lat' dir='ltr'>⁴Matth.</span> <span class='ocrx_word' id='word_1_321' title='bbox 1051 4353 1089 4400; x_wconf 84' lang='lat'>17.</span> <span class='ocrx_word' id='word_1_322' title='bbox 1113 4342 1145 4388; x_wconf 88' lang='lat' dir='ltr'>V.</span> <span class='ocrx_word' id='word_1_323' title='bbox 1163 4339 1221 4390; x_wconf 88' lang='lat' dir='ltr'>dist.</span> <span class='ocrx_word' id='word_1_324' title='bbox 1238 4339 1262 4387; x_wconf 91' lang='lat'>6.</span> <span class='ocrx_word' id='word_1_325' title='bbox 1280 4352 1304 4387; x_wconf 87' lang='lat' dir='ltr'>c.</span> <span class='ocrx_word' id='word_1_326' title='bbox 1321 4341 1367 4388; x_wconf 91' lang='lat' dir='ltr'>ult.</span> <span class='ocrx_word' id='word_1_327' title='bbox 1401 4337 1456 4386; x_wconf 75' lang='lat' dir='ltr'>‘in</span> <span class='ocrx_word' id='word_1_328' title='bbox 1474 4339 1539 4386; x_wconf 90' lang='lat' dir='ltr'>dem.</span> 
     </span>
     <span class='ocr_line' id='line_1_35' title="bbox 368 4429 1538 4493; baseline -0.003 -13"><span class='ocrx_word' id='word_1_329' title='bbox 368 4432 441 4480; x_wconf 89' lang='lat' dir='ltr'>inart.</span> <span class='ocrx_word' id='word_1_330' title='bbox 468 4443 529 4480; x_wconf 90' lang='lat' dir='ltr'>r.et</span> <span class='ocrx_word' id='word_1_331' title='bbox 548 4443 632 4481; x_wconf 71' lang='lat' dir='ltr'>aart.</span> <span class='ocrx_word' id='word_1_332' title='bbox 653 4444 674 4479; x_wconf 91' lang='lat'>1.</span> <span class='ocrx_word' id='word_1_333' title='bbox 715 4429 726 4463; x_wconf 80' lang='lat'><strong>⁰</strong></span> <span class='ocrx_word' id='word_1_334' title='bbox 752 4431 779 4479; x_wconf 92' lang='lat' dir='ltr'>in</span> <span class='ocrx_word' id='word_1_335' title='bbox 796 4430 848 4481; x_wconf 90' lang='lat' dir='ltr'>fine</span> <span class='ocrx_word' id='word_1_336' title='bbox 863 4445 920 4492; x_wconf 88' lang='lat' dir='ltr'>cap.</span> <span class='ocrx_word' id='word_1_337' title='bbox 943 4446 966 4480; x_wconf 83' lang='lat' dir='ltr'>a.</span> <span class='ocrx_word' id='word_1_338' title='bbox 1004 4429 1124 4480; x_wconf 88' lang='lat' dir='ltr'>⁷Matth.</span> <span class='ocrx_word' id='word_1_339' title='bbox 1137 4443 1162 4490; x_wconf 83' lang='lat'>7.</span> <span class='ocrx_word' id='word_1_340' title='bbox 1178 4445 1218 4480; x_wconf 83' lang='lat' dir='ltr'>aa.</span> <span class='ocrx_word' id='word_1_341' title='bbox 1239 4444 1277 4493; x_wconf 86' lang='lat'>19.</span> <span class='ocrx_word' id='word_1_342' title='bbox 1319 4430 1423 4478; x_wconf 82' lang='lat' dir='ltr'>⁸Rom.</span> <span class='ocrx_word' id='word_1_343' title='bbox 1454 4441 1491 4486; x_wconf 77' lang='lat'>1³·</span> <span class='ocrx_word' id='word_1_344' title='bbox 1514 4442 1538 4490; x_wconf 83' lang='lat'><em>4</em></span> 
     </span>
     <span class='ocr_line' id='line_1_36' title="bbox 367 4523 792 4584; baseline 0 -14"><span class='ocrx_word' id='word_1_345' title='bbox 367 4523 399 4570; x_wconf 89' lang='lat' dir='ltr'>V.</span> <span class='ocrx_word' id='word_1_346' title='bbox 415 4523 505 4571; x_wconf 84' lang='lat' dir='ltr'>Thom.</span> <span class='ocrx_word' id='word_1_347' title='bbox 520 4537 543 4571; x_wconf 85' lang='lat' dir='ltr'>a.</span> <span class='ocrx_word' id='word_1_348' title='bbox 559 4537 582 4572; x_wconf 86' lang='lat' dir='ltr'>a.</span> <span class='ocrx_word' id='word_1_349' title='bbox 598 4537 623 4583; x_wconf 95' lang='lat' dir='ltr'>q.</span> <span class='ocrx_word' id='word_1_350' title='bbox 639 4535 694 4584; x_wconf 74' lang='lat'>104</span> <span class='ocrx_word' id='word_1_351' title='bbox 708 4533 754 4570; x_wconf 87' lang='lat' dir='ltr'>art.</span> <span class='ocrx_word' id='word_1_352' title='bbox 767 4523 792 4571; x_wconf 86' lang='lat'>6.</span> 
     </span>
    </p>
   </div>
   <div class='ocr_carea' id='block_1_10' title="bbox 0 0 1770 5656">
    <p class='ocr_par' dir='ltr' id='par_1_10' title="bbox 0 0 1770 5656">
     <span class='ocr_line' id='line_1_37' title="bbox 0 0 1770 5656; baseline 0 1"><span class='ocrx_word' id='word_1_353' title='bbox 0 0 1770 5656; x_wconf 95' lang='lat' dir='ltr'> </span> 
     </span>
    </p>
   </div>
  </div>
 </body>
</html>
