3546 5654
394 671 453 748 178
706 685 754 734 nrt
776 687 870 754 June.
896 687 1080 734 susanna.
1108 687 1188 736 cnr.
1213 687 1262 735 xr.

393 839 438 904 sis
459 857 526 906 non
547 854 671 908 tantum
691 841 921 922 commerciis,
945 841 1004 908 sed
1026 841 1115 908 adito
1138 841 1234 906 etiam
1257 839 1345 908 vitae
1365 842 1563 910 discrimine.

247 949 379 996 Arm
393 950 479 1016 Mox
513 970 586 1016 cum
610 953 785 1018 Achenum
806 953 973 1020 venissent
996 971 1116 1033 naves,
1145 953 1269 1035 quibus
1294 953 1412 1019 Petrus
1434 953 1564 1020 Rottius

394 1075 562 1144 praeerat,
594 1061 715 1130 missus
736 1082 754 1127 a
775 1063 931 1130 societate
953 1063 1150 1129 Hollandica
1170 1063 1374 1146 posteriore,
1399 1063 1508 1130 eadem
1532 1065 1565 1130 in

393 1173 467 1237 aula
487 1172 616 1238 eaedem
639 1193 752 1240 rursus
773 1189 882 1253 artes,
906 1172 1006 1239 misso
1029 1173 1156 1239 scilicet
1175 1173 1343 1254 Malaeca,
1367 1173 1565 1256 quaeLusi·

303 1287 306 1292 “
393 1298 545 1349 tenorum
575 1284 705 1350 colonia
738 1299 787 1350 est
819 1286 852 1352 in
883 1284 1070 1350 continente
1091 1298 1204 1350 contra
1227 1284 1471 1367 Taprobanen,
1495 1305 1565 1351 mo·

393 1395 498 1459 nacho
528 1393 746 1461 Franciscano
777 1395 875 1480 legati
906 1394 1014 1479 specie
1046 1408 1079 1460 et
1110 1394 1301 1460 centurione
1333 1393 1499 1461 Roderico
1524 1394 1564 1460 dc

233 1511 304 1556 Anno
319 1516 380 1559 1⁶01·
395 1505 498 1570 Costa
516 1505 728 1572 Motamori0.
752 1505 903 1572 Secunda
923 1521 1030 1572 autem
1050 1504 1169 1573 Neckii
1189 1505 1449 1590 peregrinatione
1461 1505 1565 1587 scrip-

392 1628 443 1682 tae
461 1617 575 1682 literae
598 1617 638 1682 ad
660 1636 768 1701 regem
788 1616 972 1698 Ternatae,
1000 1595 1148 1683 sermone
1171 1617 1395 1698 Malaccensi,
1420 1631 1453 1680 et
1473 1635 1565 1682 man-

394 1725 467 1792 data
486 1727 593 1793 nuntii
612 1748 669 1810 per
691 1728 899 1811 interpretem
920 1727 1068 1810 reddita,
1093 1727 1220 1793 easdem
1240 1726 1465 1794 accusationes
1485 1746 1564 1793 con·

393 1836 557 1903 tinebant:
589 1858 663 1904 cum
695 1838 750 1906 ille
773 1837 885 1904 subito
903 1857 1025 1923 pavore
1046 1838 1206 1904 attonitus
1230 1853 1262 1904 et
1283 1840 1377 1904 velut
1398 1837 1489 1923 regni
1512 1837 1564 1902 sui

394 1947 600 2016 insidiatores
631 1949 808 2033 respiciens
840 1949 899 2016 vix
933 1950 1062 2015 tandem
1096 1948 1251 2032 precibus
1283 1950 1489 2031 placaretur,
1523 1967 1563 2014 ne

394 2059 600 2128 inimicorum
623 2060 778 2127 saevitiae
797 2061 994 2126 Batavorum
1015 2059 1234 2125 innocentiam
1256 2058 1467 2125 condonaret.
1514 2057 1564 2124 si-

392 2169 551 2236 nensibus
582 2170 702 2252 etiam,
726 2187 765 2237 ut
786 2191 898 2238 eorum
918 2171 1044 2238 animos
1063 2190 1080 2235 a
1101 2171 1231 2237 Batavis
1254 2185 1459 2252 averterent,
1483 2170 1566 2252 quid

393 2300 460 2347 non
479 2296 512 2346 et
534 2283 667 2363 quoties
691 2282 800 2348 conati
822 2297 900 2348 sunt
916 2282 1128 2365 persuadere,
1151 2281 1216 2348 nisi
1240 2282 1331 2362 quod
1348 2301 1426 2365 gens
1438 2283 1564 2364 perspi·

394 2393 530 2458 cacioris
551 2374 669 2476 judicii
699 2392 875 2458 etiamnum
899 2393 1038 2476 experiri
1059 2392 1143 2459 illud
1165 2394 1313 2472 mavult,
1345 2413 1442 2474 quam
1466 2393 1565 2458 Lusi·

235 2502 480 2569 Att016n·tanis
500 2503 657 2569 credere?
682 2503 760 2569 Non
777 2504 886 2570 minus
901 2503 1020 2570 frustra
1037 2503 1154 2588 Jacobi
1176 2503 1403 2570 Hemskerckii
1423 2503 1565 2569 adventu

393 2615 624 2680 laboraverunt
654 2615 744 2697 apud
772 2615 915 2699 reginam
948 2616 1087 2680 Patanae
1119 2629 1153 2680 et
1184 2614 1272 2702 apud
1302 2615 1398 2698 Jorae
1433 2633 1563 2698 regem,

394 2726 491 2809 (sunt
513 2727 592 2792 haec
615 2745 713 2811 regna
726 2727 759 2791 in
772 2725 971 2793 continentis
987 2724 1140 2810 regione,
1159 2745 1242 2806 quae
1255 2723 1432 2790 Siamensis
1444 2725 1563 2806 bodie,

392 2857 466 2919 pars
487 2837 587 2920 olim,
611 2853 649 2904 ut
667 2838 818 2905 nonnulli
834 2853 970 2922 putant,
994 2857 1109 2903 aureae
1123 2836 1320 2903 Chersonesi
1333 2834 1436 2919 fuit,)
1456 2850 1494 2901 ut
1506 2836 1565 2900 lla·

393 2962 543 3015 tavorum
568 2948 765 3030 amicitiam,
790 2969 887 3031 quam
911 2948 959 3013 illi
982 2947 1169 3014 avidissime
1193 2962 1284 3014 erant
1304 2947 1468 3030 amplexi,
1492 2965 1564 3012 sus-

393 3075 521 3142 pectam
545 3059 1036 3140 insimulationibusfacerent,
1061 3057 1214 3124 invalidis
1235 3060 1300 3143 jam
1327 3057 1562 3125 Lusitanorum

392 3170 569 3236 mendaciis
601 3184 634 3235 et
656 3169 735 3237 satis
767 3169 839 3253 ipso
862 3185 1009 3252 tempore
1030 3169 1214 3250 convictis,
1239 3169 1333 3253 cujus
1357 3168 1457 3234 filiam
1479 3168 1565 3235 veri·

392 3295 489 3346 tatem
518 3301 585 3346 non
613 3281 774 3348 immerito
803 3280 930 3363 antiqui
953 3279 1075 3347 dixere.
1117 3281 1188 3366 Jam
1209 3299 1289 3346 vero
1313 3299 1353 3345 ex
1375 3279 1452 3362 his,
1478 3299 1562 3362 quae

392 3390 523 3458 fortuna
546 3391 685 3474 quadam
705 3391 802 3457 celari
823 3411 888 3457 non
909 3405 1111 3474 potuerunt,
1132 3411 1229 3472 quam
1240 3392 1343 3456 multa
1355 3411 1425 3457 esse
1437 3391 1563 3475 colligi-

393 3522 487 3583 mus,
511 3522 595 3584 quae
618 3501 652 3568 in
670 3501 821 3568 notitiam
845 3503 990 3568 nondum
1012 3500 1251 3583 pervenerint?

247 3623 327 3669 Arete.
345 3624 379 3670 11·
436 3612 570 3692 Nemini
592 3613 693 3698 igitur
715 3612 833 3678 mirum
856 3612 960 3679 videri
985 3612 1104 3692 debet,
1129 3611 1157 3677 si
1180 3630 1254 3676 cum
1279 3610 1332 3676 his
1355 3611 1563 3678 calumniisa

391 3723 498 3808 pretio
529 3725 660 3806 pondus
698 3724 899 3804 accederet,
918 3725 1031 3790 hostes
1061 3722 1192 3788 Batavis
1224 3737 1257 3787 et
1284 3722 1391 3788 sicarii
1422 3743 1438 3788 e
1468 3724 1564 3789 turba

392 3851 450 3903 aut
476 3835 610 3919 decepta
644 3835 817 3902 autetiam
841 3834 948 3901 venali
971 3833 1122 3900 submitti
1144 3847 1335 3916 potuerunt.
1379 3834 1457 3919 Quo
1477 3833 1563 3900 sacto

391 3967 457 4013 non
477 3967 567 4014 suam
588 3946 686 4012 modo
706 3945 848 4028 quietem
867 3945 1020 4011 Lusitani
1043 3959 1075 4010 et
1097 3944 1293 4010 Batavorum
1312 3961 1435 4027 poenas
1456 3945 1562 4010 lucra·

391 4061 530 4140 bantur,
564 4058 634 4124 sed·
648 4072 766 4124 cuncta
794 4057 891 4123 simul
915 4056 1020 4122 caecis
1040 4055 1215 4121 turbabant
1234 4054 1501 4137 suspicionibus,
1525 4069 1564 4121 ut
1627 4043 1630 4046 ’

390 4171 505 4237 Batavi
529 4191 568 4235 ex
598 4187 774 4253 paucorum
807 4166 1014 4250 improbitate
1044 4167 1228 4232 aestimatas
1260 4181 1372 4250 gentes
1394 4163 1561 4248 fugerent:

390 4281 434 4348 ita
462 4297 500 4348 ut
527 4280 610 4346 nihil
638 4279 775 4362 propius
801 4277 927 4344 factum
956 4277 1021 4360 sit,
1045 4297 1142 4360 quam
1164 4291 1203 4342 ut
1222 4275 1294 4342 istis
1315 4275 1563 4343 difficultatibus

130 4468 133 4472 ,
390 4392 501 4458 indica
533 4391 688 4457 mercatio
719 4386 764 4454 in'
788 4403 981 4472 perpetuum
1016 4388 1285 4470 desponderetur.
1332 4386 1442 4452 Primo
1477 4387 1561 4452 enim

229 4511 374 4569 Ann01sse·
389 4505 529 4586 appulsu
554 4503 750 4569 Batavorum
779 4499 812 4564 in
839 4500 952 4584 Javam
972 4499 1150 4580 Lusitani,
1169 4519 1244 4566 cum
1265 4517 1299 4564 se
1317 4500 1421 4582 palam
1441 4498 1562 4566 amicos
1636 4590 1637 4595 ἵ
