3546 5654
366 691 425 753 ¹92
678 694 724 738 ns
748 694 843 760 June
869 692 1052 740 Pannona.
1079 691 1159 744 cne-
1184 693 1232 738 xr.

361 846 415 910 Ibi
444 846 541 913 etiam
570 848 666 914 solita
699 847 747 913 illi
767 847 901 912 fortuna
922 846 1038 912 affuit:
1062 865 1135 912 nam
1160 866 1233 910 cum
1258 847 1454 929 exspectatis
1477 847 1535 914 diu

362 979 474 1043 arege
494 958 596 1024 literis
614 959 743 1024 tandem
767 958 920 1023 dimissus
951 972 1059 1038 esset,
1084 957 1185 1023 biduo
1212 971 1388 1039 postquam
1413 958 1537 1024 abierat

362 1069 474 1136 literae
504 1069 730 1152 advenerunt,
764 1070 886 1152 quibus
911 1069 952 1134 ad
972 1071 1077 1134 aulam
1099 1068 1183 1152 regis
1208 1083 1240 1133 et
1261 1069 1350 1133 haud
1371 1068 1470 1136 dubie
1495 1071 1536 1136 ad

363 1180 498 1247 exitium
518 1183 709 1248 vocabatur.
755 1181 834 1247 Post
856 1196 921 1245 tam
945 1179 1072 1264 insigne
1089 1181 1272 1261 exemplum
1284 1179 1533 1262 vixquidquam

203 1292 348 1393 mg&-
363 1306 412 1357 est
434 1293 525 1375 quod
544 1292 656 1358 referri
679 1307 850 1358 mereatur.
894 1291 956 1356 Est
976 1305 1081 1356 tamen
1105 1294 1242 1357 alterum
1262 1306 1295 1356 et
1316 1291 1479 1357 recentius
1503 1307 1535 1358 et

362 1403 517 1486 perfidiae
538 1423 603 1468 non
625 1403 781 1483 minoris,
804 1403 896 1485 quod
915 1401 1083 1468 Warwicii
1106 1401 1204 1467 sociis
1226 1402 1266 1468 ad
1287 1402 1424 1468 insulam
1444 1404 1533 1468 Ana-

363 1515 503 1596 bonem,
526 1514 612 1580 binis
636 1514 789 1598 gradibus
814 1515 853 1580 ab
877 1528 1053 1595 aequatore
1073 1526 1228 1579 remotam
1253 1513 1385 1578 accidit:
1410 1515 1531 1596 quoin

362 1627 435 1691 loco
459 1625 546 1691 haud
569 1626 614 1691 ita
637 1629 741 1692 multo
763 1640 837 1691 ante
856 1626 946 1691 Galli
976 1624 1125 1690 homines
1136 1625 1159 1704 ,'
1170 1623 1294 1690 Missae
1306 1645 1430 1690 sacrum
1444 1645 1533 1691 acce·

362 1737 490 1815 dentes,
511 1736 552 1802 ad
572 1737 657 1819 ipsas
680 1736 746 1802 fere
768 1757 836 1802 aras
857 1757 930 1819 pars
947 1755 1062 1820 magna
1079 1735 1231 1801 trucidati
1256 1751 1289 1801 et
1310 1735 1429 1818 reliqui
1446 1736 1531 1819 capti

361 1847 499 1914 fuerant.
525 1848 589 1913 Hic
610 1848 710 1932 igitur
732 1847 873 1930 primurn
896 1847 1036 1913 Batavos
1056 1845 1304 1927 caduceatores,
1325 1846 1412 1929 pacis
1433 1846 1532 1930 insig-

361 1959 413 2024 nia
432 1958 667 2042 praeferentes,
690 1980 763 2024 cum
790 1959 830 2023 ad
851 1979 885 2024 se
898 1957 1011 2024 venire
1022 1957 1247 2040 conspicerent
1258 1957 1427 2037 Lusitani,
1452 1978 1531 2038 eos,

360 2091 444 2152 quos
474 2072 547 2156 jure
580 2070 725 2154 gentium
756 2085 885 2135 sanctos
917 2089 987 2133 esse
1017 2083 1229 2151 oportuerat,
1266 2069 1339 2135 telis
1369 2070 1532 2151 petivere:

359 2181 479 2248 cecidit
498 2202 597 2249 unus.
640 2182 724 2246 Mox
746 2196 821 2245 octo
841 2180 896 2246 alii
916 2180 1112 2245 Batavorum
1133 2200 1173 2244 ex
1203 2179 1330 2244 insidiis
1359 2179 1530 2262 intercepti

359 2293 533 2375 necatique
556 2308 652 2359 sunt:
676 2312 751 2376 pars
768 2293 947 2357 vulnerata.
988 2291 1079 2379 Quin
1101 2290 1196 2356 etiam
1216 2293 1382 2373 postulato
1399 2311 1531 2356 conces·

358 2425 463 2489 soque
497 2405 689 2487 colloquio,
722 2404 873 2470 Lusitani
895 2403 978 2468 inter
998 2403 1199 2485 loquendum
1224 2405 1368 2469 solemne
1391 2402 1531 2469 foederis

357 2507 537 2596 vexillum,
562 2515 655 2598 quod
686 2534 744 2580 sua
773 2535 791 2579 a
820 2530 910 2597 parte
932 2517 1137 2595 extulerant,
1161 2515 1359 2580 subvertunt
1382 2528 1416 2578 et
1437 2514 1530 2596 quasi

358 2628 435 2693 fidei
458 2627 552 2693 etiarn
576 2627 709 2692 vinculo
730 2629 865 2706 soluto,
888 2625 1091 2708 improvidos
1113 2641 1145 2691 et
1156 2625 1239 2692 nihil
1251 2628 1315 2691 tale
1325 2626 1530 2710 suspicantes

358 2739 430 2804 telis
452 2738 669 2818 adoriuntur,
694 2757 753 2802 nec
777 2737 846 2801 sine
866 2757 962 2803 noxa.

198 2861 278 2910 Arata.
302 2859 343 2906 ιν.
402 2850 570 2915 Habemus
601 2849 702 2933 igitur
738 2848 917 2914 Lusitanos
943 2846 1110 2930 perfidos,
1139 2847 1303 2939 sicarios,
1338 2847 1529 2929 veneficos,

356 2961 552 3044 proditores.
600 2959 755 3026 Vidimus
786 2959 841 3024 illa
862 2958 1027 3040 facinora,
1051 2973 1184 3041 propter
1208 2979 1316 3041 quae,
1342 2960 1466 3026 etiamsi
1491 2960 1530 3025 ad

356 3092 463 3155 regern
496 3070 675 3153 Hispaniae
707 3069 788 3134 nilril
818 3069 1039 3154 pertinerent,
1081 3070 1266 3140 bellumin
1296 3070 1371 3135 illos
1406 3071 1530 3154 suscipi

357 3198 390 3249 et
419 3202 517 3266 posse
547 3195 580 3246 et
607 3180 723 3246 debere
742 3199 839 3246 nemo
863 3180 1068 3246 mediocriter
1088 3200 1187 3245 sanus
1210 3181 1355 3266 negabit.
1404 3182 1469 3246 Sed
1490 3203 1529 3246 ne

355 3296 419 3359 hoc
453 3292 585 3375 quidem
614 3291 749 3375 urgebo.
795 3292 865 3356 Imo
898 3291 960 3356 nisi
992 3291 1263 3358 manifestissimis
1291 3292 1529 3358 narrationibus

356 3419 504 3487 apertum
538 3403 643 3468 fecero
678 3425 700 3467 a
734 3401 913 3467 Lasttanis
946 3417 1075 3489 gentem
1121 3404 1287 3472 Batauam
1322 3405 1528 3488 hominesque

357 3518 503 3582 Batavos
535 3516 676 3579 hostium
710 3513 777 3578 laco
810 3513 964 3592 habitos,
998 3513 1145 3598 bellaque
1172 3515 1305 3600 publico
1328 3517 1365 3578 t'n
1390 3514 1528 3580 Oriente

355 3627 551 3712 infestatus,
571 3628 672 3691 ctiam
685 3638 865 3709 antequam
878 3645 999 3688 noxam
1012 3624 1118 3689 allant
1131 3625 1202 3689 tllts
1215 3630 1420 3705 nocuissent,
1443 3629 1527 3692 tim-

356 3761 418 3826 qua
445 3751 615 3804 armatam
645 3736 688 3801 ab
712 3735 783 3800 illis
802 3749 967 3820 coeptant,
992 3750 1116 3801 caetera
1136 3735 1216 3800 mihi
1238 3736 1279 3801 ad
1301 3755 1429 3802 causam
1450 3757 1546 3818 pro«.

196 3881 266 3926 Ama
283 3881 343 3933 1⁵9⁶·
356 3853 449 3918 desse
480 3868 547 3914 non
573 3846 682 3930 cupio.
729 3847 823 3933 Quae
848 3846 970 3928 primae
988 3865 1089 3912 naves
1109 3846 1349 3912 Hollandorum
1370 3846 1412 3911 ad
1428 3847 1527 3912 Indos

357 3981 489 4032 cursum
520 3959 757 4037 instituerunt,
781 3957 832 4024 his
856 3957 977 4022 mensis
1001 3958 1098 4023 unius
1122 3957 1183 4023 iter
1201 3957 1368 4040 provectis
1386 3972 1529 4038 quatuor

357 4073 593 4140 Lusitanorum
627 4087 728 4135 naves
762 4070 929 4152 (caraccae
962 4068 1106 4154 scilicet)
1139 4069 1255 4134 obviae
1287 4083 1528 4151 apparuerunt,

355 4206 415 4252 nec
436 4183 579 4267 pariter,
604 4180 663 4246 sed
677 4198 845 4265 segreges:
871 4198 953 4261 quas
976 4180 1021 4243 ita
1045 4179 1190 4263 singulas
1211 4179 1283 4262 capi
1305 4178 1453 4261 potuisse
1473 4199 1527 4260 ea,

356 4316 439 4378 quae
462 4306 576 4376 postea
599 4273 809 4371 acciderunt,
833 4304 1025 4374 argumento
1048 4285 1138 4356 sunt‘.
1184 4290 1231 4355 Et
1253 4309 1316 4356 una
1341 4304 1406 4355 tarn
1427 4309 1529 4372 prope

257 4401 268 4418 ⁰
355 4418 556 4484 accesserat,
584 4416 620 4467 ut
640 4402 667 4467 si
690 4401 865 4482 libuisset,
889 4420 955 4466 non
977 4400 1076 4466 dubie
1097 4415 1271 4466 teneretur.
1318 4401 1401 4466 Tale
1423 4416 1530 4466 tamen

356 4517 439 4581 nihil
471 4537 488 4580 a
516 4512 648 4580 Batavis
666 4526 847 4578 tentatum:
872 4511 937 4576 imo
958 4525 1076 4577 cuneta
1096 4511 1309 4577 humanitatis
1332 4512 1436 4578 officia
1455 4532 1529 4578 cum
