3546 5654
525 679 571 725 DE
594 677 688 744 June
714 671 896 722 PRAEDAE.
922 674 1004 719 CAP·
1028 675 1094 719 xll.
1333 672 1396 734 219

227 834 354 918 legibus
375 847 536 898 vocantur
557 839 591 913 ¹,
615 833 679 896 hoc
702 845 750 895 est
770 829 955 896 communia
975 829 1145 908 omnium,
1170 828 1301 910 propria
1323 829 1396 893 nul·

226 945 303 1010 lius.
350 945 461 1029 HuJ'us
493 941 620 1027 generis
651 956 700 1007 est
725 945 800 1021 aer,
825 939 949 1023 duplici
972 939 1123 1020 ratione,
1147 953 1216 1003 tum
1241 939 1319 1020 quia
1341 958 1397 1003 oe-

226 1055 338 1138 cupari
370 1075 436 1120 non
468 1067 599 1136 potest,
632 1067 702 1117 tum
736 1052 814 1133 quia
837 1070 933 1117 usum
958 1049 1182 1133 promiscuum
1206 1048 1397 1115 hominibus

227 1163 337 1231 debet.
384 1166 431 1230 Et
461 1164 581 1229 eisdem
614 1163 654 1228 de
688 1163 795 1228 causis
831 1181 1002 1227 commune
1037 1175 1086 1226 est
1119 1160 1266 1226 omnium
1287 1147 1398 1224 'maris

229 1278 447 1356 elementum,
481 1272 645 1338 infinitum
680 1273 806 1339 scilicet
838 1273 907 1353 ita,
942 1287 980 1337 ut
1003 1271 1163 1355 possideri
1186 1289 1252 1337 non
1277 1284 1397 1352 queat,

230 1400 262 1449 et
285 1383 430 1452 omnium
463 1384 579 1451 usibus
610 1383 912 1463 accommodatum,
935 1386 1003 1450 sive
1025 1386 1272 1468 navigationem
1296 1384 1398 1466 respi-

228 1499 350 1573 cimus,
372 1499 440 1563 sive
458 1498 559 1560 etiam
574 1498 788 1580 piscaturam
808 1492 831 1558 ².
872 1494 980 1578 Cujus
999 1508 1105 1559 autern
1124 1492 1208 1578 J'uris
1228 1507 1278 1557 est
1296 1512 1398 1571 mare,

230 1606 374 1689 ejusdem
406 1619 507 1686 sunt,
541 1605 569 1670 si
591 1625 657 1686 qua
679 1607 766 1670 niare
789 1604 860 1669 aliis
883 1604 999 1670 usibus
1023 1604 1191 1688 eripiendo
1215 1623 1274 1668 sua
1296 1602 1399 1684 fecit,

230 1732 267 1782 ut
290 1736 403 1782 arenae
435 1716 555 1796 maris,
588 1736 730 1798 quorum
753 1734 829 1799 pars
852 1716 946 1780 terris
970 1715 1126 1782 continua
1148 1715 1242 1780 littus
1266 1715 1399 1780 dicitur.

229 1828 332 1892 Recte
355 1827 458 1911 igitur
482 1826 601 1892 Cicero
622 1835 652 1891 ⁸:
686 1824 780 1910 Quid
800 1841 869 1891 tam
893 1847 1059 1891 commune
1081 1847 1181 1911 quam
1205 1826 1400 1911 1111111111-

227 1939 427 2018 tuantibus,
460 1938 557 2003 littus
589 1939 729 2022 ejectis?
776 1936 886 2003 Etiam
909 1937 1074 2021 Virgilius
1099 1956 1231 2017 auram,
1256 1937 1399 2017 undam,

229 2049 322 2115 littus
356 2049 486 2115 cunctis
509 2064 620 2132 patere
644 2049 735 2114 dicit.
782 2049 872 2114 Haec
896 2048 996 2133 igitur
1018 2062 1097 2114 sunt
1120 2049 1198 2128 ilia,
1223 2067 1306 2129 quae
1331 2049 1400 2112 Ro-

228 2160 313 2225 mani
333 2160 345 2195 ⁴
363 2174 484 2226 vocant
516 2160 701 2226 communia
736 2159 881 2226 omnium
913 2161 986 2244 jure
1021 2160 1183 2240 naturali,
1219 2173 1276 2224 aut
1309 2159 1400 2239 quod

228 2269 313 2336 idem
347 2290 417 2336 esse
448 2270 616 2351 diximus,
649 2270 781 2353 publica
810 2270 895 2353 juris
927 2271 1095 2353 gentium,
1128 2269 1215 2335 sicut
1249 2285 1281 2334 et
1303 2289 1398 2334 usum

229 2401 341 2446 eorum
364 2381 463 2447 modo
483 2400 690 2446 communem
709 2379 808 2446 modo
827 2379 996 2462 pubiicum
1018 2394 1147 2446 vocant.
1193 2378 1399 2465 Quamquam

228 2511 315 2558 vero¹
341 2491 436 2556 etiam
461 2511 498 2556 ea
520 2491 646 2557 nuliius
677 2511 772 2571 esse,
804 2491 895 2573 quod
926 2491 967 2556 ad
996 2490 1227 2574 proprietatem
1260 2490 1399 2573 attinet,

230 2617 317 2668 recte
339 2602 508 2684 dicantur,
530 2604 671 2667 multum
694 2616 800 2668 tamen
825 2601 984 2667 differunt
1007 2604 1047 2668 ab
1069 2602 1145 2684 his,
1170 2622 1253 2684 quae
1276 2602 1401 2668 nullius

230 2727 308 2779 sunt
329 2728 363 2778 et
385 2713 550 2779 communi
574 2713 649 2778 usui
674 2713 832 2778 attributa
855 2732 922 2778 non
947 2729 1047 2794 sunt,
1077 2728 1116 2778 ut
1138 2713 1247 2794 ferae,
1270 2713 1399 2796 pisces,

231 2844 325 2891 aves:
359 2843 431 2890 nam
464 2824 523 2889 ista
554 2823 581 2890 si
606 2823 682 2905 quis
715 2838 879 2906 occupet,
913 2824 946 2888 in
976 2825 1031 2908 jus
1062 2825 1232 2907 proprium
1265 2823 1401 2889 transire

228 2949 391 3019 possunt,
420 2934 475 2999 iila
498 2955 577 3001 vero
602 2935 705 3001 totius
729 2935 942 3001 humanitatis
965 2954 1128 3001 consensu
1151 2934 1343 3018 proprietati
1367 2934 1400 2998 in

228 3061 422 3130 perpetuum
444 3060 578 3129 excepta
599 3060 700 3127 sunt,
724 3060 857 3128 propter
877 3065 996 3128 usum,
1022 3046 1079 3128 qui
1091 3066 1165 3111 cum
1177 3046 1219 3111 sit
1229 3044 1402 3126 omnium,

228 3177 294 3224 non
327 3158 429 3242 magis
460 3158 616 3223 omnibus
648 3158 688 3222 ab
721 3176 789 3222 uno
823 3156 904 3240 eripi
937 3171 1070 3239 potest,
1106 3177 1202 3240 quam
1226 3178 1244 3223 a
1266 3172 1297 3222 te
1320 3157 1402 3224 mihi

229 3269 320 3351 quod
351 3289 457 3335 meum
491 3283 549 3334 est.
597 3269 671 3334 Hoc
704 3282 753 3333 est
785 3269 876 3351 quod
910 3268 1029 3335 Cicero
1050 3269 1062 3303 ⁵
1082 3268 1163 3335 dicit
1193 3269 1278 3336 inter
1299 3269 1404 3353 prima

230 3399 299 3446 esse
328 3380 477 3465 justitiae
509 3398 664 3461 munera,
697 3380 795 3447 rebus
829 3380 1060 3446 communibus
1090 3401 1150 3463 pro
1174 3381 1404 3448 communibus

231 3492 293 3557 uti.
348 3491 543 3558 Scholastici
584 3491 730 3557 dicerent
769 3510 843 3557 esse
879 3491 1066 3557 communia
1098 3490 1161 3556 alia
1192 3491 1402 3573 affirmative,

226 3602 289 3668 alia
321 3602 496 3689 privative.
543 3602 726 3667 Distinctio
761 3602 841 3667 haec
874 3621 940 3668 non
974 3603 1072 3668 modo
1100 3603 1403 3686 jurisprudentibus

227 3714 347 3781 usitata
378 3727 449 3793 est,
483 3712 541 3778 sed
572 3713 665 3796 vulgi
698 3713 794 3778 etiam
828 3712 1070 3779 confessionem
1105 3715 1277 3797 exprimit:
1313 3716 1401 3780 unde

264 3972 271 4004 ¹
291 3974 307 4018 1.
332 3972 377 4020 ult.
402 3971 428 4018 1.
453 3973 484 4018 de
502 3984 573 4018 usuc.
595 3970 637 4032 [D.
655 3985 697 4031 41.
717 3972 752 4032 3.]
789 3968 833 4018 ²1.
853 3972 949 4020 Aristo.
966 3973 992 4019 ff.
1012 3975 1043 4021 de
1059 3987 1107 4020 rer.
1126 3974 1178 4022 div.
1200 3972 1242 4036 [D.
1264 3987 1285 4021 1.
1305 3977 1328 4022 8.
1352 3975 1402 4035 10.]

223 4062 235 4095 ³
254 4065 316 4110 loco
335 4075 409 4122 supra
432 4062 520 4110 citato.
554 4059 565 4091 ⁴
584 4063 643 4109 inst.
670 4062 702 4109 de
720 4075 768 4109 rer.
787 4060 840 4110 div.
859 4067 881 4121 ξ.
899 4075 923 4110 et
942 4062 1045 4123 quidem
1063 4064 1179 4111 naturali.
1197 4077 1222 4112 et
1240 4068 1261 4123 1.
1280 4066 1409 4129 littorum.

226 4153 261 4218 [1.
290 4166 312 4200 a.
341 4166 362 4200 1.
388 4156 409 4210 ξ.
436 4165 455 4199 1.
480 4163 504 4200 et
529 4154 550 4209 §-
575 4149 610 4214 5·]
638 4151 695 4212 Dig.
721 4131 754 4200 de
781 4166 829 4200 rer.
848 4152 900 4201 div.
919 4156 935 4201 1.
957 4167 977 4202 1.
997 4166 1021 4202 ct
1041 4157 1057 4201 1.
1077 4168 1099 4202 a.
1119 4167 1143 4202 et
1163 4157 1179 4202 1.
1198 4155 1296 4203 Aristo.
1314 4170 1345 4203 eo
1363 4156 1403 4205 tit.

226 4246 274 4306 [D.
301 4256 322 4290 1.
345 4241 380 4306 8.]
405 4245 422 4289 l.
445 4243 515 4302 quod
538 4241 563 4290 in
586 4243 681 4290 littore.
704 4255 728 4290 et
752 4246 768 4290 1.
793 4245 917 4302 quamvis.
935 4245 960 4292 1.
979 4247 1010 4294 de
1028 4259 1083 4305 aeq.
1102 4257 1150 4292 rer.
1163 4247 1238 4293 dom.
1260 4245 1302 4309 [D.
1320 4261 1361 4306 41.
1383 4260 1403 4294 1.

228 4348 269 4394 14.
294 4344 320 4380 et
345 4333 399 4394 so]
425 4336 443 4381 1.
470 4331 626 4390 injuriarum.
645 4336 666 4392 5.
685 4333 705 4383 si
722 4335 779 4393 quis
797 4347 846 4382 me.
863 4334 888 4382 1.
907 4338 937 4384 de
957 4334 1065 4392 injuriis.
1087 4337 1131 4397 [D.
1148 4349 1189 4397 47.
1211 4350 1248 4384 ιο.
1270 4350 1307 4392 13.
1326 4341 1347 4395 §-
1366 4337 1403 4399 7.]

222 4430 242 4475 1.
261 4426 350 4473 littora
375 4424 400 4472 1.
425 4438 457 4473 ne
481 4425 543 4486 quid
566 4425 592 4474 in
610 4425 750 4486 ioc.pub1.
770 4427 814 4488 [1).
832 4440 873 4487 43.
893 4429 915 4474 8.
935 4425 972 4490 3.]
992 4441 1049 4475 curn
1068 4430 1085 4475 1.
1103 4441 1156 4487 seq.
1191 4427 1270 4476 δ01.
1289 4430 1307 4476 1.
1328 4442 1349 4476 1.
1368 4429 1404 4490 [c.

225 4531 250 4576 7·
271 4519 293 4574 §-
314 4514 367 4578 20·]
