3530 5656
364 648 408 709 40
669 651 716 700 ult
739 652 832 718 Jmttt
858 653 1041 702 Pannona.
1067 656 1149 703 CAP.
1174 655 1228 704 111.

366 818 553 870 exercetur:
577 805 639 872 boc
663 819 736 889 est,
761 805 817 874 ubi
839 827 904 873 non
928 807 1100 892 respicitur
1123 810 1245 877 bonum
1267 809 1371 894 ipsius
1392 810 1450 893 qui
1472 832 1534 894 pu·

364 912 477 996 nitur,
501 932 557 984 aut
577 938 757 986 commune.
789 919 868 985 Duo
887 920 1068 1004 posteriora
1087 920 1168 988 vitia
1190 941 1256 988 uno
1280 923 1353 987 loco
1374 920 1458 986 idem
1480 921 1534 986 ille

365 1025 486 1092 Seneca
499 1031 508 1066 ¹
522 1027 659 1096 indicat:
679 1031 762 1097 Plus
775 1031 908 1116 faciam
928 1052 1030 1117 quam
1052 1045 1200 1118 oportet:
1221 1032 1376 1097 libentius
1389 1033 1533 1116 faciam.

364 1139 449 1204 Nam
480 1160 554 1206 cum
585 1161 711 1224 poena,
744 1157 781 1208 ut
812 1156 885 1208 ante
915 1141 1045 1208 nomina
1076 1141 1306 1222 distinximus,
1339 1142 1469 1227 proprie
1493 1143 1535 1208 sit
1622 1161 1627 1172 ·

364 1250 536 1317 retributio
573 1253 668 1337 ejus,
708 1253 800 1336 quod
836 1273 853 1318 a
883 1267 973 1335 parte
1008 1252 1069 1320 toti
1105 1273 1144 1320 ex
1177 1252 1336 1319 maleficio
1374 1253 1534 1334 debetur,

364 1377 494 1446 oportet
521 1383 588 1430 eam
620 1365 716 1450 dirigi
746 1365 787 1432 ad
815 1364 978 1448 publicam
1009 1363 1200 1431 utilitatem:
1231 1363 1285 1430 cui
1318 1364 1463 1445 accedit,
1497 1381 1535 1431 ut

364 1473 483 1539 ibidem
507 1476 734 1559 ostendimus,
755 1491 792 1542 ut
811 1475 956 1559 ipsorum
978 1494 1072 1559 saepe
1094 1476 1153 1558 qui
1172 1489 1306 1559 peccant
1327 1475 1453 1542 intersit
1468 1495 1536 1541 ma-

364 1585 465 1652 litiam
496 1605 561 1652 non
596 1585 679 1653 ferre
712 1587 914 1671 impunitam.
958 1587 1169 1672 Augustinus
1188 1591 1201 1627 ¹
1222 1588 1284 1653 hoe
1307 1586 1437 1667 voluit,
1461 1607 1534 1653 cum

364 1695 446 1762 nihil
480 1696 642 1764 infelicius
674 1697 756 1764 dixit
787 1697 941 1765 felicitate
972 1699 1186 1783 peccantium.
1231 1698 1333 1786 Quod
1356 1697 1383 1762 si
1411 1693 1534 1782 poenas

363 1807 526 1876 remittere
546 1828 612 1875 non
633 1828 757 1892 semper
776 1825 941 1891 tenemur,
961 1813 1065 1876 multo
1085 1829 1160 1876 sane
1181 1809 1289 1876 minus
1301 1809 1353 1890 id,
1375 1810 1465 1892 quod
1474 1829 1533 1876 no·

364 1918 415 1984 bis
439 1939 477 1984 ex
493 1919 620 2004 J'ustitia
642 1921 872 1988 commutative
892 1921 1039 1988 debetur.
1074 1921 1160 1987 Nam
1180 1941 1264 2004 quae
1283 1935 1453 2004 praecepta
1474 1921 1533 1988 eti-

364 2051 413 2094 am
435 2031 498 2096 hoc
520 2030 673 2097 videntur
696 2032 854 2113 suadere,
879 2052 944 2098 non
968 2033 1001 2099 id
1024 2032 1116 2116 quod
1135 2031 1282 2099 nostrum
1305 2047 1354 2098 est
1373 2032 1535 2099 remittere

364 2161 424 2207 nos
448 2140 635 2208 indistinete
657 2158 689 2208 et
709 2143 950 2226 quodammodo
973 2144 1132 2229 projicere
1148 2145 1264 2229 Jubent
1286 2148 1320 2224 ⁸,
1348 2144 1533 2226 (nunquam

364 2240 447 2319 enim
482 2252 563 2320 viris
592 2253 712 2320 sanctis
745 2253 859 2340 religio
892 2254 959 2320 fuit
993 2275 1088 2322 suum
1111 2255 1260 2340 judicio,
1295 2271 1351 2321 aut
1386 2255 1413 2320 si
1442 2255 1534 2321 aliter

363 2383 428 2430 non
448 2381 608 2449 possent,
631 2365 666 2432 vi
684 2366 773 2450 J'usta
794 2366 991 2450 consequi,)
1013 2367 1071 2432 sed
1091 2366 1204 2433 cedere
1225 2365 1336 2450 potius
1349 2387 1445 2448 quam
1457 2386 1535 2450 pec·

363 2491 469 2542 catum
492 2476 600 2542 subire
621 2491 677 2542 aut
699 2475 834 2559 publico
858 2495 927 2542 esse
950 2476 1160 2544 offendiculo.
1207 2477 1314 2559 Atqui
1335 2495 1428 2560 saepe
1452 2477 1534 2543 acci·

363 2587 412 2652 dit
429 2602 467 2652 ut
486 2606 552 2653 non
570 2602 681 2654 nostra
702 2587 878 2673 duntaxat,
896 2588 953 2654 sed
971 2587 1096 2671 publici
1116 2587 1210 2654 etiam
1231 2588 1369 2672 exempli
1388 2588 1533 2669 intersit,

363 2698 479 2763 habere
499 2717 561 2764 nos
584 2699 618 2765 id
640 2699 730 2782 quod
749 2714 896 2766 nostrum
918 2713 976 2764 est.
1018 2699 1079 2783 Jus
1098 2697 1197 2783 igitur
1214 2699 1361 2766 divinum
1382 2700 1435 2766 his
1452 2719 1535 2782 quas

203 2821 349 2922 frffir'nffir·
363 2810 505 2876 diximus
524 2811 693 2907 sententiis
712 2812 798 2877 bello
819 2811 908 2876 omni
931 2831 996 2876 non
1020 2810 1201 2878 intercedit.
1247 2811 1334 2876 Cum
1355 2826 1461 2876 autem
1479 2812 1534 2895 jus

363 2943 458 2989 omne
489 2938 574 2989 recte
605 2922 818 2990 distribuatur
849 2922 882 2987 in
916 2921 1062 2992 divinum
1095 2937 1126 2988 et
1158 2923 1358 3003 humanum,
1388 2937 1420 2989 et
1450 2923 1533 2990 bella

363 3033 520 3116 quaedam
556 3053 595 3098 ex
623 3035 695 3117 jure
727 3032 841 3099 divino
873 3033 1048 3116 procedere
1077 3034 1142 3117 jam
1177 3033 1431 3100 demonstratum
1466 3034 1533 3115 sit,

362 3145 472 3210 eadem
497 3143 585 3209 omni
602 3144 674 3228 J‘ure
691 3145 779 3229 justa
803 3163 872 3210 esse
892 3144 947 3209 illa
970 3143 1101 3228 colliget
1121 3144 1295 3211 auctoritas
1316 3146 1351 3225 ⁴,
1375 3165 1458 3227 quae
1479 3146 1534 3229 jus

267 3291 274 3300 -
363 3267 539 3322 numanum
563 3257 618 3340 jus
641 3275 710 3322 esse
734 3269 853 3340 negat,
875 3255 902 3320 si
923 3255 989 3339 juri
1010 3255 1122 3322 divino
1144 3271 1312 3340 repugnet.
1358 3256 1403 3321 Et
1426 3257 1533 3322 hacte-

362 3386 425 3432 nus
448 3367 569 3433 divinis
588 3367 783 3433 testimoniis
801 3367 924 3434 utimur
944 3372 979 3448 ⁸,
1004 3367 1090 3434 unde
1100 3369 1215 3433 -multo
1237 3367 1332 3433 etiam
1353 3370 1446 3451 plura
1466 3367 1533 3450 peti

361 3494 500 3562 possunt
531 3494 743 3563 argumenta,
767 3479 794 3544 si
818 3498 891 3544 cum
916 3497 1013 3562 supra
1040 3477 1157 3561 positis
1187 3494 1219 3544 et
1248 3479 1287 3544 ab
1317 3479 1386 3562 ipsa
1419 3494 1533 3544 natura

360 3589 472 3674 petitis
504 3590 685 3656 rationibus
716 3590 980 3674 permisceantur.
1026 3590 1218 3672 Sequuntur
1241 3590 1451 3656 auctoritates
1470 3591 1532 3657 bu·

361 3720 472 3767 manae
506 3701 614 3766 minus
646 3717 749 3768 certae
778 3701 908 3784 quidem
933 3701 1030 3782 illae,
1054 3700 1227 3768 admodum
1251 3716 1358 3768 tamen
1380 3701 1532 3785 probabi·

202 3825 324 3892 prorata
360 3815 427 3878 les:
446 3827 536 3880 ,sunt
557 3827 664 3879 autern
686 3812 851 3896 duplices,
876 3833 894 3877 a
916 3811 1008 3878 factis
1040 3812 1215 3894 dictisque.
1261 3813 1347 3878 Nam
1380 3812 1407 3878 si
1426 3813 1532 3897 justae

202 3890 475 4034 5viititniifg'emerito
508 3924 732 3992 existimantur
752 3925 916 4009 justorum
941 3924 1087 3991 virorum
1109 3923 1275 4005 actiones,
1300 3923 1351 4005 si,
1375 3923 1531 4006 inquam,

128 4109 131 4115 ,
201 3998 318 4103 milii·
349 4039 401 4104 -ad
423 4057 474 4104 res
497 4057 609 4104 omnes
630 4036 857 4102 discernendas
879 4035 1055 4118 plurimum
1076 4037 1187 4102 valent
1210 4037 1380 4118 exempla,
1405 4050 1532 4118 tempus

394 4295 402 4327 ¹
421 4298 452 4345 de
475 4297 519 4345 ira.
542 4299 559 4345 l.
581 4309 604 4354 ³·
619 4309 641 4345 c.
659 4310 696 4345 12.
730 4293 741 4327 ⁹
759 4298 790 4346 de
805 4310 877 4346 serm.
894 4296 968 4344 Dom.
985 4294 1010 4343 in
1025 4306 1119 4343 monte.
1138 4293 1203 4358 [vol.
1219 4306 1241 4353 3.
1256 4309 1281 4354 p.
1296 4308 1319 4342 2.
1336 4309 1362 4354 p.
1380 4295 1529 4357 117-170·]

361 4387 372 4422 ³
389 4390 455 4448 nug.
480 4401 521 4447 ep.
538 4401 563 4448 4.
580 4389 612 4436 ad
634 4389 751 4436 Marcell.
775 4387 867 4436 citatur
891 4387 918 4434 in
943 4400 966 4434 c.
987 4397 1095 4446 paratus.
1114 4387 1201 4448 [Dece.
1219 4387 1288 4434 Grat.
1305 4399 1331 4446 p.
1350 4399 1373 4434 a.
1391 4399 1431 4443 23.
1454 4399 1474 4433 1.
1494 4385 1530 4447 a.]

359 4478 431 4527 Adde
445 4493 487 4538 ep.
504 4491 544 4535 50.
559 4480 590 4526 ad
604 4477 691 4526 Bonif.
709 4479 782 4528 Com.
795 4479 831 4526 V.
848 4492 871 4526 c.
887 4477 1003 4528 ecclesia.
1024 4490 1047 4526 c.
1068 4490 1098 4525 ea
1116 4477 1238 4526 vindicta.
1255 4491 1278 4526 c.
1301 4475 1425 4537 quisquis.
1443 4477 1530 4538 [Deor.

360 4571 428 4617 Grat.
444 4584 470 4629 p.
489 4583 512 4617 a.
529 4582 569 4627 23·
586 4583 610 4631 4.
625 4583 647 4618 c.
663 4582 705 4630 42.
720 4581 745 4617 et
761 4581 801 4624 ⁵1.
816 4580 840 4617 et
857 4569 910 4631 sa]
945 4566 957 4599 ⁴
974 4571 1032 4617 Act.
1049 4581 1071 4625 5·
1086 4582 1127 4630 29.
1161 4567 1171 4600 ⁵
1190 4568 1333 4629 adprobat.
1349 4579 1394 4616 art.
1408 4579 1529 4628 a.3.et4.
