3552 5654
541 677 587 722 ue
611 675 705 742 Jurtr.
732 675 1075 723 rununuu.cnr>.11.
1341 653 1399 716 161

180 900 191 912 ,
224 833 396 918 praebeat,
437 849 545 912 neque
581 830 614 896 in
654 830 753 894 ullam
787 844 909 910 partem
947 829 1043 896 maris
1077 826 1258 912 praefectus
1297 825 1400 893 venit.

224 945 325 1032 Quod
347 945 374 1009 si
395 942 492 1028 regiis
519 939 683 1008 sumtibus
712 939 869 1006 instructa
896 939 989 1006 navis
1016 959 1082 1006 non
1104 938 1229 1021 fuerit,
1253 936 1399 1003 exhibita

225 1056 293 1141 regi
324 1074 383 1120 sua
414 1053 590 1136 portione,
630 1048 797 1132 praefecto
830 1051 905 1116 item
936 1071 1019 1132 sua,
1058 1050 1222 1133 reliquum
1251 1047 1335 1115 inter
1365 1067 1400 1114 se

225 1165 367 1232 victores
387 1163 551 1230 dividunt.
598 1161 633 1227 Si
655 1161 730 1242 quis
752 1161 852 1245 igitur
872 1183 1002 1246 operam
1025 1183 1136 1245 perse
1161 1176 1218 1226 aut
1238 1181 1297 1243 per
1318 1159 1398 1225 alios

223 1289 323 1342 navet
350 1276 437 1340 bello
468 1272 625 1355 publico,
659 1287 801 1337 sumtum
833 1271 929 1338 faciat
952 1273 991 1339 de
1016 1292 1101 1352 suu,
1127 1291 1222 1338 omne
1243 1271 1398 1336 damnum

226 1401 325 1466 atque
344 1385 525 1468 periculum
547 1384 579 1450 in
598 1404 632 1449 se
643 1382 799 1466 recipiat,
823 1382 923 1464 idque
935 1385 1028 1449 nullo
1041 1381 1224 1466 publicitus
1235 1380 1399 1463 stipendio

228 1496 388 1577 donatus,
414 1497 500 1560 hunc
523 1494 686 1576 quidquid
709 1494 798 1560 hosti
821 1494 918 1576 eripit
936 1493 1001 1558 sibi
1021 1493 1187 1575 acquirere
1211 1508 1244 1558 et
1265 1493 1398 1574 quidem

229 1605 439 1688 insolidum,
462 1621 613 1672 constans
632 1604 778 1671 omnium
798 1605 969 1670 doctorum
983 1610 991 1642 ¹
1004 1619 1035 1669 et
1047 1604 1228 1670 eommunis
1240 1603 1399 1669 sententia

227 1731 285 1782 est.
333 1717 417 1782 Cum
442 1717 525 1782 enim
550 1716 700 1797 iniquum
724 1716 789 1796 sit,
814 1731 851 1781 ut
873 1716 915 1780 ad
939 1714 1133 1782 Corinthios
1154 1715 1268 1782 scribit
1287 1716 1397 1797 Apos-

223 1824 354 1906 tolus²‚
376 1829 583 1911 accuratissimi
603 1855 667 1894 attat
685 1829 761 1902 idiote
783 1830 927 1911 suaviae,
952 1826 1015 1890 hoc
1028 1841 1099 1907 est,
1123 1827 1398 1912 militarequem-

221 1959 321 2024 quam
353 1942 420 2002 suis
451 1936 647 2022 stipendiis,
678 1951 734 2001 aut
759 1951 797 2002 ut
818 1937 921 2020 Syrus
942 1936 1194 2036 interpretatur,
1219 1940 1288 2002 suis
1310 1959 1397 2002 sum·

221 2051 333 2130 tibus,
376 2049 444 2115 sine
485 2049 584 2133 digna
624 2047 750 2113 scilicet
793 2068 850 2129 spe
889 2047 1096 2130 compendii,
1129 2049 1222 2129 quod
1250 2050 1397 2133 subjecta

220 2161 373 2228 vinitoris
403 2175 436 2226 et
464 2159 608 2243 pecuarii
642 2161 789 2242 exempla
821 2160 1008 2241 declarant3
1044 2180 1080 2224 ac
1112 2175 1224 2226 contra
1256 2161 1396 2226 naturali

222 2273 380 2352 aequitati
403 2267 681 2351 consentaneum,
701 2285 740 2336 ut
761 2271 922 2354 cujusque
944 2271 989 2336 rei
1009 2291 1082 2336 eum
1103 2277 1283 2354 sequantur
1304 2291 1397 2338 com·

221 2385 338 2465 moda,
370 2403 466 2464 quem
494 2396 680 2464 sequuntur
701 2381 927 2463 incommoda,
960 2381 1058 2446 tacita
1085 2381 1236 2466 pactione
1265 2382 1392 2465 (qualis

222 2496 255 2562 in
287 2493 462 2560 antichresi
491 2492 704 2576 intelligitur)
735 2492 885 2558 effectum
921 2492 1075 2575 videtur,
1117 2508 1154 2558 ut
1187 2492 1415 2592 respublica,

222 2620 375 2672 contenta
411 2605 521 2670 hostes
555 2603 624 2670 sine
658 2624 718 2670 suo
755 2619 866 2669 sumtu
900 2619 1056 2670 mactasse
1091 2603 1296 2684 infortunio,
1336 2604 1394 2688 jus

222 2736 318 2782 suum
351 2716 385 2782 in
414 2735 466 2780 res
494 2715 631 2780 hostiles
665 2715 714 2780 illi
744 2715 942 2800 resignaret,
980 2715 1038 2796 qui
1071 2714 1217 2781 vicissim
1248 2716 1281 2780 in
1308 2735 1342 2781 se
1361 2715 1396 2780 id

221 2845 317 2892 omne
329 2826 515 2908 recepisset,
536 2827 627 2906 quod
637 2826 707 2908 ipsa
717 2827 850 2892 deberet
859 2840 1032 2908 praestare.
1058 2825 1275 2891 Verissimum
1286 2839 1394 2891 autem

221 2952 288 3016 est,
313 2936 404 3019 quod
425 2937 529 3003 nostri
549 2935 633 3020 jrrris
656 2937 1023 3019 interpretes³docent,
1044 2937 1099 3020 jus
1122 2936 1200 3002 belli
1222 2955 1395 3002 commune

221 3061 253 3114 et
273 3047 437 3130 plerisque
466 3047 620 3131 gentibus
642 3063 811 3130 receptum
834 3066 961 3130 semper
983 3047 1188 3128 sequendum
1213 3067 1305 3128 esse,
1330 3047 1393 3112 nisi

221 3159 303 3240 quid
329 3177 423 3224 secus
451 3173 507 3224 aut
534 3161 605 3242 lege
634 3174 691 3224 aut
721 3158 873 3241 pactione
901 3157 1072 3224 definitum
1093 3159 1145 3224 sit.
1193 3158 1285 3246 Quid
1306 3158 1392 3226 enim

221 3271 329 3336 obstat
354 3290 412 3336 cur
439 3290 529 3349 non,
564 3269 612 3335 uti
644 3269 780 3334 caeteris
810 3270 850 3336 de
871 3273 992 3349 rebus,
1017 3270 1063 3334 ita
1083 3271 1123 3335 de
1144 3270 1261 3352 praeda
1282 3271 1393 3354 justae

219 3396 317 3462 atque
345 3381 508 3465 legitimae
540 3381 606 3447 sint
632 3380 800 3463 pactiones
820 3381 858 3446 ⁴?
906 3383 1018 3448 Potest
1047 3401 1124 3466 ergo
1146 3382 1331 3465 respublica
1355 3403 1394 3446 ex

221 3492 275 3557 illa
304 3493 399 3558 etiam
429 3492 570 3575 praeda,
603 3513 687 3573 quae
712 3492 849 3574 privatis
871 3493 1026 3576 impensis
1049 3493 1120 3558 sine
1142 3493 1288 3558 mercede
1308 3494 1394 3560 mili-

220 3604 357 3670 tantium
391 3604 540 3686 capitur,
571 3618 694 3686 partem
725 3604 868 3685 aliquam
903 3605 966 3670 sibi
994 3605 1178 3687 =excipere⁵
1211 3619 1268 3670 aut
1301 3605 1392 3670 alteri

219 3714 352 3796 praemii
386 3716 459 3780 loco
492 3714 654 3798 assignare
673 3714 707 3794 ⁶,
743 3715 838 3797 quasi
871 3715 1007 3796 quadarn
1041 3717 1131 3800 justa
1163 3715 1204 3780 ad
1238 3717 1388 3798 praedam

218 3868 409 3880 *uam-...-

252 3935 260 3967 ¹
280 3937 379 3984 Calder.
397 3948 468 3983 cons.
487 3939 526 3990 85.
543 3937 601 3998 Job.
620 3937 721 3999 Lupus,
738 3939 769 3986 de
788 3938 857 3985 bello
875 3941 896 3994 §.
915 3936 935 3984 si
952 3936 1016 3983 bene
1026 3937 1150 3984 advertas.
1162 3933 1270 3998 [Ocean.
1280 3933 1329 3991 jur.
1339 3939 1392 3984 vol.

220 4027 258 4074 16.
274 4041 301 4087 p.
317 4026 387 4088 aaa]
406 4029 455 4088 Jas.
474 4027 500 4074 in
517 4029 534 4074 1.
553 4029 623 4086 quod
641 4030 707 4088 apud
716 4031 812 4077 hostes.
822 4029 854 4076 de
863 4026 960 4086 legatis.
974 4039 996 4074 1.
1008 4024 1051 4089 [D.
1062 4039 1102 4083 30.
1115 4038 1136 4073 1.
1146 4024 1182 4088 9.]
1204 4026 1292 4074 Franc.
1302 4040 1315 4073 a
1325 4025 1392 4086 Ripa

217 4115 244 4164 in
262 4119 278 4163 l.
297 4130 319 4165 1.
337 4119 368 4165 de
386 4130 441 4192 aeq.
459 4131 528 4177 poss.
547 4118 591 4180 [D.
608 4131 650 4178 41.
669 4119 705 4180 a]
726 4131 751 4165 n.
771 4130 793 4173 5.
812 4119 917 4165 covarr.
936 4117 967 4163 ad
986 4115 1009 4163 d.
1028 4128 1050 4161 c.
1067 4127 1209 4175 peccatum.
1227 4129 1252 4175 p.
1273 4129 1296 4163 a.
1314 4119 1335 4174 §-
1354 4129 1391 4165 11.

217 4208 291 4256 Adde
309 4207 376 4256 Hist.
391 4207 490 4256 Bonfin.
508 4208 553 4256 lib.
576 4223 600 4269 4.
617 4211 673 4257 dec.
692 4221 714 4264 5.
749 4206 759 4241 ²
777 4210 837 4255 Cor.
857 4221 877 4255 r.
894 4221 918 4268 9.
934 4219 972 4254 vs.
989 4218 1013 4263 7.
1031 4205 1106 4252 Adde
1125 4203 1216 4250 Matth.
1237 4214 1275 4249 10.
1294 4215 1333 4250 vs.
1354 4217 1391 4251 10.

216 4295 314 4347 ³Baru.
336 4297 363 4345 in
384 4300 402 4347 l.
424 4299 539 4359 adoptio.
560 4300 589 4347 C.
613 4300 644 4347 de
668 4301 755 4359 adopt.
776 4297 819 4359 [C.
844 4301 866 4345 8.
893 4299 935 4358 48.
953 4294 989 4359 4.]
1016 4296 1089 4344 Adde
1113 4296 1170 4341 Soc.
1194 4292 1220 4340 in
1238 4294 1255 4339 l.
1276 4306 1297 4341 1.
1315 4292 1391 4348 dide

217 4400 273 4446 aeq.
294 4401 363 4447 poss.
386 4389 430 4450 [D.
448 4403 489 4451 41.
517 4389 553 4453 a]
583 4389 728 4438 caldonio
756 4389 795 4436 tit.
823 4390 853 4438 de
880 4399 967 4448 treuga
982 4368 1017 4433 'et
1035 4398 1107 4446 pace.
1131 4383 1221 4431 Thom.
1240 4384 1348 4431 Gramm.
1367 4386 1392 4432 d.

217 4477 296 4524 decis.
313 4490 353 4535 71.
372 4492 396 4526 n.
417 4492 455 4527 11.
473 4480 535 4527 Silv.
553 4479 579 4527 in
598 4495 623 4528 v.
643 4481 750 4526 Bellum.
771 4478 796 4526 in
810 4493 850 4539 pr.
883 4476 894 4508 ⁴
911 4479 964 4525 Bal.
983 4489 1053 4525 cons.
1072 4476 1129 4532 358·
1148 4475 1165 4520 1.
1183 4486 1207 4520 2.
1225 4484 1276 4532 arg.
1294 4475 1311 4519 l.
1329 4471 1390 4520 licet

218 4570 247 4616 C.
264 4570 294 4618 de
311 4569 401 4629 pactis.
422 4567 465 4632 [C.
482 4584 505 4617 a.
524 4568 609 4632 3.19.]
647 4569 657 4601 ⁵
676 4571 783 4620 Covarr.
794 4571 818 4618 d·
829 4570 850 4630 §.
862 4581 900 4620 11.
934 4567 944 4600 ⁶
963 4569 1051 4616 Const.
1062 4567 1127 4616 Gall.
1136 4566 1153 4612 1.
1164 4577 1204 4613 ao.
1213 4562 1253 4612 tit.
1265 4577 1302 4624 14.
1313 4575 1357 4612 art.
1370 4577 1391 4612 r.

1243 4674 1278 4719 11
