3536 5692
548 627 594 672 uu
617 627 711 692 June
739 626 922 672 antonna.
946 626 1028 674 cnr.
1055 627 1118 674 xr1.
1351 617 1415 696 265

240 784 349 867 Joram
385 784 490 868 legat:
524 802 665 864 quorum
696 800 793 862 opera
824 781 892 866 regi
914 794 1143 863 excusaretur,
1167 782 1252 846 mitti
1272 784 1414 867 aliquem

243 894 283 958 ad
315 913 349 959 se
376 914 450 960 cum
481 893 633 958 mandato
663 910 799 977 rogans,
823 892 877 958 cui
909 891 1058 973 quinque
1081 891 1152 957 auri
1174 893 1308 975 Catias,
1333 917 1415 977 quas

242 1003 332 1087 dixi,
356 1007 565 1088 persolveret.
591 1004 664 1068 Rex
684 1018 790 1069 autem
811 1003 999 1086 respondet:
1023 1003 1130 1068 Nihil
1138 1024 1169 1069 se
1181 1007 1217 1068 in
1235 1006 1302 1089 ejus
1316 1006 1414 1090 facto

241 1120 417 1197 invenire,
453 1115 542 1200 quod
573 1119 732 1179 excusari
765 1113 907 1180 deberet.
968 1116 1060 1179 Satis
1095 1118 1179 1178 enim
1214 1128 1414 1200 compertum

242 1225 427 1290 Hellandos
449 1247 487 1290 ea
511 1246 575 1290 esse
597 1227 809 1305 innocentia,
836 1238 874 1288 ut
895 1228 1019 1288 nemini
1035 1239 1159 1309 pacato
1181 1230 1325 1290 nocitum
1348 1229 1415 1294 νεί-

243 1335 312 1399 lent
325 1357 337 1398 .·
361 1348 530 1400 caeterum
553 1335 728 1402 vindicare
751 1357 783 1399 se
803 1335 844 1400 ab
865 1337 940 1414 bis,
965 1340 1025 1420 qui
1041 1339 1174 1421 priores
1188 1336 1423 1420 fecissentirt-v
1526 1374 1533 1387 ν

232 1446 393 1530 jurium,
418 1467 482 1510 non
505 1444 595 1511 modo
618 1461 721 1511 extra
743 1445 898 1532 culpam,
922 1444 980 1511 sed
998 1446 1117 1530 ubique
1125 1449 1276 1532 gentium
1290 1447 1412 1513 lauda-

243 1556 318 1622 bile.
365 1553 463 1640 Quod
482 1561 588 1643 ipsum
612 1561 642 1622 si
663 1578 736 1622 cum
760 1578 817 1622 sue
840 1570 902 1621 aut
925 1577 1060 1622 suorum
1081 1557 1226 1642 alicujus
1246 1557 1414 1644 dispendio

234 1668 384 1752 fortuna
406 1669 485 1735 belli
508 1670 663 1736 voluisset
684 1672 897 1754 contingere,
922 1689 985 1731 non
1009 1689 1072 1732 asse
1094 1689 1158 1732 cur
1180 1670 1238 1732 boc
1259 1673 1410 1754 iniquius

233 1780 361 1863 ferrer.
409 1781 483 1844 Sibi
500 1796 565 1866 pre
589 1783 676 1844 omni
693 1783 906 1844 restitutione
918 1777 1020 1842 solam
1034 1778 1280 1845 Hellanderum
1293 1783 1411 1845 amici·

184 1882 190 1890 ’
241 1894 325 1955 tiam
349 1891 478 1958 abunde
501 1889 728 1976 suffecturam.
759 1891 845 1956 Cum
866 1889 983 1956 deinde
1002 1891 1112 1974 Joram
1125 1890 1165 1956 ad
1177 1892 1414 1977 negotiandum

244 2001 499 2068 Hemskerckius
530 2001 699 2082 venisset,
729 2001 786 2067 vix
816 2021 927 2086 arege
959 2001 1175 2084 supplicando
1205 2002 1413 2086 impetravit,

243 2128 280 2178 ut
309 2113 464 2199 magistro
500 2114 650 2179 detentae
671 2113 787 2193 navis,
812 2113 981 2178 Rasaduta
1001 2113 1203 2192 vocabatur,
1225 2113 1413 2180 satisfacere
1439 2092 1447 2105 “

243 2244 276 2291 se
306 2225 521 2306 permitteret.
568 2225 616 2290 Ita
636 2244 695 2307 pro
717 2223 787 2289 auri
812 2224 917 2289 Catiis
939 2222 1087 2304 quinque
1107 2224 1234 2288 volenti
1255 2224 1415 2306 persolvit

237 2319 330 2400 'mille
352 2334 512 2401 ducentos
535 2337 676 2420 regales,
704 2334 764 2400 etsi
788 2354 911 2400 merces
927 2333 985 2400 vix
1005 2332 1231 2418 septingentos
1247 2335 1412 2400 valebant.

243 2445 336 2532 Quid
361 2444 416 2510 hic
444 2445 537 2528 prius
558 2444 710 2512 mireris?
735 2444 838 2531 Quod
858 2444 998 2528 pretium
1018 2464 1078 2526 pro
1096 2443 1287 2511 hominibus
1303 2466 1414 2528 perso-

210 2582 224 2596 ·
243 2557 349 2620 lutum
373 2571 445 2636 est,
470 2556 528 2638 qui
549 2558 642 2622 nullo
660 2557 755 2640 jure,
779 2557 869 2624 nulla
890 2555 955 2621 fide
978 2556 1063 2638 capti
1085 2555 1201 2620 erant?
1228 2556 1330 2643 Quod
1340 2557 1413 2622 Indi

242 2647 392 2746 dimissi,
426 2685 499 2730 cum
532 2665 684 2730 abindis
715 2665 828 2730 Batavi
851 2664 1063 2730 tenerentur?
1105 2664 1207 2751 Quod
1230 2667 1296 2750 regi
1317 2668 1414 2751 Jorae

242 2795 277 2842 se
310 2776 381 2858 ipse
406 2774 661 2842 Hemskerckius
691 2774 875 2842 indicavit?
900 2775 1001 2862 Quod
1033 2776 1140 2842 oravit
1163 2776 1287 2842 etiam?
1313 2779 1414 2864 Quod

241 2891 436 2970 plusquam
458 2887 615 2953 debuerat
638 2887 764 2968 solvit,
788 2908 862 2952 cum
885 2902 996 2970 posset
1017 2888 1150 2955 omnino
1168 2908 1235 2953 non
1259 2891 1412 2956 solvere?

243 2998 326 3064 Tam
349 2999 493 3064 liberalis
514 3019 609 3064 nemo
630 2998 804 3081 praedator
825 3013 883 3065 est.
929 2999 1039 3084 Quare
1071 3019 1143 3064 cum
1176 2999 1270 3066 etiam
1291 3001 1319 3068 si
1338 3002 1414 3067 talia

243 3111 391 3177 deessent
425 3110 566 3192 indicia,
592 3109 624 3175 in
649 3109 736 3175 facto
761 3110 862 3176 dubio
883 3109 1033 3175 facienda
1054 3109 1098 3175 sit
1118 3111 1291 3195 benignior
1314 3113 1412 3178 inter·

241 3222 404 3304 pretatio,
427 3223 507 3287 haec
530 3221 703 3306 cogitanda
724 3235 774 3288 est
795 3240 884 3286 mens
914 3220 1034 3299 fuisse,
1059 3222 1112 3286 hic
1133 3223 1259 3290 animus
1278 3224 1413 3290 vincen-

243 3333 334 3399 tibus
358 3333 561 3415 Lusitanos,
595 3349 633 3399 ut
664 3333 722 3415 qui
756 3333 923 3399 beneficiis
947 3333 1089 3418 mitigari
1118 3354 1185 3400 non
1216 3350 1412 3418 potuerant,

242 3443 367 3509 damnis
399 3447 511 3510 saltem
536 3445 710 3510 mutandos
734 3444 774 3508 ad
798 3464 904 3510 mores
928 3460 1142 3529 cogerentur:
1165 3445 1251 3512 sicut
1272 3447 1413 3512 Ambro-

242 3556 310 3622 sius
342 3555 427 3620 dixit
451 3563 459 3597 ¹
486 3555 682 3638 eripiendam
714 3556 767 3633 his
799 3556 1011 3621 latrocinandi
1044 3555 1255 3639 facultatem,
1291 3559 1413 3640 quibus

242 3669 394 3732 voluntas
415 3666 499 3748 eripi
520 3686 587 3732 non
611 3667 732 3750 potuit.
777 3667 893 3749 Atque
916 3667 1042 3732 utinam
1064 3685 1153 3733 nunc
1174 3670 1286 3734 saltem
1311 3671 1412 3752 depo·

241 3799 317 3843 nere
341 3792 476 3859 possent
502 3777 589 3842 illam
620 3776 803 3857 feritatem,
826 3777 995 3842 admittere
1027 3778 1161 3842 humani
1185 3779 1310 3861 generis
1333 3802 1411 3846 con-

240 3889 377 3955 sortium
401 3902 432 3952 et
449 3902 570 3952 certare
590 3902 715 3953 tantum
732 3885 901 3953 licitando.
927 3887 1033 3953 Parati
1046 3902 1123 3954 sunt
1135 3888 1247 3954 Batavi
1260 3891 1410 3958 omittere

240 4001 315 4066 odia
348 4015 379 4065 et
402 4017 529 4064 omnem
562 3999 648 4063 illam
673 3996 854 4063 facinorum
888 3997 1074 4063 memoriam
1106 4013 1138 4062 ct
1166 4000 1310 4085 egregias
1333 4001 1410 4068 belli

240 4110 382 4176 feliciter
410 4109 542 4196 gerendi
575 4109 772 4175 occasiones.
819 4109 947 4175 Sufficit
977 4109 1044 4174 illis
1075 4111 1226 4192 lucrum,
1260 4112 1349 4193 quod
1371 4133 1410 4178 ex

274 4369 281 4401 ¹
301 4373 377 4419 serm.
398 4374 420 4419 8.
443 4371 469 4419 in
492 4373 530 4419 Ps.
557 4374 611 4420 118.
637 4384 675 4420 vs.
699 4385 721 4418 2.
739 4371 770 4419 Et
786 4381 823 4419 est
838 4370 864 4418 in
881 4384 904 4419 c.
920 4381 958 4419 est
978 4367 1079 4427 injusta.
1098 4369 1185 4435 [Dect.
1202 4374 1270 4420 Grae.
1286 4387 1311 4432 p.
1328 4388 1350 4423 2.
1370 4388 1409 4431 aa.

240 4475 264 4521 4·
285 4462 336 4525 bb]
