<?xml version="1.0" encoding="UTF-8"?>
<!DOCTYPE html PUBLIC "-//W3C//DTD XHTML 1.0 Transitional//EN"
    "http://www.w3.org/TR/xhtml1/DTD/xhtml1-transitional.dtd">
<html xmlns="http://www.w3.org/1999/xhtml" xml:lang="en" lang="en">
 <head>
  <title>
</title>
<meta http-equiv="Content-Type" content="text/html;charset=utf-8" />
  <meta name='ocr-system' content='tesseract 3.04.00' />
  <meta name='ocr-capabilities' content='ocr_page ocr_carea ocr_par ocr_line ocrx_word'/>
</head>
<body>
  <div class='ocr_page' id='page_1' title='image "./ledroitdeprised00hamagoog_0377.png"; bbox 0 0 3510 5710; ppageno 0'>
   <div class='ocr_carea' id='block_1_1' title="bbox 707 665 1391 726">
    <p class='ocr_par' dir='ltr' id='par_1_1' title="bbox 707 665 1391 726">
     <span class='ocr_line' id='line_1_1' title="bbox 707 665 1391 726; baseline -0.001 -20"><span class='ocrx_word' id='word_1_1' title='bbox 707 665 914 706; x_wconf 80' lang='lat' dir='ltr'>nocuuaurn.</span> <span class='ocrx_word' id='word_1_2' title='bbox 1335 666 1391 726; x_wconf 79' lang='lat'>357</span> 
     </span>
    </p>
   </div>
   <div class='ocr_carea' id='block_1_2' title="bbox 221 836 1392 2780">
    <p class='ocr_par' dir='ltr' id='par_1_2' title="bbox 221 836 1392 2245">
     <span class='ocr_line' id='line_1_2' title="bbox 225 836 1392 914; baseline -0.001 -14"><span class='ocrx_word' id='word_1_3' title='bbox 225 858 283 900; x_wconf 93' lang='lat' dir='ltr'>non</span> <span class='ocrx_word' id='word_1_4' title='bbox 306 842 335 899; x_wconf 92' lang='lat' dir='ltr'>in</span> <span class='ocrx_word' id='word_1_5' title='bbox 358 856 446 898; x_wconf 90' lang='lat' dir='ltr'>meam</span> <span class='ocrx_word' id='word_1_6' title='bbox 476 841 573 914; x_wconf 88' lang='lat' dir='ltr'>potius</span> <span class='ocrx_word' id='word_1_7' title='bbox 601 855 702 898; x_wconf 85' lang='lat' dir='ltr'>navem</span> <span class='ocrx_word' id='word_1_8' title='bbox 732 836 878 908; x_wconf 79' lang='lat' dir='ltr'>incidisti,</span> <span class='ocrx_word' id='word_1_9' title='bbox 906 853 965 911; x_wconf 85' lang='lat' dir='ltr'>quo</span> <span class='ocrx_word' id='word_1_10' title='bbox 986 837 1074 911; x_wconf 88' lang='lat' dir='ltr'>magis</span> <span class='ocrx_word' id='word_1_11' title='bbox 1095 838 1231 909; x_wconf 88' lang='lat' dir='ltr'>vidisses,</span> <span class='ocrx_word' id='word_1_12' title='bbox 1252 851 1392 914; x_wconf 92' lang='lat' dir='ltr'>quantum</span> 
     </span>
     <span class='ocr_line' id='line_1_3' title="bbox 222 942 1391 1015; baseline -0.001 -12"><span class='ocrx_word' id='word_1_13' title='bbox 222 945 310 1004; x_wconf 89' lang='lat' dir='ltr'>distet</span> <span class='ocrx_word' id='word_1_14' title='bbox 330 947 417 1004; x_wconf 91' lang='lat' dir='ltr'>unius</span> <span class='ocrx_word' id='word_1_15' title='bbox 438 946 519 1003; x_wconf 86' lang='lat' dir='ltr'>navis</span> <span class='ocrx_word' id='word_1_16' title='bbox 541 942 670 1002; x_wconf 85' lang='lat' dir='ltr'>defensio</span> <span class='ocrx_word' id='word_1_17' title='bbox 690 953 719 1000; x_wconf 94' lang='lat' dir='ltr'>et</span> <span class='ocrx_word' id='word_1_18' title='bbox 741 943 867 1000; x_wconf 85' lang='lat' dir='ltr'>alterius.</span> <span class='ocrx_word' id='word_1_19' title='bbox 890 942 949 1000; x_wconf 90' lang='lat' dir='ltr'>Res</span> <span class='ocrx_word' id='word_1_20' title='bbox 970 957 1044 1015; x_wconf 86' lang='lat' dir='ltr'>quae</span> <span class='ocrx_word' id='word_1_21' title='bbox 1065 942 1218 1001; x_wconf 85' lang='lat' dir='ltr'>Hoilandis</span> <span class='ocrx_word' id='word_1_22' title='bbox 1233 945 1391 1003; x_wconf 82' lang='lat' dir='ltr'>Macairnte</span> 
     </span>
     <span class='ocr_line' id='line_1_4' title="bbox 222 1045 1391 1120; baseline -0.003 -12"><span class='ocrx_word' id='word_1_23' title='bbox 222 1048 345 1120; x_wconf 89' lang='lat' dir='ltr'>accidit,</span> <span class='ocrx_word' id='word_1_24' title='bbox 380 1065 424 1106; x_wconf 88' lang='lat' dir='ltr'>me</span> <span class='ocrx_word' id='word_1_25' title='bbox 452 1049 638 1106; x_wconf 85' lang='lat' dir='ltr'>vehementer</span> <span class='ocrx_word' id='word_1_26' title='bbox 667 1045 840 1116; x_wconf 87' lang='lat' dir='ltr'>conturbat,</span> <span class='ocrx_word' id='word_1_27' title='bbox 874 1047 1041 1119; x_wconf 86' lang='lat' dir='ltr'>praesertim</span> <span class='ocrx_word' id='word_1_28' title='bbox 1070 1063 1135 1103; x_wconf 91' lang='lat' dir='ltr'>cum</span> <span class='ocrx_word' id='word_1_29' title='bbox 1162 1063 1263 1120; x_wconf 87' lang='lat' dir='ltr'>parum</span> <span class='ocrx_word' id='word_1_30' title='bbox 1292 1063 1391 1105; x_wconf 86' lang='lat' dir='ltr'>causae</span> 
     </span>
     <span class='ocr_line' id='line_1_5' title="bbox 222 1147 1391 1226; baseline -0.003 -16"><span class='ocrx_word' id='word_1_31' title='bbox 222 1163 311 1223; x_wconf 83' lang='lat' dir='ltr'>esset,</span> <span class='ocrx_word' id='word_1_32' title='bbox 332 1169 421 1226; x_wconf 89' lang='lat' dir='ltr'>quare</span> <span class='ocrx_word' id='word_1_33' title='bbox 443 1163 499 1210; x_wconf 85' lang='lat' dir='ltr'>tam</span> <span class='ocrx_word' id='word_1_34' title='bbox 520 1150 668 1208; x_wconf 83' lang='lat' dir='ltr'>atrocibus</span> <span class='ocrx_word' id='word_1_35' title='bbox 689 1150 790 1224; x_wconf 91' lang='lat' dir='ltr'>poenis</span> <span class='ocrx_word' id='word_1_36' title='bbox 812 1152 1018 1222; x_wconf 88' lang='lat' dir='ltr'>plecterentur.</span> <span class='ocrx_word' id='word_1_37' title='bbox 1041 1147 1095 1206; x_wconf 89' lang='lat' dir='ltr'>Sed</span> <span class='ocrx_word' id='word_1_38' title='bbox 1113 1167 1168 1224; x_wconf 93' lang='lat' dir='ltr'>pro</span> <span class='ocrx_word' id='word_1_39' title='bbox 1180 1161 1261 1207; x_wconf 87' lang='lat' dir='ltr'>certo</span> <span class='ocrx_word' id='word_1_40' title='bbox 1272 1151 1391 1221; x_wconf 88' lang='lat' dir='ltr'>habeas,</span> 
     </span>
     <span class='ocr_line' id='line_1_6' title="bbox 222 1254 1391 1328; baseline -0.003 -14"><span class='ocrx_word' id='word_1_41' title='bbox 222 1267 369 1315; x_wconf 80' lang='lat' dir='ltr'>auctorem</span> <span class='ocrx_word' id='word_1_42' title='bbox 399 1256 535 1313; x_wconf 87' lang='lat' dir='ltr'>facinoris</span> <span class='ocrx_word' id='word_1_43' title='bbox 562 1255 618 1328; x_wconf 86' lang='lat' dir='ltr'>jam</span> <span class='ocrx_word' id='word_1_44' title='bbox 645 1255 780 1311; x_wconf 90' lang='lat' dir='ltr'>vinctum</span> <span class='ocrx_word' id='word_1_45' title='bbox 809 1254 839 1310; x_wconf 90' lang='lat' dir='ltr'>in</span> <span class='ocrx_word' id='word_1_46' title='bbox 871 1269 985 1310; x_wconf 89' lang='lat' dir='ltr'>carcere</span> <span class='ocrx_word' id='word_1_47' title='bbox 1006 1254 1098 1310; x_wconf 88' lang='lat' dir='ltr'>teneri</span> <span class='ocrx_word' id='word_1_48' title='bbox 1119 1265 1149 1310; x_wconf 88' lang='lat' dir='ltr'>et</span> <span class='ocrx_word' id='word_1_49' title='bbox 1170 1270 1276 1327; x_wconf 89' lang='lat' dir='ltr'>poenas</span> <span class='ocrx_word' id='word_1_50' title='bbox 1297 1255 1391 1326; x_wconf 88' lang='lat' dir='ltr'>capite</span> 
     </span>
     <span class='ocr_line' id='line_1_7' title="bbox 222 1356 1391 1432; baseline -0.003 -15"><span class='ocrx_word' id='word_1_51' title='bbox 222 1358 366 1418; x_wconf 91' lang='lat' dir='ltr'>daturum.</span> <span class='ocrx_word' id='word_1_52' title='bbox 408 1361 484 1432; x_wconf 88' lang='lat' dir='ltr'>Erga</span> <span class='ocrx_word' id='word_1_53' title='bbox 514 1356 693 1425; x_wconf 88' lang='lat' dir='ltr'>Holiandos,</span> <span class='ocrx_word' id='word_1_54' title='bbox 724 1358 776 1430; x_wconf 92' lang='lat' dir='ltr'>qui</span> <span class='ocrx_word' id='word_1_55' title='bbox 806 1357 863 1414; x_wconf 90' lang='lat' dir='ltr'>huc</span> <span class='ocrx_word' id='word_1_56' title='bbox 890 1371 997 1414; x_wconf 87' lang='lat' dir='ltr'>venere</span> <span class='ocrx_word' id='word_1_57' title='bbox 1018 1373 1033 1413; x_wconf 91' lang='lat' dir='ltr'>e</span> <span class='ocrx_word' id='word_1_58' title='bbox 1054 1372 1143 1429; x_wconf 88' lang='lat' dir='ltr'>regno</span> <span class='ocrx_word' id='word_1_59' title='bbox 1176 1357 1286 1414; x_wconf 89' lang='lat' dir='ltr'>Sinensi</span> <span class='ocrx_word' id='word_1_60' title='bbox 1308 1360 1391 1415; x_wconf 88' lang='lat' dir='ltr'>vela</span> 
     </span>
     <span class='ocr_line' id='line_1_8' title="bbox 222 1461 1390 1535; baseline -0.003 -13"><span class='ocrx_word' id='word_1_61' title='bbox 222 1465 368 1522; x_wconf 86' lang='lat' dir='ltr'>Moluccis</span> <span class='ocrx_word' id='word_1_62' title='bbox 388 1463 481 1521; x_wconf 91' lang='lat' dir='ltr'>bonus</span> <span class='ocrx_word' id='word_1_63' title='bbox 502 1463 701 1535; x_wconf 84' lang='lat' dir='ltr'>benignusque</span> <span class='ocrx_word' id='word_1_64' title='bbox 722 1461 765 1518; x_wconf 91' lang='lat' dir='ltr'>fui</span> <span class='ocrx_word' id='word_1_65' title='bbox 785 1471 815 1518; x_wconf 95' lang='lat' dir='ltr'>et</span> <span class='ocrx_word' id='word_1_66' title='bbox 836 1477 942 1518; x_wconf 88' lang='lat' dir='ltr'>merces</span> <span class='ocrx_word' id='word_1_67' title='bbox 963 1477 1063 1518; x_wconf 88' lang='lat' dir='ltr'>eorum</span> <span class='ocrx_word' id='word_1_68' title='bbox 1084 1477 1181 1518; x_wconf 85' lang='lat' dir='ltr'>omnes</span> <span class='ocrx_word' id='word_1_69' title='bbox 1203 1461 1268 1519; x_wconf 89' lang='lat' dir='ltr'>emi.</span> <span class='ocrx_word' id='word_1_70' title='bbox 1307 1462 1390 1518; x_wconf 88' lang='lat' dir='ltr'>Hanc</span> 
     </span>
     <span class='ocr_line' id='line_1_9' title="bbox 223 1548 1391 1637; baseline -0.002 -13"><span class='ocrx_word' id='word_1_71' title='bbox 223 1567 277 1625; x_wconf 89' lang='lat' dir='ltr'>tibi</span> <span class='ocrx_word' id='word_1_72' title='bbox 305 1583 407 1624; x_wconf 88' lang='lat' dir='ltr'>navem</span> <span class='ocrx_word' id='word_1_73' title='bbox 437 1567 541 1636; x_wconf 92' lang='lat' dir='ltr'>mitto,</span> <span class='ocrx_word' id='word_1_74' title='bbox 570 1567 654 1623; x_wconf 89' lang='lat' dir='ltr'>simul</span> <span class='ocrx_word' id='word_1_75' title='bbox 684 1548 749 1622; x_wconf 89' lang='lat' dir='ltr'>cum</span> <span class='ocrx_word' id='word_1_76' title='bbox 780 1563 952 1633; x_wconf 87' lang='lat' dir='ltr'>Hoilandis‚</span> <span class='ocrx_word' id='word_1_77' title='bbox 980 1581 1053 1637; x_wconf 88' lang='lat' dir='ltr'>quos</span> <span class='ocrx_word' id='word_1_78' title='bbox 1073 1565 1240 1622; x_wconf 90' lang='lat' dir='ltr'>hominibus</span> <span class='ocrx_word' id='word_1_79' title='bbox 1261 1564 1297 1622; x_wconf 89' lang='lat' dir='ltr'>de</span> <span class='ocrx_word' id='word_1_80' title='bbox 1319 1582 1391 1623; x_wconf 87' lang='lat' dir='ltr'>nave</span> 
     </span>
     <span class='ocr_line' id='line_1_10' title="bbox 221 1666 1389 1742; baseline -0.002 -14"><span class='ocrx_word' id='word_1_81' title='bbox 221 1671 389 1728; x_wconf 88' lang='lat' dir='ltr'>Lusitanica</span> <span class='ocrx_word' id='word_1_82' title='bbox 417 1671 447 1727; x_wconf 94' lang='lat' dir='ltr'>in</span> <span class='ocrx_word' id='word_1_83' title='bbox 475 1671 580 1727; x_wconf 89' lang='lat' dir='ltr'>itinere</span> <span class='ocrx_word' id='word_1_84' title='bbox 606 1666 642 1725; x_wconf 85' lang='lat' dir='ltr'>ad</span> <span class='ocrx_word' id='word_1_85' title='bbox 672 1685 723 1725; x_wconf 92' lang='lat' dir='ltr'>nos</span> <span class='ocrx_word' id='word_1_86' title='bbox 751 1667 894 1742; x_wconf 88' lang='lat' dir='ltr'>praesidio</span> <span class='ocrx_word' id='word_1_87' title='bbox 922 1666 1044 1737; x_wconf 84' lang='lat' dir='ltr'>dedisti,</span> <span class='ocrx_word' id='word_1_88' title='bbox 1070 1681 1099 1726; x_wconf 89' lang='lat' dir='ltr'>et</span> <span class='ocrx_word' id='word_1_89' title='bbox 1119 1686 1249 1742; x_wconf 86' lang='lat' dir='ltr'>magnam</span> <span class='ocrx_word' id='word_1_90' title='bbox 1271 1671 1389 1742; x_wconf 87' lang='lat' dir='ltr'>gratiam</span> 
     </span>
     <span class='ocr_line' id='line_1_11' title="bbox 222 1771 1390 1846; baseline -0.001 -16"><span class='ocrx_word' id='word_1_91' title='bbox 222 1773 276 1832; x_wconf 91' lang='lat' dir='ltr'>tibi</span> <span class='ocrx_word' id='word_1_92' title='bbox 307 1773 434 1842; x_wconf 85' lang='lat' dir='ltr'>habebo,</span> <span class='ocrx_word' id='word_1_93' title='bbox 463 1773 486 1829; x_wconf 89' lang='lat' dir='ltr'>si</span> <span class='ocrx_word' id='word_1_94' title='bbox 507 1773 577 1830; x_wconf 89' lang='lat' dir='ltr'>mihi</span> <span class='ocrx_word' id='word_1_95' title='bbox 603 1772 711 1829; x_wconf 88' lang='lat' dir='ltr'>miseris</span> <span class='ocrx_word' id='word_1_96' title='bbox 733 1771 951 1846; x_wconf 84' lang='lat' dir='ltr'>presbyterum,</span> <span class='ocrx_word' id='word_1_97' title='bbox 971 1772 1088 1829; x_wconf 87' lang='lat' dir='ltr'>fratrem</span> <span class='ocrx_word' id='word_1_98' title='bbox 1110 1773 1290 1842; x_wconf 86' lang='lat' dir='ltr'>Antonium,</span> <span class='ocrx_word' id='word_1_99' title='bbox 1311 1789 1390 1846; x_wconf 89' lang='lat' dir='ltr'>prae·</span> 
     </span>
     <span class='ocr_line' id='line_1_12' title="bbox 222 1873 1391 1948; baseline -0.002 -14"><span class='ocrx_word' id='word_1_100' title='bbox 222 1877 329 1936; x_wconf 87' lang='lat' dir='ltr'>fectum</span> <span class='ocrx_word' id='word_1_101' title='bbox 357 1877 439 1934; x_wconf 91' lang='lat' dir='ltr'>navis</span> <span class='ocrx_word' id='word_1_102' title='bbox 460 1887 490 1934; x_wconf 91' lang='lat' dir='ltr'>et</span> <span class='ocrx_word' id='word_1_103' title='bbox 510 1877 637 1948; x_wconf 88' lang='lat' dir='ltr'>reliquos</span> <span class='ocrx_word' id='word_1_104' title='bbox 665 1876 837 1945; x_wconf 82' lang='lat' dir='ltr'>Lusitanos,</span> <span class='ocrx_word' id='word_1_105' title='bbox 866 1892 940 1947; x_wconf 91' lang='lat' dir='ltr'>quos</span> <span class='ocrx_word' id='word_1_106' title='bbox 967 1873 1062 1932; x_wconf 84' lang='lat' dir='ltr'>adhuc</span> <span class='ocrx_word' id='word_1_107' title='bbox 1092 1877 1121 1933; x_wconf 91' lang='lat' dir='ltr'>in</span> <span class='ocrx_word' id='word_1_108' title='bbox 1142 1877 1267 1934; x_wconf 91' lang='lat' dir='ltr'>vinculis</span> <span class='ocrx_word' id='word_1_109' title='bbox 1288 1876 1391 1946; x_wconf 85' lang='lat' dir='ltr'>habes,</span> 
     </span>
     <span class='ocr_line' id='line_1_13' title="bbox 222 1979 1390 2054; baseline -0.001 -17"><span class='ocrx_word' id='word_1_110' title='bbox 222 1991 251 2037; x_wconf 90' lang='lat' dir='ltr'>et</span> <span class='ocrx_word' id='word_1_111' title='bbox 283 1997 348 2038; x_wconf 91' lang='lat' dir='ltr'>cum</span> <span class='ocrx_word' id='word_1_112' title='bbox 380 1996 446 2053; x_wconf 88' lang='lat' dir='ltr'>rege</span> <span class='ocrx_word' id='word_1_113' title='bbox 478 1995 558 2052; x_wconf 85' lang='lat' dir='ltr'>agas,</span> <span class='ocrx_word' id='word_1_114' title='bbox 589 1989 622 2038; x_wconf 89' lang='lat' dir='ltr'>ut</span> <span class='ocrx_word' id='word_1_115' title='bbox 654 1995 820 2054; x_wconf 85' lang='lat' dir='ltr'>recuperem</span> <span class='ocrx_word' id='word_1_116' title='bbox 852 1979 999 2047; x_wconf 89' lang='lat' dir='ltr'>homines,</span> <span class='ocrx_word' id='word_1_117' title='bbox 1030 1993 1102 2051; x_wconf 90' lang='lat' dir='ltr'>quos</span> <span class='ocrx_word' id='word_1_118' title='bbox 1124 1979 1328 2036; x_wconf 86' lang='lat' dir='ltr'>&#39;Maiaccenses</span> <span class='ocrx_word' id='word_1_119' title='bbox 1349 1979 1390 2036; x_wconf 86' lang='lat' dir='ltr'>in</span> 
     </span>
     <span class='ocr_line' id='line_1_14' title="bbox 221 2081 1391 2158; baseline -0.003 -16"><span class='ocrx_word' id='word_1_120' title='bbox 221 2083 308 2158; x_wconf 87' lang='lat' dir='ltr'>junca</span> <span class='ocrx_word' id='word_1_121' title='bbox 336 2085 448 2142; x_wconf 90' lang='lat' dir='ltr'>Sinensi</span> <span class='ocrx_word' id='word_1_122' title='bbox 477 2095 636 2158; x_wconf 88' lang='lat' dir='ltr'>ceperunt,</span> <span class='ocrx_word' id='word_1_123' title='bbox 664 2085 756 2156; x_wconf 90' lang='lat' dir='ltr'>iisque</span> <span class='ocrx_word' id='word_1_124' title='bbox 781 2081 931 2140; x_wconf 87' lang='lat' dir='ltr'>confirmes</span> <span class='ocrx_word' id='word_1_125' title='bbox 953 2083 983 2139; x_wconf 91' lang='lat' dir='ltr'>in</span> <span class='ocrx_word' id='word_1_126' title='bbox 1005 2083 1109 2141; x_wconf 91' lang='lat' dir='ltr'>itinere</span> <span class='ocrx_word' id='word_1_127' title='bbox 1129 2081 1165 2138; x_wconf 88' lang='lat' dir='ltr'>ab</span> <span class='ocrx_word' id='word_1_128' title='bbox 1186 2083 1264 2139; x_wconf 92' lang='lat' dir='ltr'>omni</span> <span class='ocrx_word' id='word_1_129' title='bbox 1286 2082 1391 2155; x_wconf 89' lang='lat' dir='ltr'>injuria</span> 
     </span>
     <span class='ocr_line' id='line_1_15' title="bbox 224 2187 397 2245; baseline -0.006 0"><span class='ocrx_word' id='word_1_130' title='bbox 224 2199 303 2245; x_wconf 92' lang='lat' dir='ltr'>tutos</span> <span class='ocrx_word' id='word_1_131' title='bbox 325 2187 397 2245; x_wconf 88' lang='lat' dir='ltr'>fore.</span> 
     </span>
    </p>

    <p class='ocr_par' dir='ltr' id='par_1_3' title="bbox 223 2286 1392 2465">
     <span class='ocr_line' id='line_1_16' title="bbox 264 2286 1392 2349; baseline -0.001 -1"><span class='ocrx_word' id='word_1_132' title='bbox 264 2292 343 2349; x_wconf 87' lang='lat' dir='ltr'>Haec</span> <span class='ocrx_word' id='word_1_133' title='bbox 376 2291 460 2348; x_wconf 92' lang='lat' dir='ltr'>vobis</span> <span class='ocrx_word' id='word_1_134' title='bbox 494 2290 670 2349; x_wconf 88' lang='lat' dir='ltr'>documento</span> <span class='ocrx_word' id='word_1_135' title='bbox 705 2290 764 2347; x_wconf 90' lang='lat' dir='ltr'>sint</span> <span class='ocrx_word' id='word_1_136' title='bbox 791 2290 867 2347; x_wconf 86' lang='lat' dir='ltr'>facta</span> <span class='ocrx_word' id='word_1_137' title='bbox 894 2300 992 2346; x_wconf 88' lang='lat' dir='ltr'>nostra</span> <span class='ocrx_word' id='word_1_138' title='bbox 1019 2305 1084 2347; x_wconf 92' lang='lat' dir='ltr'>cum</span> <span class='ocrx_word' id='word_1_139' title='bbox 1112 2286 1198 2346; x_wconf 92' lang='lat' dir='ltr'>dictis</span> <span class='ocrx_word' id='word_1_140' title='bbox 1225 2289 1392 2348; x_wconf 75' lang='lat' dir='ltr'>convenire.</span> 
     </span>
     <span class='ocr_line' id='line_1_17' title="bbox 223 2390 1391 2465; baseline -0.001 -14"><span class='ocrx_word' id='word_1_141' title='bbox 223 2395 365 2453; x_wconf 90' lang='lat' dir='ltr'>Dominus</span> <span class='ocrx_word' id='word_1_142' title='bbox 386 2397 464 2452; x_wconf 91' lang='lat' dir='ltr'>Deus</span> <span class='ocrx_word' id='word_1_143' title='bbox 484 2412 537 2453; x_wconf 91' lang='lat' dir='ltr'>vos</span> <span class='ocrx_word' id='word_1_144' title='bbox 558 2397 650 2452; x_wconf 87' lang='lat' dir='ltr'>salvos</span> <span class='ocrx_word' id='word_1_145' title='bbox 672 2394 755 2451; x_wconf 86' lang='lat' dir='ltr'>faxit.</span> <span class='ocrx_word' id='word_1_146' title='bbox 796 2393 963 2461; x_wconf 85' lang='lat' dir='ltr'>Maiaccae‚</span> <span class='ocrx_word' id='word_1_147' title='bbox 983 2390 1012 2449; x_wconf 91' lang='lat' dir='ltr'>d.</span> <span class='ocrx_word' id='word_1_148' title='bbox 1032 2409 1061 2463; x_wconf 89' lang='lat'>9.</span> <span class='ocrx_word' id='word_1_149' title='bbox 1077 2392 1196 2462; x_wconf 86' lang='lat' dir='ltr'>Martii,</span> <span class='ocrx_word' id='word_1_150' title='bbox 1216 2409 1292 2449; x_wconf 90' lang='lat' dir='ltr'>anno</span> <span class='ocrx_word' id='word_1_151' title='bbox 1307 2393 1391 2465; x_wconf 83' lang='lat'>1603.</span> 
     </span>
    </p>

    <p class='ocr_par' dir='ltr' id='par_1_4' title="bbox 924 2493 1312 2568">
     <span class='ocr_line' id='line_1_18' title="bbox 924 2493 1312 2568; baseline 0.003 -17"><span class='ocrx_word' id='word_1_152' title='bbox 924 2496 1036 2552; x_wconf 89' lang='lat' dir='ltr'>Fernao</span> <span class='ocrx_word' id='word_1_153' title='bbox 1057 2493 1102 2552; x_wconf 90' lang='lat' dir='ltr'>dal</span> <span class='ocrx_word' id='word_1_154' title='bbox 1125 2497 1312 2568; x_wconf 88' lang='lat' dir='ltr'>Buquerque.</span> 
     </span>
    </p>

    <p class='ocr_par' dir='ltr' id='par_1_5' title="bbox 260 2596 1391 2677">
     <span class='ocr_line' id='line_1_19' title="bbox 260 2596 1391 2677; baseline -0.003 -20"><span class='ocrx_word' id='word_1_155' title='bbox 260 2597 436 2677; x_wconf 90' lang='lat' dir='ltr'>(Inscriptio</span> <span class='ocrx_word' id='word_1_156' title='bbox 452 2611 528 2658; x_wconf 88' lang='lat' dir='ltr'>erat:</span> <span class='ocrx_word' id='word_1_157' title='bbox 551 2598 660 2672; x_wconf 78' lang='lat' dir='ltr'>jacobo</span> <span class='ocrx_word' id='word_1_158' title='bbox 672 2598 897 2668; x_wconf 86' lang='lat' dir='ltr'>Hemskerckio,</span> <span class='ocrx_word' id='word_1_159' title='bbox 918 2598 1064 2672; x_wconf 89' lang='lat' dir='ltr'>praefecto</span> <span class='ocrx_word' id='word_1_160' title='bbox 1077 2600 1172 2656; x_wconf 85' lang='lat' dir='ltr'>classis</span> <span class='ocrx_word' id='word_1_161' title='bbox 1184 2596 1391 2668; x_wconf 89' lang='lat' dir='ltr'>Hoilandicae,</span> 
     </span>
    </p>

    <p class='ocr_par' dir='ltr' id='par_1_6' title="bbox 223 2699 984 2780">
     <span class='ocr_line' id='line_1_20' title="bbox 223 2699 984 2780; baseline 0 -20"><span class='ocrx_word' id='word_1_162' title='bbox 223 2704 292 2761; x_wconf 89' lang='lat' dir='ltr'>haec</span> <span class='ocrx_word' id='word_1_163' title='bbox 313 2704 434 2777; x_wconf 87' lang='lat' dir='ltr'>epistola</span> <span class='ocrx_word' id='word_1_164' title='bbox 454 2705 581 2761; x_wconf 92' lang='lat' dir='ltr'>mittitur</span> <span class='ocrx_word' id='word_1_165' title='bbox 603 2720 618 2759; x_wconf 89' lang='lat' dir='ltr'>a</span> <span class='ocrx_word' id='word_1_166' title='bbox 639 2702 784 2775; x_wconf 88' lang='lat' dir='ltr'>praefecto</span> <span class='ocrx_word' id='word_1_167' title='bbox 806 2699 984 2780; x_wconf 85' lang='lat' dir='ltr'>Maiaccae).</span> 
     </span>
    </p>
   </div>
   <div class='ocr_carea' id='block_1_3' title="bbox 710 2881 905 2893">
    <p class='ocr_par' dir='ltr' id='par_1_7' title="bbox 710 2881 905 2893">
     <span class='ocr_line' id='line_1_21' title="bbox 710 2881 905 2893; baseline 0.01 -2"><span class='ocrx_word' id='word_1_168' title='bbox 710 2881 905 2893; x_wconf 62' lang='lat' dir='ltr'>-u-——n-n-—n-</span> 
     </span>
    </p>
   </div>
   <div class='ocr_carea' id='block_1_4' title="bbox 752 3011 920 3112">
    <p class='ocr_par' dir='ltr' id='par_1_8' title="bbox 752 3011 920 3112">
     <span class='ocr_line' id='line_1_22' title="bbox 752 3011 920 3112; baseline 0.018 -3"><span class='ocrx_word' id='word_1_169' title='bbox 752 3011 858 3112; x_wconf 88' lang='lat' dir='ltr'>VII.</span> <span class='ocrx_word' id='word_1_170' title='bbox 918 3021 920 3027; x_wconf 78' lang='grc'>’</span> 
     </span>
    </p>
   </div>
   <div class='ocr_carea' id='block_1_5' title="bbox 466 3255 1152 3430">
    <p class='ocr_par' dir='ltr' id='par_1_9' title="bbox 466 3255 1152 3430">
     <span class='ocr_line' id='line_1_23' title="bbox 466 3255 1152 3324; baseline -0.004 -14"><span class='ocrx_word' id='word_1_171' title='bbox 466 3255 619 3312; x_wconf 77' lang='lat' dir='ltr'>Errsuorn</span> <span class='ocrx_word' id='word_1_172' title='bbox 641 3269 763 3312; x_wconf 76' lang='lat' dir='ltr'>urrann</span> <span class='ocrx_word' id='word_1_173' title='bbox 785 3267 921 3324; x_wconf 81' lang='lat' dir='ltr'>nJusnam</span> <span class='ocrx_word' id='word_1_174' title='bbox 944 3267 984 3309; x_wconf 83' lang='lat' dir='ltr'>nn</span> <span class='ocrx_word' id='word_1_175' title='bbox 1006 3267 1152 3310; x_wconf 77' lang='lat' dir='ltr'>sumnam.</span> 
     </span>
     <span class='ocr_line' id='line_1_24' title="bbox 630 3356 975 3430; baseline -0.012 -14"><span class='ocrx_word' id='word_1_176' title='bbox 630 3361 666 3416; x_wconf 88' lang='lat' dir='ltr'>A.</span> <span class='ocrx_word' id='word_1_177' title='bbox 691 3359 775 3430; x_wconf 80' lang='lat'>1603.</span> <span class='ocrx_word' id='word_1_178' title='bbox 797 3356 905 3415; x_wconf 74' lang='lat' dir='ltr'>Mans.</span> <span class='ocrx_word' id='word_1_179' title='bbox 928 3357 975 3416; x_wconf 81' lang='lat'>26.</span> 
     </span>
    </p>
   </div>
   <div class='ocr_carea' id='block_1_6' title="bbox 218 3654 1397 4560">
    <p class='ocr_par' dir='ltr' id='par_1_10' title="bbox 218 3654 1397 4560">
     <span class='ocr_line' id='line_1_25' title="bbox 260 3654 1397 3733; baseline -0.007 -14"><span class='ocrx_word' id='word_1_180' title='bbox 260 3663 386 3719; x_wconf 89' lang='lat' dir='ltr'>Litteras</span> <span class='ocrx_word' id='word_1_181' title='bbox 409 3672 470 3718; x_wconf 91' lang='lat' dir='ltr'>tuas</span> <span class='ocrx_word' id='word_1_182' title='bbox 492 3677 560 3718; x_wconf 89' lang='lat' dir='ltr'>cum</span> <span class='ocrx_word' id='word_1_183' title='bbox 582 3675 685 3733; x_wconf 90' lang='lat' dir='ltr'>magno</span> <span class='ocrx_word' id='word_1_184' title='bbox 706 3657 810 3732; x_wconf 91' lang='lat' dir='ltr'>gaudio</span> <span class='ocrx_word' id='word_1_185' title='bbox 831 3659 949 3732; x_wconf 90' lang='lat' dir='ltr'>accepi,</span> <span class='ocrx_word' id='word_1_186' title='bbox 970 3676 985 3715; x_wconf 92' lang='lat' dir='ltr'>e</span> <span class='ocrx_word' id='word_1_187' title='bbox 1007 3657 1112 3731; x_wconf 91' lang='lat' dir='ltr'>quibus</span> <span class='ocrx_word' id='word_1_188' title='bbox 1133 3656 1202 3713; x_wconf 91' lang='lat' dir='ltr'>mihi</span> <span class='ocrx_word' id='word_1_189' title='bbox 1225 3659 1316 3728; x_wconf 84' lang='lat' dir='ltr'>palam</span> <span class='ocrx_word' id='word_1_190' title='bbox 1339 3654 1397 3726; x_wconf 57' lang='lat' dir='ltr'>iit‚1</span> 
     </span>
     <span class='ocr_line' id='line_1_26' title="bbox 220 3759 1389 3836; baseline -0.005 -15"><span class='ocrx_word' id='word_1_191' title='bbox 220 3780 303 3836; x_wconf 85' lang='lat' dir='ltr'>quam</span> <span class='ocrx_word' id='word_1_192' title='bbox 332 3763 473 3836; x_wconf 89' lang='lat' dir='ltr'>benignus</span> <span class='ocrx_word' id='word_1_193' title='bbox 501 3763 590 3822; x_wconf 90' lang='lat' dir='ltr'>fueris</span> <span class='ocrx_word' id='word_1_194' title='bbox 618 3779 683 3835; x_wconf 90' lang='lat' dir='ltr'>erga</span> <span class='ocrx_word' id='word_1_195' title='bbox 712 3763 841 3820; x_wconf 88' lang='lat' dir='ltr'>homines</span> <span class='ocrx_word' id='word_1_196' title='bbox 872 3760 907 3819; x_wconf 93' lang='lat' dir='ltr'>de</span> <span class='ocrx_word' id='word_1_197' title='bbox 935 3777 1006 3818; x_wconf 88' lang='lat' dir='ltr'>nave</span> <span class='ocrx_word' id='word_1_198' title='bbox 1035 3772 1128 3833; x_wconf 85' lang='lat' dir='ltr'>capta.</span> <span class='ocrx_word' id='word_1_199' title='bbox 1170 3760 1235 3816; x_wconf 88' lang='lat' dir='ltr'>Hoc</span> <span class='ocrx_word' id='word_1_200' title='bbox 1256 3760 1332 3816; x_wconf 92' lang='lat' dir='ltr'>enim</span> <span class='ocrx_word' id='word_1_201' title='bbox 1354 3759 1389 3815; x_wconf 87' lang='lat' dir='ltr'>ab</span> 
     </span>
     <span class='ocr_line' id='line_1_27' title="bbox 220 3860 1389 3941; baseline -0.005 -17"><span class='ocrx_word' id='word_1_202' title='bbox 220 3869 393 3941; x_wconf 90' lang='lat' dir='ltr'>imperatore</span> <span class='ocrx_word' id='word_1_203' title='bbox 425 3879 454 3925; x_wconf 93' lang='lat' dir='ltr'>et</span> <span class='ocrx_word' id='word_1_204' title='bbox 486 3867 632 3939; x_wconf 88' lang='lat' dir='ltr'>praefecto</span> <span class='ocrx_word' id='word_1_205' title='bbox 662 3866 767 3923; x_wconf 90' lang='lat' dir='ltr'>merito</span> <span class='ocrx_word' id='word_1_206' title='bbox 798 3874 999 3937; x_wconf 87' lang='lat' dir='ltr'>exspectatur,</span> <span class='ocrx_word' id='word_1_207' title='bbox 1037 3878 1091 3919; x_wconf 89' lang='lat' dir='ltr'>nec</span> <span class='ocrx_word' id='word_1_208' title='bbox 1122 3864 1182 3937; x_wconf 89' lang='lat' dir='ltr'>ipse</span> <span class='ocrx_word' id='word_1_209' title='bbox 1213 3863 1271 3919; x_wconf 91' lang='lat' dir='ltr'>alio</span> <span class='ocrx_word' id='word_1_210' title='bbox 1302 3860 1389 3918; x_wconf 91' lang='lat' dir='ltr'>modo</span> 
     </span>
     <span class='ocr_line' id='line_1_28' title="bbox 219 3966 1388 4044; baseline -0.005 -17"><span class='ocrx_word' id='word_1_211' title='bbox 219 3988 315 4044; x_wconf 88' lang='lat' dir='ltr'>agam,</span> <span class='ocrx_word' id='word_1_212' title='bbox 346 3972 369 4027; x_wconf 89' lang='lat' dir='ltr'>si</span> <span class='ocrx_word' id='word_1_213' title='bbox 400 3969 516 4042; x_wconf 89' lang='lat' dir='ltr'>qnando</span> <span class='ocrx_word' id='word_1_214' title='bbox 547 3969 613 4038; x_wconf 89' lang='lat' dir='ltr'>fiet,</span> <span class='ocrx_word' id='word_1_215' title='bbox 643 3979 676 4026; x_wconf 92' lang='lat' dir='ltr'>ut</span> <span class='ocrx_word' id='word_1_216' title='bbox 709 3966 921 4026; x_wconf 89' lang='lat' dir='ltr'>Hoilandorum</span> <span class='ocrx_word' id='word_1_217' title='bbox 953 3967 1056 4039; x_wconf 91' lang='lat' dir='ltr'>aliquis</span> <span class='ocrx_word' id='word_1_218' title='bbox 1088 3967 1117 4024; x_wconf 95' lang='lat' dir='ltr'>in</span> <span class='ocrx_word' id='word_1_219' title='bbox 1151 3967 1207 4024; x_wconf 91' lang='lat' dir='ltr'>hoc</span> <span class='ocrx_word' id='word_1_220' title='bbox 1240 3967 1388 4022; x_wconf 91' lang='lat' dir='ltr'>castellum</span> 
     </span>
     <span class='ocr_line' id='line_1_29' title="bbox 220 4067 1387 4151; baseline -0.004 -21"><span class='ocrx_word' id='word_1_221' title='bbox 220 4073 384 4131; x_wconf 86' lang='lat' dir='ltr'>inducatur.</span> <span class='ocrx_word' id='word_1_222' title='bbox 426 4073 513 4151; x_wconf 89' lang='lat' dir='ltr'>Quod</span> <span class='ocrx_word' id='word_1_223' title='bbox 535 4089 604 4131; x_wconf 90' lang='lat' dir='ltr'>vero</span> <span class='ocrx_word' id='word_1_224' title='bbox 625 4071 725 4129; x_wconf 89' lang='lat' dir='ltr'>scribis</span> <span class='ocrx_word' id='word_1_225' title='bbox 747 4071 782 4129; x_wconf 89' lang='lat' dir='ltr'>de</span> <span class='ocrx_word' id='word_1_226' title='bbox 803 4071 969 4128; x_wconf 90' lang='lat' dir='ltr'>hominibus</span> <span class='ocrx_word' id='word_1_227' title='bbox 990 4071 1109 4138; x_wconf 86' lang='lat' dir='ltr'>vestris,</span> <span class='ocrx_word' id='word_1_228' title='bbox 1131 4072 1181 4142; x_wconf 93' lang='lat' dir='ltr'>qui</span> <span class='ocrx_word' id='word_1_229' title='bbox 1203 4069 1279 4143; x_wconf 90' lang='lat' dir='ltr'>apud</span> <span class='ocrx_word' id='word_1_230' title='bbox 1301 4067 1387 4126; x_wconf 89' lang='lat' dir='ltr'>Indos</span> 
     </span>
     <span class='ocr_line' id='line_1_30' title="bbox 220 4174 1386 4249; baseline -0.003 -17"><span class='ocrx_word' id='word_1_231' title='bbox 220 4177 249 4233; x_wconf 91' lang='lat' dir='ltr'>in</span> <span class='ocrx_word' id='word_1_232' title='bbox 272 4178 374 4234; x_wconf 90' lang='lat' dir='ltr'>insulis</span> <span class='ocrx_word' id='word_1_233' title='bbox 404 4176 549 4249; x_wconf 85' lang='lat' dir='ltr'>Japonicis</span> <span class='ocrx_word' id='word_1_234' title='bbox 577 4174 703 4248; x_wconf 89' lang='lat' dir='ltr'>degunt,</span> <span class='ocrx_word' id='word_1_235' title='bbox 735 4178 772 4233; x_wconf 92' lang='lat' dir='ltr'>D.</span> <span class='ocrx_word' id='word_1_236' title='bbox 800 4175 933 4232; x_wconf 88' lang='lat' dir='ltr'>Vicarius</span> <span class='ocrx_word' id='word_1_237' title='bbox 954 4175 1050 4231; x_wconf 88' lang='lat' dir='ltr'>omnia</span> <span class='ocrx_word' id='word_1_238' title='bbox 1072 4174 1157 4242; x_wconf 87' lang='lat' dir='ltr'>facit,</span> <span class='ocrx_word' id='word_1_239' title='bbox 1178 4189 1251 4246; x_wconf 88' lang='lat' dir='ltr'>quae</span> <span class='ocrx_word' id='word_1_240' title='bbox 1273 4182 1386 4245; x_wconf 87' lang='lat' dir='ltr'>potest,</span> 
     </span>
     <span class='ocr_line' id='line_1_31' title="bbox 219 4276 1387 4352; baseline -0.004 -15"><span class='ocrx_word' id='word_1_241' title='bbox 219 4290 253 4337; x_wconf 91' lang='lat' dir='ltr'>ut</span> <span class='ocrx_word' id='word_1_242' title='bbox 273 4281 331 4336; x_wconf 88' lang='lat' dir='ltr'>iilis</span> <span class='ocrx_word' id='word_1_243' title='bbox 352 4280 424 4338; x_wconf 90' lang='lat' dir='ltr'>bene</span> <span class='ocrx_word' id='word_1_244' title='bbox 436 4281 491 4351; x_wconf 77' lang='lat' dir='ltr'>sit3</span> <span class='ocrx_word' id='word_1_245' title='bbox 512 4276 585 4335; x_wconf 90' lang='lat' dir='ltr'>idem</span> <span class='ocrx_word' id='word_1_246' title='bbox 602 4280 756 4352; x_wconf 87' lang='lat' dir='ltr'>aegerrime</span> <span class='ocrx_word' id='word_1_247' title='bbox 767 4279 824 4336; x_wconf 90' lang='lat' dir='ltr'>fert</span> <span class='ocrx_word' id='word_1_248' title='bbox 835 4279 1005 4336; x_wconf 89' lang='lat' dir='ltr'>sententiam</span> <span class='ocrx_word' id='word_1_249' title='bbox 1017 4276 1053 4335; x_wconf 92' lang='lat' dir='ltr'>de</span> <span class='ocrx_word' id='word_1_250' title='bbox 1066 4277 1217 4335; x_wconf 88' lang='lat' dir='ltr'>Hoilandis</span> <span class='ocrx_word' id='word_1_251' title='bbox 1230 4277 1387 4334; x_wconf 85' lang='lat' dir='ltr'>Macaiinte</span> 
     </span>
     <span class='ocr_line' id='line_1_32' title="bbox 218 4381 1386 4456; baseline -0.003 -15"><span class='ocrx_word' id='word_1_252' title='bbox 218 4386 304 4441; x_wconf 86' lang='lat' dir='ltr'>latam</span> <span class='ocrx_word' id='word_1_253' title='bbox 326 4394 354 4440; x_wconf 89' lang='lat' dir='ltr'>et</span> <span class='ocrx_word' id='word_1_254' title='bbox 376 4393 593 4456; x_wconf 89' lang='lat' dir='ltr'>procuratorem</span> <span class='ocrx_word' id='word_1_255' title='bbox 613 4381 716 4455; x_wconf 86' lang='lat' dir='ltr'>judicii</span> <span class='ocrx_word' id='word_1_256' title='bbox 739 4385 870 4440; x_wconf 91' lang='lat' dir='ltr'>vinctum</span> <span class='ocrx_word' id='word_1_257' title='bbox 892 4383 922 4440; x_wconf 93' lang='lat' dir='ltr'>in</span> <span class='ocrx_word' id='word_1_258' title='bbox 944 4398 1086 4440; x_wconf 88' lang='lat' dir='ltr'>carcerem</span> <span class='ocrx_word' id='word_1_259' title='bbox 1108 4381 1211 4439; x_wconf 90' lang='lat' dir='ltr'>abduci</span> <span class='ocrx_word' id='word_1_260' title='bbox 1232 4381 1332 4454; x_wconf 90' lang='lat' dir='ltr'>jussit,</span> <span class='ocrx_word' id='word_1_261' title='bbox 1353 4391 1386 4437; x_wconf 91' lang='lat' dir='ltr'>ut</span> 
     </span>
     <span class='ocr_line' id='line_1_33' title="bbox 219 4484 1386 4560; baseline -0.003 -18"><span class='ocrx_word' id='word_1_262' title='bbox 219 4487 345 4560; x_wconf 88' lang='lat' dir='ltr'>graviter</span> <span class='ocrx_word' id='word_1_263' title='bbox 377 4487 407 4544; x_wconf 89' lang='lat' dir='ltr'>in</span> <span class='ocrx_word' id='word_1_264' title='bbox 439 4505 504 4545; x_wconf 91' lang='lat' dir='ltr'>eum</span> <span class='ocrx_word' id='word_1_265' title='bbox 534 4485 784 4546; x_wconf 85' lang='lat' dir='ltr'>animadverteret.</span> <span class='ocrx_word' id='word_1_266' title='bbox 836 4487 883 4545; x_wconf 93' lang='lat' dir='ltr'>Tu</span> <span class='ocrx_word' id='word_1_267' title='bbox 915 4487 1004 4560; x_wconf 88' lang='lat' dir='ltr'>igitur</span> <span class='ocrx_word' id='word_1_268' title='bbox 1039 4487 1099 4543; x_wconf 90' lang='lat' dir='ltr'>noli</span> <span class='ocrx_word' id='word_1_269' title='bbox 1131 4485 1215 4542; x_wconf 87' lang='lat' dir='ltr'>irasci</span> <span class='ocrx_word' id='word_1_270' title='bbox 1246 4484 1386 4542; x_wconf 90' lang='lat' dir='ltr'>universis</span> 
     </span>
    </p>
   </div>
   <div class='ocr_carea' id='block_1_7' title="bbox 0 0 1760 5710">
    <p class='ocr_par' dir='ltr' id='par_1_11' title="bbox 0 0 1760 5710">
     <span class='ocr_line' id='line_1_34' title="bbox 0 0 1760 5710; baseline 0 0"><span class='ocrx_word' id='word_1_271' title='bbox 0 0 1760 5710; x_wconf 95' lang='lat' dir='ltr'> </span> 
     </span>
    </p>
   </div>
  </div>
 </body>
</html>
