3552 5654
550 618 597 664 oe
623 619 714 682 June
742 618 923 664 nunaunt.
949 597 1028 667 cnr.
1053 620 1130 666 v111.
1363 621 1422 682 119

254 785 350 856 putat
381 790 512 855 gerere,
536 771 634 836 simul
666 771 761 838 etiam
782 773 837 857 jus
859 773 925 839 illis
949 788 1132 857 competere
1163 787 1257 856 putat
1280 773 1313 839 in
1336 773 1423 839 bello

252 898 346 966 capta
369 884 392 949 ¹.
439 883 526 947 Nam
551 897 583 948 et
606 882 659 948 hic
682 883 872 966 acquirendi
894 885 1029 951 dominii
1052 885 1169 950 modus
1193 898 1266 964 est,
1290 882 1423 949 omnino

252 993 368 1061 similis
397 992 426 1058 ei
456 992 514 1076 qui
537 992 575 1058 fit
593 1013 651 1076 per
671 1014 738 1059 rem
758 995 935 1079 judicatam
956 993 987 1060 ²:
1021 995 1049 1061 si
1076 995 1160 1061 enim
1190 995 1278 1078 juste
1300 1013 1424 1078 pugna·

251 1119 302 1170 ret
322 1104 531 1187 respublica,
552 1105 653 1189 judex
672 1105 706 1170 in
729 1106 840 1173 hostes
856 1105 952 1172 etiam
969 1120 1120 1172 externos
1136 1105 1390 1172 constitueretur
1401 1102 1424 1168 ⁸.

253 1215 299 1280 Et
318 1213 372 1278 hic
393 1215 494 1298 igitur
516 1215 672 1281 convenit
692 1215 783 1298 quod
803 1216 909 1281 dicere
931 1218 1093 1298 solemus,
1115 1217 1203 1301 juste
1224 1236 1297 1281 eum
1319 1214 1425 1298 possi-

253 1325 351 1406 dere,
384 1325 441 1408 qui
472 1340 620 1408 praetore
651 1341 783 1393 auctore
814 1342 977 1410 comparat
1009 1342 1066 1393 aut
1096 1326 1243 1410 possidet
1263 1326 1285 1392 ⁴.
1331 1325 1426 1390 Sicut

254 1434 356 1520 igitur
373 1436 522 1518 bellum,
546 1436 590 1502 ita
614 1451 646 1502 et
674 1436 890 1524 depraedatio
918 1459 1096 1523 rerumque
1115 1450 1293 1523 captarum
1313 1436 1425 1502 deten·
1439 1419 1574 1492 vorot-⁵11·

152 1572 154 1576 ·
254 1550 300 1611 tr'o
321 1545 527 1612 subditorum
549 1561 698 1633 respectu
717 1569 757 1612 ex
782 1561 929 1633 utraque
943 1562 1048 1635 parte
1059 1550 1159 1632 justa
1181 1546 1309 1612 datur:
1322 1561 1426 1633 prae-

252 1657 383 1723 cedente
402 1658 528 1724 scilieet
540 1659 664 1743 jussu,
687 1661 743 1722 eui
763 1662 855 1723 ratio
872 1658 1059 1744 probabilis
1081 1679 1144 1722 nore
1165 1670 1337 1744 repugnet.
1369 1658 1425 1723 An

253 1788 332 1834 vero
354 1768 519 1850 utrimque
543 1783 574 1834 et
597 1767 802 1850 dominium,
827 1769 890 1834 hoc
914 1783 963 1835 est
985 1770 1040 1853 jus
1073 1769 1155 1834 illud
1188 1767 1425 1852 irrevocabile,

254 1894 451 1961 quaeratur,
475 1880 690 1962 inquisitione
710 1879 846 1964 indiget.
894 1879 1038 1946 Omnino
1062 1879 1165 1946 ausim
1185 1878 1559 1984 affirmafeiuseffl12„{f‘

254 1991 397 2075 gentium
411 1990 584 2073 primari0,
597 1991 688 2073 quod
711 2012 751 2056 ex
773 2005 888 2057 natura
912 1991 1044 2072 defluit,
1069 1991 1132 2056 hoc
1144 1991 1252 2073 ipsum
1264 2011 1331 2056 non
1347 2011 1425 2056 con-

252 2101 387 2184 tingere.
433 2102 555 2185 Neque
576 2103 662 2168 enim
678 2101 791 2184 opinio
814 2103 1008 2186 cujusquam
1028 2107 1039 2139 ⁵
1060 2119 1206 2183 eousque
1226 2100 1368 2180 sufficit,
1388 2115 1426 2164 ut

253 2211 387 2278 domino
417 2213 542 2278 nolenti
577 2211 756 2279 dominium
780 2211 916 2278 auferat.
964 2212 1010 2276 Et
1032 2211 1222 2276 naturaliter
1244 2210 1426 2294 obligamur

253 2322 294 2387 ad
322 2323 586 2403 restitutionem,
618 2342 686 2389 non
714 2336 840 2388 tantum
868 2318 981 2404 iniqua
1007 2321 1196 2404 acceptione
1217 2321 1262 2386 rei
1286 2321 1425 2402 alienae,

254 2431 310 2498 sed
331 2433 553 2516 qualicunque
571 2432 796 2517 possessione:
819 2433 906 2497 unde
926 2451 985 2496 nec
1005 2430 1277 2520 praescriptiones
1297 2451 1335 2496 eo
1352 2431 1426 2515 jure

255 2556 400 2624 receptas
431 2543 600 2610 verissima
632 2534 791 2610 sententia
810 2557 859 2608 est
886 2540 911 2608 ⁶.
969 2541 1034 2609 Sed
1053 2541 1184 2608 defendi
1216 2555 1327 2625 potest
1352 2542 1425 2626 jure

256 2653 400 2737 gentium
432 2653 647 2734 secundario,
672 2652 764 2734 quod
795 2670 866 2718 esse
884 2652 935 2718 sui
959 2653 1084 2737 origine
1107 2652 1204 2719 civile
1225 2652 1368 2718 diximus
1388 2657 1426 2732 ⁷,

255 2762 340 2828 idem
370 2763 454 2829 illud
484 2762 668 2847 procedere.
712 2762 877 2829 Videntur
898 2763 983 2828 enim
1005 2763 1120 2847 populi
1144 2763 1365 2844 conscivisse,
1390 2777 1428 2830 ut

253 2874 342 2939 bello
363 2887 458 2956 capta
477 2875 645 2957 utrimque
663 2873 859 2957 capientium
882 2873 997 2939 fierent
1015 2872 1050 2956 ⁸,
1074 2891 1134 2939 nec
1155 2875 1226 2958 ejus
1246 2873 1292 2938 rei
1315 2872 1427 2938 deesse

255 2983 407 3050 rationes.
441 2984 643 3068 Diligentius
664 2985 748 3050 enim
772 2985 1004 3068 rempublicam
1036 2983 1218 3050 defendunt
1246 2983 1335 3050 cives
1357 2984 1427 3050 bel-

255 3095 344 3177 lique
376 3115 472 3162 onera
503 3095 696 3179 promtiores
719 3096 882 3162 sustinent
905 3095 952 3160 rei
972 3094 1118 3177 privatae
1138 3095 1273 3161 vinculo
1297 3095 1328 3174 ⁹,
1352 3115 1425 3160 cum

253 3226 327 3289 spes
349 3199 590 3289 quodammodo
610 3207 756 3291 praecisa
777 3221 826 3272 est
845 3208 945 3273 semel
966 3206 1081 3273 amissa
1101 3206 1324 3290 recuperandi.
1351 3207 1425 3272 Nec

254 3317 451 3401 reipublicae
474 3318 655 3401 quidquam
675 3318 844 3401 abscedit,
868 3318 924 3383 eui
943 3333 1000 3384 aut
1019 3317 1127 3385 victae
1145 3318 1200 3402 jus
1221 3316 1306 3382 foret
1331 3318 1425 3383 inane

254 3428 324 3494 siue
347 3419 574 3510 viribus‚'aut
595 3429 723 3496 victrici
747 3431 832 3496 inter
852 3444 996 3511 caetera,
1019 3429 1157 3512 quaein
1181 3429 1326 3494 dominio
1347 3430 1425 3495 hos-

254 3539 336 3604 tium
355 3538 506 3622 fuerunt,
528 3541 623 3606 etiam
644 3541 731 3607 bello
743 3556 852 3625 erepta
864 3541 1119 3623 acquirerentur.
1144 3540 1304 3625 Magnum
1316 3554 1424 3605 autem

255 3650 357 3735 hujus
388 3652 434 3716 rei
466 3666 690 3738 argumentum
710 3667 776 3732 est,
801 3653 892 3734 quod
915 3651 999 3718 facta
1020 3672 1122 3735 pace,
1146 3651 1185 3716 de
1209 3651 1330 3734 quibus
1358 3669 1426 3718 non

257 3839 447 3852 ——n-

290 3961 297 3994 ¹
316 3975 348 4010 ex
372 3964 457 4011 concl.
481 3975 505 4020 ³·
539 3958 550 3992 ²
573 3963 590 4009 l.
615 3963 762 4010 naturalem.
779 3964 803 4019 §-
822 3962 867 4009 ult.
884 3961 910 4010 ff.
926 3962 957 4010 de
974 3973 1030 4020 atq.
1048 3962 1116 4009 dom.
1136 3960 1180 4022 [D.
1197 3973 1240 4022 41.
1261 3973 1282 4008 1.
1303 3973 1326 4016 5.
1343 3965 1365 4020 5.
1385 3962 1423 4024 7.]

254 4049 265 4082 ³
287 4053 318 4099 V.
333 4054 365 4101 ad
387 4066 439 4112 reg.
463 4066 487 4114 9.
521 4045 533 4082 ⁴
555 4053 572 4099 l.
595 4051 662 4109 iuste
685 4051 809 4111 possidet.
832 4051 858 4100 ff.
882 4052 914 4099 de
938 4064 993 4110 acq.
1018 4063 1088 4110 poss.
1108 4051 1151 4112 [D.
1169 4065 1210 4112 41.
1230 4065 1253 4098 2.
1275 4051 1325 4112 11.]
1344 4054 1361 4100 l.
1380 4053 1424 4112 qui

255 4142 407 4191 auctoreff.
431 4144 462 4190 de
486 4156 538 4202 reg.
561 4141 608 4200 jur.
633 4143 677 4203 [D.
703 4154 742 4198 50.
769 4155 806 4201 17.
832 4141 902 4202 137].
936 4141 980 4190 ⁵1.
1000 4155 1023 4189 2.
1041 4141 1066 4189 ff.
1085 4143 1116 4189 de
1135 4141 1167 4190 iis
1186 4141 1230 4201 qui
1249 4152 1306 4190 sunt
1322 4142 1362 4190 sui
1381 4144 1423 4191 vel

255 4231 375 4289 a1.juris.
395 4231 439 4296 [D.
458 4247 478 4282 1.
495 4233 531 4294 6.]
556 4235 573 4280 l.
590 4234 725 4282 solvendo.
743 4233 768 4280 ff.
787 4235 818 4282 de
835 4246 891 4293 neg.
909 4243 971 4293 gest.
990 4232 1034 4294 [D.
1053 4245 1076 4290 3.
1096 4244 1118 4288 5.
1137 4231 1191 4296 ³9·]
1211 4234 1227 4280 l.
1246 4232 1380 4282 distractis.
1398 4245 1423 4282 et

255 4325 272 4370 l.
290 4323 441 4372 debitorem.
452 4325 487 4371 C..
499 4325 530 4372 de
548 4323 617 4384 pign.
634 4324 677 4385 [C.
695 4327 718 4372 8.
739 4338 777 4386 14.
798 4339 836 4386 14.
855 4335 879 4372 et
900 4323 951 4388 rs.]
971 4325 988 4371 l.
1007 4336 1029 4380 3.
1048 4325 1077 4371 C.
1096 4326 1127 4373 de
1145 4323 1182 4371 rei
1200 4323 1270 4372 vind.
1287 4322 1329 4387 [C.
1338 4337 1361 4381 3.
1369 4325 1421 4386 32]

254 4417 359 4478 ⁶Vasq.
378 4429 458 4466 contr.
480 4417 515 4465 ill.
534 4419 552 4465 l.
577 4432 599 4466 2.
617 4431 637 4464 o.
656 4427 696 4471 51.
713 4429 738 4464 rr.
758 4428 798 4473 23.
833 4412 892 4462 ⁷V.
910 4428 961 4475 reg.
980 4417 1003 4462 8.
1037 4414 1097 4461 ⁸V.
1112 4413 1138 4461 in
1153 4414 1230 4462 simili
1245 4414 1311 4464 Vict.
1333 4429 1358 4464 n.
1381 4429 1423 4478 49.

255 4507 300 4556 ⁹l.
317 4508 343 4556 in
359 4506 467 4556 belloff.
487 4511 516 4557 de
536 4519 602 4569 capt.
620 4508 646 4556 in
664 4523 702 4568 pr.
721 4508 765 4570 [D.
783 4521 824 4570 49.
845 4520 882 4564 15.
904 4506 955 4570 ra]
1292 4495 1295 4510 ’
