3536 5692
511 708 558 754 ore
582 707 675 772 Juaa
702 707 884 753 Pannona.
910 706 989 753 cnr.
1014 687 1094 786 xrri.
1329 705 1391 768 293

221 864 386 947 implorari
414 868 550 930 relatum
579 878 638 929 est.
684 863 809 929 Merito
840 863 941 948 igitur
972 864 1118 946 ipsorum
1143 864 1290 943 exemplo
1310 859 1393 926 nihil

222 975 446 1060 distinguitur.
492 974 627 1040 Nobilis
646 974 899 1060 jurisconsulti,
928 975 993 1040 imo
1016 976 1121 1058 ipsius
1139 975 1223 1060 juris
1248 973 1393 1058 gentium

221 1108 289 1153 vox
318 1089 380 1152 ista
408 1102 476 1154 est:
510 1101 548 1152 ut
575 1087 682 1151 socios
714 1087 790 1151 licet
818 1086 1011 1168 defendere,
1036 1087 1080 1152 ita
1100 1088 1264 1153 offendere
1284 1085 1394 1150 socios

222 1199 367 1266 criminis
400 1215 433 1264 et
467 1199 658 1281 quicunque
692 1198 887 1281 participant
922 1199 1105 1266 criminosis
1139 1213 1172 1264 et
1200 1197 1395 1264 criminibus

222 1330 448 1396 aggressorum
470 1319 492 1376 ¹.
539 1310 641 1397 Quod
661 1331 699 1375 eo
719 1311 822 1395 magis
842 1312 895 1376 hic
916 1313 1026 1378 locum
1050 1313 1170 1392 habet,
1197 1310 1275 1394 quia
1304 1308 1396 1389 quod

224 1424 402 1489 Castellani
436 1422 566 1488 Batavis
607 1421 731 1487 Indiam
770 1423 956 1505 petentibus
993 1437 1198 1504 nocuerunt,
1232 1423 1294 1486 hoc
1326 1420 1394 1486 sine

224 1535 325 1601 dubio
346 1550 378 1599 et
396 1535 531 1618 publico
558 1533 696 1598 consilio
719 1549 752 1598 et
772 1549 889 1617 rogatu
908 1549 964 1599 aut
984 1549 1069 1600 certe
1091 1535 1125 1600 in
1145 1533 1278 1619 gratiam
1297 1532 1396 1598 Lusi-

223 1660 372 1713 tanorum
394 1645 515 1711 factum
538 1659 596 1712 est.
616 1646 688 1729 Janr
709 1666 788 1712 vero
810 1646 849 1711 de
873 1645 1180 1727 Hemskerckianis,
1203 1646 1261 1728 qui
1283 1665 1300 1710 a
1321 1665 1395 1728 rege
1407 1656 1511 1754 ariii'a
1522 1655 1555 1752 [1¹5

223 1760 378 1823 Dammae
407 1759 498 1823 nulla
527 1757 605 1822 belli
634 1761 812 1842 praeeunte
842 1777 960 1837 causa,
985 1759 1092 1841 specie
1125 1757 1395 1824 commerciorum
1409 1719 1553 1808 arealis

223 1871 309 1953 capti
331 1885 363 1935 et
382 1869 415 1934 in
435 1869 595 1934 servitute
606 1869 730 1935 detenti
752 1883 852 1948 sunt,
878 1889 1074 1952 quamquam
1095 1869 1128 1934 id
1140 1890 1213 1935 eum
1226 1868 1396 1935 Lusitanis

223 1982 401 2064 imputasse
433 1980 565 2046 minime
598 1981 814 2046 dubitandum
836 1979 921 2062 sest,
945 1983 1038 2046 velut
1060 1981 1169 2046 minus
1192 1995 1395 2063 compertum

224 2093 289 2159 illis
312 2093 483 2158 remittam.
508 2092 583 2156 Hoc
603 2094 675 2157 solo
688 2085 863 2157 contentus
876 2113 952 2172 ero,
978 2094 1068 2174 quod
1080 2093 1209 2174 liquido
1221 2093 1395 2176 probatum
1404 2105 1554 2221 pagatim:

224 2205 306 2271 vidi.
353 2203 504 2270 Lusitani
537 2223 611 2268 cum
636 2203 786 2268 audirent
808 2223 916 2287 regem
937 2203 1106 2288 Jorensem
1132 2225 1170 2270 eo
1194 2204 1396 2287 propendere
1409 2218 1436 2313 ἶ)
1445 2213 1555 2259 etartic·

224 2330 263 2382 ut
286 2315 558 2381 Hemskerckium
582 2314 622 2379 ad
642 2315 870 2380 mercationem
891 2315 1096 2395 admitteret,
1120 2315 1238 2395 missa,
1262 2330 1300 2380 ut
1319 2315 1396 2380 alibi
1430 2299 1436 2313 ’

225 2427 390 2507 diximus,
423 2426 585 2511 legatione
617 2426 685 2509 regi
717 2425 924 2508 indicarunt,
958 2447 1031 2491 curn
1065 2427 1249 2493 Hollandos
1284 2444 1396 2492 ornnes

225 2538 374 2605 homines
406 2557 475 2604 esse
509 2537 757 2620 rapacissimos,
792 2552 862 2603 tum
885 2558 963 2604 vero
988 2538 1260 2604 Hemslcerckium
1284 2541 1395 2622 explo-

225 2664 363 2715 ratorem
395 2649 530 2716 missum
564 2648 779 2732 inspiciendis
803 2649 1017 2733 regionibus,
1043 2671 1124 2731 quas
1148 2650 1196 2715 illi
1219 2649 1395 2733 aliquando

225 2761 259 2829 vi
282 2780 396 2845 magna
417 2761 550 2826 navium
572 2760 693 2826 invecti
716 2779 790 2826 suas
811 2759 955 2826 facerent
974 2762 1120 2844 expulsis
1138 2762 1395 2844 possessoribus.

226 2873 321 2959 Quae
342 2887 451 2938 autem
475 2886 548 2952 est,
572 2871 600 2937 si
625 2889 691 2937 non
703 2874 806 2951 haec,
834 2872 953 2956 injuria
966 2871 1023 2938 aut
1035 2894 1131 2955 quem
1144 2873 1235 2957 prius
1247 2888 1394 2956 spectat,

225 3003 322 3066 quarn
343 2983 450 3066 ipsum
470 2982 741 3048 Hemslrerckium
762 2985 900 3067 eiusque
920 2984 1129 3066 comitatum,
1154 2985 1279 3050 etiamsi
1299 2984 1396 3049 latius

226 3095 259 3160 in
283 3109 383 3161 totam
408 3109 535 3178 gentem
559 3094 754 3178 spargatur?
802 3095 928 3160 Bellum
951 3111 1116 3178 praeterea
1139 3097 1303 3162 minantur
1326 3097 1396 3161 Lu·

225 3205 344 3286 sitani,
378 3205 406 3272 si
441 3207 516 3288 quis
548 3206 732 3280 Hollandos
763 3207 908 3290 recipiat.
956 3208 1002 3272 Et
1035 3209 1115 3273 haec
1148 3228 1256 3274 nonne
1289 3207 1396 3293 gravis

226 3317 345 3402 injuria
368 3318 443 3383 est?
490 3318 563 3382 Nec
586 3318 753 3385 minantur
776 3333 926 3400 tantum,
950 3319 1008 3386 sed
1031 3319 1179 3386 inferunt
1208 3321 1397 3402 eisdemque

225 3429 364 3495 navibus
389 3443 421 3495 et
440 3429 592 3514 Jorenses
616 3431 878 3514 depopulantur,
903 3446 934 3496 et
957 3431 1095 3496 Batavos
1117 3444 1245 3494 tentant
1266 3448 1397 3516 accessu

226 3542 408 3624 prohibere.
454 3542 538 3607 Esse
570 3542 653 3607 hanc
686 3563 761 3608 vere
794 3543 969 3627 injuriam,
1003 3563 1076 3608 cum
1105 3544 1184 3607 alter
1207 3521 1340 3606 alterius
1364 3540 1396 3604 in
1412 3555 1474 3602 [nc.
1496 3555 1556 3602 nar.

227 3653 456 3718 contumeliam
489 3668 627 3719 vexatur
651 3669 684 3720 et
706 3675 780 3719 cum
806 3674 844 3719 eo
869 3654 943 3736 quis
964 3632 1185 3737 prohibetur,
1205 3653 1296 3734 quod
1325 3651 1398 3734 jure
1412 3613 1556 3711 ‘ii'biilfil

228 3764 373 3848 gentium
398 3764 580 3846 competit,
604 3764 681 3829 alibi
716 3765 931 3852 ostendimus.
981 3766 1091 3850 Quare
1124 3763 1194 3829 sive
1229 3763 1398 3828 codicillos

228 3875 524 3940 Hemskerckianos
548 3875 763 3958 respicimus,
787 3889 916 3940 constat
939 3876 978 3940 de
1001 3874 1130 3959 iniuriis
1154 3893 1237 3955 quas
1257 3874 1399 3955 reparari

228 3986 397 4069 oportuit,
422 3986 493 4051 sive
512 3987 740 4052 centurionum
760 3987 931 4066 mandata,
955 3987 1114 4051 habemus
1133 3984 1398 4050 commerciorum

230 4099 413 4165 turbatores
436 4096 636 4164 manifestos.
661 4097 803 4183 InJuriae
827 4113 933 4164 autem
958 4097 1038 4162 istae
1059 4112 1196 4163 cunctos
1209 4111 1240 4162 et
1251 4095 1400 4180 singulos
1413 4120 1558 4221 emcffl.

231 4210 421 4295 obligabant
444 4210 650 4291 Lusitanos,
675 4209 863 4293 praesertim
887 4209 946 4292 qui
969 4209 1003 4274 in
1026 4209 1088 4276 ista
1111 4209 1199 4275 orbis
1217 4223 1309 4292 parte
1327 4229 1399 4274 ver·
1410 4227 1453 4328 i'i'
1467 4229 1539 4275 artic.

237 4379 423 4390 —--—-—

271 4472 279 4504 ¹
297 4473 367 4520 Bald.
383 4474 400 4520 l.
419 4485 440 4520 1.
456 4475 485 4520 C.
503 4473 570 4521 unde
589 4473 625 4522 vi.
644 4472 687 4536 [C.
707 4476 730 4521 8.
747 4473 784 4534 4.]
795 4487 819 4521 n.
839 4486 879 4534 24.
896 4475 954 4536 Joh.
972 4474 1002 4521 de
1020 4472 1091 4532 Lign.
1109 4471 1135 4519 in
1151 4482 1224 4520 tract.
1243 4472 1275 4519 de
1292 4483 1357 4530 repr.
1376 4484 1400 4519 2.

230 4578 256 4624 P·
273 4575 296 4619 ³·
314 4577 356 4622 qu·
376 4576 398 4610 2·
416 4577 455 4623 Pr·
