3546 5654
360 662 421 740 248
654 680 701 726 on
725 678 818 746 June
846 677 1033 726 Pannona.
1059 677 1137 725 cnr.
1162 679 1230 726 xrr.

361 833 529 915 loquimur
561 853 635 900 cum
659 834 806 918 Ulpiano
827 842 861 916 ¹,
891 851 957 900 non
981 833 1035 898 ille
1058 833 1210 900 damnum
1235 833 1311 914 dat,
1334 833 1390 898 sed
1412 832 1531 914 luem,

362 964 430 1027 quo
453 945 560 1010 adhuc
583 946 664 1012 alter
688 946 858 1026 utebatur,
883 965 957 1011 eum
980 945 1145 1029 prohibet.
1169 945 1329 1010 Naturale
1350 958 1459 1010 autern
1482 958 1532 1009 est

361 1071 393 1121 et
424 1075 552 1122 summo
571 1057 637 1141 juri
659 1073 757 1140 atque
779 1058 873 1123 etiam
894 1056 1053 1139 aequitati
1076 1054 1318 1138 conveniens²‚
1343 1071 1380 1122 ut
1401 1058 1530 1121 lucrum

362 1168 394 1232 in
419 1167 526 1234 medio
549 1169 695 1252 positum
726 1190 823 1235 suum
854 1169 996 1251 quisque
1028 1168 1120 1234 malit
1141 1188 1210 1234 esse
1234 1186 1331 1249 quam
1354 1163 1531 1245 alterius²‚

362 1279 456 1345 etiam
488 1280 546 1362 qui
579 1295 653 1347 ante
683 1296 879 1364 perceperat.
924 1279 1010 1367 Quis
1041 1279 1126 1346 ferat
1147 1285 1335 1362 querentem
1359 1275 1531 1360 opificem,

362 1392 454 1474 quod
485 1393 565 1458 alter
596 1393 742 1477 ejusdem
775 1393 851 1458 artis
875 1390 1030 1457 exercitio
1055 1391 1163 1474 ipsius
1185 1390 1355 1456 commoda
1380 1389 1529 1454 evertat?

362 1502 558 1568 Batavorum
589 1519 697 1569 autem
726 1525 822 1571 causa
845 1525 883 1570 eo
907 1518 956 1569 est
976 1503 1121 1588 justior,
1145 1503 1222 1586 quia
1246 1503 1392 1584 ipsorum
1414 1501 1475 1565 hac
1498 1499 1531 1564 in

362 1629 453 1697 parte
485 1614 611 1682 utilitas
643 1636 716 1680 curn
749 1615 854 1682 totius
883 1615 1017 1681 humani
1041 1614 1169 1700 generis
1192 1613 1334 1679 utilitate
1357 1613 1533 1696 conjuncta

364 1740 434 1806 est,
459 1746 557 1806 quam
589 1725 742 1792 Lusitani
771 1747 920 1793 eversum
943 1740 1032 1792 eunt.
1075 1726 1198 1807 Neque
1218 1726 1282 1790 hoc
1301 1738 1387 1788 recte
1406 1723 1533 1788 dicetur

362 1836 403 1902 ad
428 1837 679 1902 aemulationem
707 1837 800 1918 fieri,
835 1852 873 1903 ut
899 1837 933 1903 in
962 1857 995 1903 re
1026 1837 1124 1904 simili
1147 1836 1291 1902 ostendit
1309 1835 1479 1917 Vosquius
1499 1840 1532 1898 ⁴:

364 1963 420 2014 aut
448 1947 532 2012 enim
551 1949 655 2030 ‘plane
674 1949 737 2014 hoc
757 1948 942 2034 negandum
962 1963 1032 2028 est,
1056 1963 1112 2014 aut
1132 1947 1381 2013 asseverandum
1404 1966 1469 2010 non
1493 1946 1534 2011 ad

363 2061 480 2126 bonam
501 2059 623 2140 mod0,
642 2079 756 2125 verum
776 2061 872 2126 etiam
905 2061 946 2126 ad
975 2061 1130 2143 optimam
1161 2060 1411 2125 aemulationem
1439 2057 1533 2137 fieri,

359 2173 453 2256 juxta
486 2170 669 2238 Hesiodum
689 2167 722 2236 ⁵:
756 2176 855 2252 ἀγαθὴ
876 2174 955 2255 δ’ἔρις
978 2174 1027 2250 ἣδε
1048 2177 1182 2254 βροτοῖσι.
1231 2171 1323 2234 Bona
1345 2170 1387 2235 lis
1408 2183 1534 2234 morta-

363 2283 450 2348 libus
469 2285 548 2347 haec
569 2296 627 2348 ast.
665 2282 752 2349 Nam
772 2282 868 2348 etiam
888 2283 915 2347 si
936 2281 1011 2364 quis
1031 2282 1152 2364 pietate
1172 2296 1305 2364 motus,
1330 2281 1439 2363 inquit
1458 2280 1534 2360 ille,

363 2393 562 2460 frumentum
597 2393 629 2459 in
659 2413 784 2459 summa
815 2393 950 2476 penuria
976 2391 1077 2460 vilius
1111 2392 1288 2475 venderet,
1323 2392 1534 2475 impediretur

364 2505 512 2588 improba
531 2504 668 2570 durities
689 2525 801 2570 eorum
815 2505 1074 2586 hominum,qui
1097 2504 1261 2570 saeviente
1281 2504 1418 2586 penuria
1438 2524 1534 2570 suurn

363 2616 469 2682 carius
488 2615 809 2682 fueruntvendituri.
834 2616 957 2681 Verum
970 2631 1019 2681 est
1030 2616 1152 2682 talibus
1162 2615 1269 2682 modis
1280 2615 1385 2681 minui
1397 2616 1533 2680 aliorum

363 2727 512 2808 reditus,
547 2748 606 2792 nec
634 2727 668 2793 id
699 2748 875 2814 negamus,
902 2728 965 2793 ait:
1000 2729 1058 2794 sed
1078 2731 1280 2792 minuuntur
1302 2749 1374 2790 cum
1400 2731 1534 2792 univer-

363 2860 472 2904 sorum
505 2842 671 2903 bominum
703 2840 889 2906 commodo:
925 2854 955 2920 et
989 2844 1119 2904 utinam
1160 2842 1302 2934 omnium
1336 2839 1534 2922 Principum

363 2965 395 3017 et
427 2965 648 3035 tyrannorum
682 2951 769 3015 orbis
803 2950 931 3015 reditus
963 2954 1016 3015 ita
1049 2954 1294 3014 minuerentur.
1340 2947 1433 3034 Quid
1456 2967 1534 3031 ergo

362 3076 428 3128 tarn
449 3061 601 3142 iniquum
620 3061 726 3126 videri
745 3076 878 3144 potest,
903 3081 998 3143 quarn
1023 3060 1189 3144 Hispanos
1208 3057 1402 3144 vectigalem
1417 3061 1535 3125 habere

362 3187 521 3238 terrarum
542 3172 675 3254 orbem,
698 3186 735 3236 ut
756 3170 819 3238 nisi
841 3172 881 3237 ad
912 3172 1045 3238 illorum
1079 3186 1195 3237 nutum
1224 3191 1284 3236 nec
1307 3190 1412 3236 emere
1438 3170 1535 3236 liceat

362 3302 422 3349 nec
454 3282 622 3349 vendere?
668 3283 706 3347 In
737 3283 865 3350 cunctis
887 3282 1079 3350 civitatibus
1103 3283 1311 3348 dardanarios
1335 3282 1412 3348 odio
1436 3297 1535 3364 atque

364 3395 460 3459 etiam
493 3393 608 3477 poenis
639 3393 870 3477 prosequimur
889 3391 923 3476 ⁸,
957 3415 1017 3459 nec
1048 3396 1151 3460 ullum
1176 3409 1240 3459 tam
1264 3391 1424 3460 nefarium
1447 3393 1539 3459 vitae

364 3525 468 3590 genus
491 3505 622 3570 videtur
645 3525 742 3587 quam
767 3504 829 3570 ista
850 3523 996 3571 annonae
1018 3506 1206 3590 flagellatio.
1231 3505 1356 3571 Merito
1379 3506 1533 3587 quidem,

364 3632 497 3683 naturae
530 3616 614 3681 enim
646 3615 774 3682 faciunt
806 3616 980 3702 iniuriam,
1005 3618 1147 3699 quaein
1175 3636 1347 3683 commune
1378 3615 1536 3682 faecunda

364 3743 413 3795 est
432 3728 464 3792 ⁷:
499 3747 606 3810 neque
640 3747 718 3793 vero
753 3728 874 3795 censeri
907 3728 1004 3794 debet
1035 3728 1069 3794 in
1103 3748 1185 3795 usus
1208 3749 1386 3812 paucorum
1410 3743 1536 3811 reperta

363 3839 567 3924 negotiatio,
591 3840 648 3906 sed
671 3854 708 3904 ut
732 3841 824 3923 quod
846 3840 939 3907 alteri
962 3842 1053 3907 deest
1069 3841 1203 3907 alterius
1216 3841 1309 3923 copia
1321 3855 1534 3923 pensaretur,

360 3954 451 4037 justo
486 3966 595 4018 tamen
627 3951 822 4034 compendio
855 3952 1008 4019 omnibus
1030 3951 1226 4035 proposito,
1251 3951 1309 4035 qui
1332 3952 1475 4018 laborem
1500 3971 1535 4014 ac

365 4065 548 4148 periculum
572 4060 789 4130 transferendi
813 4062 846 4128 in
870 4083 904 4130 se
927 4063 1116 4146 suscipiunt
1137 4059 1160 4129 ⁸.
1205 4064 1280 4128 Hoc
1304 4064 1411 4146 ipsum
1435 4063 1536 4147 igitur

397 4250 442 4298 ι1.
468 4248 636 4299 ΡτοςιιΙιιι.ίΥ.
661 4250 692 4297 de
707 4250 797 4297 damno
815 4249 861 4296 inf.
880 4248 923 4312 [D.
940 4262 980 4312 39.
1000 4263 1023 4298 2.
1039 4249 1092 4312 ad]
1129 4246 1183 4298 ²v.
1200 4263 1223 4298 c.
1242 4262 1265 4297 2.
1281 4250 1314 4297 ad
1330 4252 1348 4297 l.
1368 4263 1390 4297 α.
1427 4248 1532 4308 ³Vasq.

362 4343 472 4391 dloco.
507 4339 652 4395 ⁴ibin.5.
686 4338 1004 4401 ⁵[0p.et1).vs.24„]
1039 4340 1085 4387 ⁶1.
1109 4354 1131 4388 1.
1150 4343 1178 4389 C.
1198 4341 1230 4388 de
1251 4353 1356 4400 monop.
1375 4340 1419 4402 [C.
1435 4353 1459 4400 4.
1480 4339 1533 4400 ⁵9·]

360 4429 372 4470 ⁷
390 4431 470 4490 Caiet.
488 4432 519 4480 ad
534 4432 625 4479 summ.
642 4430 689 4478 Th.
706 4443 729 4478 α.
746 4443 769 4478 2.
785 4443 810 4490 q.
825 4443 867 4488 77.
883 4443 928 4479 art.
947 4445 968 4479 1.
986 4433 1057 4491 quod
1074 4431 1106 4479 ad
1125 4431 1236 4480 tertium.
1266 4429 1277 4461 ⁸
1295 4431 1373 4479 Arist.
1392 4432 1423 4479 de
1443 4443 1497 4490 rep.
1516 4431 1533 4476 1.

364 4536 386 4573 1.
404 4536 427 4572 c.
446 4537 471 4585 9.
490 4522 529 4585 [p.
548 4532 620 4578 1257.
638 4534 659 4568 r.
675 4533 714 4569 vs.
732 4533 771 4582 14.
788 4532 813 4568 et
832 4521 884 4582 ad]
