3536 5692
529 674 577 720 DE
600 674 694 741 JURE
720 673 904 720 PRAEDAE.
930 675 1009 720 CAP.
1034 677 1090 721 XV.
1338 671 1403 738 327

230 849 336 900 totum
365 831 449 898 illud
476 829 618 913 vectigal
647 827 796 893 Indicum
824 828 956 911 peribit.
1004 830 1056 896 Ex
1076 845 1219 913 utroque
1253 845 1320 895 non
1352 843 1401 894 est

231 946 408 1010 obscurum
439 941 554 1024 quanti
584 940 714 1006 fructus
741 940 782 1005 ad
810 941 1043 1024 rempublicam
1073 942 1288 1024 perveniant,
1325 960 1399 1007 cum

230 1055 399 1139 pecuniam
429 1073 565 1120 nervum
596 1071 669 1118 esse
699 1051 777 1116 belli
806 1052 1014 1118 notissimum
1044 1054 1110 1135 sit,
1144 1071 1238 1136 quam
1269 1068 1307 1119 ut
1336 1053 1401 1119 sibi

232 1181 416 1250 comparare
444 1161 620 1228 maximum
648 1161 747 1228 habet
775 1177 1001 1245 momentum,
1034 1163 1079 1228 ita
1109 1163 1187 1228 huic
1215 1161 1399 1246 proximum

232 1294 282 1344 est
300 1278 443 1344 eamdem
462 1275 552 1344 hosti
564 1284 719 1342 avertere.
744 1275 875 1361 Quodsi
886 1275 1030 1340 obtineri
1046 1289 1157 1357 potest
1176 1273 1401 1356 utPhillppo‚

232 1390 319 1456 sicut
348 1390 382 1455 in
411 1387 595 1471 Europaeis
624 1387 820 1469 quibusdam
848 1386 1134 1470 possessionibus,
1158 1383 1202 1451 ita
1227 1383 1260 1452 in
1279 1383 1401 1450 Indicis

233 1515 414 1584 proventus
439 1500 631 1582 reditusque
658 1517 772 1565 omnes
801 1499 992 1581 aequalibus
1020 1511 1196 1564 onerentur
1222 1494 1402 1579 impensis,

234 1634 294 1679 nae
322 1612 407 1678 illud
435 1611 585 1677 futurum
607 1626 680 1693 est,
701 1626 740 1676 ut
759 1612 864 1675 multo
889 1611 1026 1692 posthac
1044 1606 1245 1675 commodior
1263 1607 1307 1673 sit
1325 1604 1402 1672 belli

234 1723 484 1790 administratio.
507 1723 627 1806 Neque
640 1722 725 1788 enim
738 1721 880 1786 dubitari
893 1736 1003 1804 potest
1013 1720 1068 1801 id,
1079 1721 1171 1803 quod
1190 1739 1232 1786 ex
1244 1719 1404 1802 Hispania

235 1853 293 1917 per
321 1835 453 1900 Italicas
479 1833 689 1918 traiectiones
716 1832 968 1916 suppeditatur,
998 1833 1209 1916 praecipuum
1233 1851 1303 1898 esse
1326 1831 1404 1898 belli

235 1944 332 2011 istius
354 1945 554 2011 alimentum.
602 1945 687 2009 Nam
711 1944 739 2009 si
763 1963 836 2010 rum
861 1944 940 2011 solis
961 1944 1130 2029 Belgarum
1151 1943 1285 2010 alterius
1304 1943 1406 2026 partis

234 2056 452 2141 vectigalibus
481 2070 777 2138 componerentur,
807 2055 998 2139 jamdudum
1021 2073 1089 2120 rem
1111 2054 1229 2121 factam
1250 2055 1407 2120 baberent

236 2167 360 2233 Batavi.
406 2167 442 2232 si
465 2166 567 2252 igitur
589 2166 821 2249 Hispaniarum
845 2165 970 2232 reditus
994 2180 1026 2230 et
1048 2185 1107 2249 per
1129 2167 1190 2230 lros
1213 2164 1406 2248 expediendi

237 2279 360 2364 argenti
390 2276 473 2344 fides
502 2276 681 2359 defecerit,
715 2277 797 2359 quid
823 2277 914 2343 aliud
934 2276 1188 2359 exspectandum
1211 2290 1282 2356 est,
1307 2293 1405 2357 quam

237 2406 275 2455 ut
304 2389 438 2455 militari
468 2389 629 2456 seditione
660 2407 777 2472 magna·
806 2387 916 2470 aliqua
949 2407 1057 2453 rerum
1086 2386 1226 2452 mutatio
1250 2385 1405 2452 eveniat‘i

238 2501 363 2583 Liquet
403 2501 489 2566 enirn
529 2520 638 2567 rerum
679 2500 813 2566 istarum
852 2499 1021 2565 historiam
1056 2497 1307 2579 evolventibus,
1342 2495 1408 2561 fere

239 2613 402 2695 quidquid
424 2612 555 2679 Batavis
576 2610 656 2677 felix
675 2612 834 2678 hactenus
853 2626 886 2676 et
903 2627 1095 2693 prosperum
1114 2607 1201 2688 fnit,
1226 2607 1261 2674 id
1279 2625 1408 2673 causam

240 2739 272 2789 et
293 2724 452 2809 originem
482 2743 522 2788 ex
553 2723 667 2789 hostili
690 2723 800 2805 inopia
822 2721 990 2788 babuisse.
1036 2721 1103 2785 Pax
1127 2717 1354 2787 Garrdauensis
1378 2733 1414 2784 et¹

241 2836 294 2901 illa
316 2835 422 2902 totius
443 2833 509 2901 iere
532 2833 636 2919 Belgii
660 2834 815 2900 adversus
839 2832 1056 2915 Hispanicum
1077 2848 1197 2897 nomen
1218 2827 1409 2916 conjunctio

239 2967 291 3014 res
312 2966 415 3030 prope
438 2946 568 3013 afflictas
590 2964 647 3028 per
670 2944 819 3010 hostium
840 2943 1037 3009 seditionem
1065 2942 1159 3025 (trata
1193 2956 1301 3007 autem
1329 2937 1408 3022 haec

241 3071 308 3123 erat
330 3077 369 3122 ex
392 3056 505 3121 aerarii
527 3057 738 3144 paupertate)
754 3052 789 3120 in
812 3051 1064 3137 pulcherrimam
1087 3053 1225 3136 speciem
1249 3053 1407 3118 restituit.

242 3167 343 3254 Quod
371 3188 389 3233 a
422 3167 588 3232 Parmensi
618 3165 742 3232 tamdiu
773 3164 857 3232 victi
896 3159 1034 3230 totidem
1068 3179 1127 3248 per
1159 3152 1264 3231 annos
1295 3159 1412 3248 optimi

241 3277 337 3344 ducis
368 3276 492 3344 virtute
523 3280 644 3343 iterum
673 3270 836 3356 vincunt,
867 3276 953 3342 unde
986 3290 1056 3357 est,
1088 3267 1153 3343 nisi
1182 3277 1274 3358 quod
1297 3276 1413 3361 ingens

242 3389 276 3453 in
296 3388 494 3454 Britanniam
513 3387 626 3455 classis
645 3403 678 3454 et
697 3387 880 3472 gravissimi
900 3403 1032 3454 sumtus
1051 3387 1084 3454 in
1104 3389 1225 3455 bellum
1246 3388 1412 3454 Gallicum

243 3501 289 3565 ita
308 3500 544 3583 opeshostiles
565 3513 820 3582 oppresserunt,
844 3513 882 3565 ut
902 3499 1038 3565 recreari
1060 3499 1197 3565 vird-um
1216 3499 1412 3582 potuerint?

245 3610 335 3675 Hinc
357 3610 398 3675 ad
420 3610 503 3676 fines
526 3610 676 3677 Gallicos
695 3611 794 3676 toties
814 3613 1051 3676 tumultuatum
1072 3625 1104 3675 er
1124 3610 1278 3678 Italorum
1301 3611 1415 3676 siche·

244 3722 351 3788 miana
381 3721 500 3786 seditio
529 3722 684 3804 vers-ique
716 3723 829 3788 hostes
851 3721 884 3786 in
908 3737 1041 3788 mutuas
1062 3721 1191 3790 caedes:
1214 3723 1292 3788 hinc
1316 3723 1415 3788 Sanc·

246 3833 419 3898 tandreana
442 3831 587 3898 defectio
604 3847 638 3898 et
651 3850 709 3916 per
726 3832 805 3898 alias
817 3833 935 3898 iterum
947 3833 1059 3898 turbas
1070 3831 1229 3914 patefacta
1241 3827 1414 3915 Flandria,

247 3959 279 4009 et
301 3945 396 4009 dauts
428 3943 547 4010 illustri
578 3943 702 4028 praelio
733 3947 844 4011 locus:
869 3943 945 4008 hinc
970 3943 1231 4009 Hoocbstratana
1254 3944 1416 4024 rebellio,

247 4075 332 4138 quae
362 4056 562 4123 Batauorum
583 4057 645 4122 sub
669 4055 812 4140 imperiis
843 4068 922 4121 suos
954 4067 1048 4142 agros
1077 4067 1228 4121 vastaret.
1273 4056 1418 4138 Aequo

247 4186 337 4232 rure
364 4185 442 4251 spes
472 4167 530 4234 ille
556 4168 697 4252 majores
726 4167 912 4253 aggreditur
934 4181 1032 4250 atque
1054 4167 1151 4233 etlam
1173 4167 1418 4256 maris-posses·

248 4280 395 4360 sionem,
419 4297 505 4363 quae
525 4280 658 4364 propria
676 4279 891 4361 esrBatavis,
915 4293 1018 4344 tentat
1035 4278 1210 4360 invadere,
1234 4280 1298 4347 boc
1317 4280 1419 4364 magis

248 4391 460 4458 annitendum
490 4405 539 4457 est
567 4407 605 4457 ut
625 4389 780 4474 impensis
800 4390 871 4457 aliis
889 4411 988 4474 super
1005 4391 1078 4458 illas
1096 4391 1258 4475 impensas
1277 4391 1419 4472 additis,

241 4503 357 4568 'medio
385 4503 419 4569 in
449 4517 571 4569 conatu
599 4502 738 4568 deficiat.
785 4501 863 4589 Quo
893 4517 1097 4585 summopere
1127 4503 1305 4585 pertinebit
1325 4517 1421 4586 quam
