3530 5656
572 629 618 673 DE
642 629 736 695 JURE
763 627 944 674 PRAEDAE.
971 627 1050 674 CAP.
1076 629 1124 674 lv.
1388 631 1430 700 55

260 803 326 862 quc
345 801 422 848 vero
444 781 656 864 interpretum
679 780 852 863 quisquam
878 783 885 816 ¹
910 780 956 846 ita
976 780 1153 846 intellexit:
1176 782 1233 848 sed
1252 786 1347 869 longe
1366 783 1431 852 ¹alia

261 893 301 958 de
321 912 428 958 causa.
471 892 517 957 Et
537 893 688 958 nonnulli
707 890 840 973 quidem
864 891 909 956 ita
931 894 1029 958 verba
1053 908 1240 975 exponunt,
1265 909 1303 959 ut
1323 894 1433 963 dicant

262 1004 484 1069 Abrahamum
506 1017 580 1068 ante
601 1002 840 1086 expeditionem
863 1016 943 1068 voto
966 1021 1000 1068 se
1023 1002 1206 1087 obligasse,
1230 1004 1313 1070 nihil
1335 1017 1369 1073 se
1392 1027 1432 1072 ex

261 1113 379 1197 praeda
401 1113 464 1180 sibi
488 1127 712 1212 excepturum.
759 1113 895 1179 Certum
926 1127 1033 1178 autern
1067 1128 1117 1178 est
1136 1133 1257 1180 vovere
1281 1135 1340 1182 nos
1369 1119 1433 1184 alia

262 1243 360 1307 quam
381 1245 465 1306 quae
488 1223 592 1290 facere
614 1223 795 1291 necessario
819 1223 985 1290 debemus.
1031 1223 1127 1312 Quae
1152 1238 1259 1291 autem
1280 1228 1362 1295 ratio
1394 1229 1433 1295 il-

262 1336 331 1400 lum
353 1335 494 1402 moverit
513 1350 570 1401 aut
590 1335 630 1400 ad
652 1349 767 1402 votum
788 1349 845 1401 aut
865 1334 946 1401 citra
968 1348 1084 1402 votum
1108 1335 1148 1400 ad
1175 1337 1433 1419 repudiationem

262 1446 363 1529 partis
387 1465 426 1510 ex
446 1447 586 1528 praeda,
608 1445 672 1512 illis
705 1446 813 1512 verbis
836 1443 1017 1511 indicatur:
1037 1446 1092 1510 Ne
1113 1446 1205 1512 dicas
1236 1471 1292 1536 ego
1323 1449 1434 1518 ditari

264 1555 494 1622 Abrahamum
507 1562 529 1624 ¹.
553 1556 745 1622 Liberaliter
768 1556 869 1641 igitur
890 1571 923 1622 et
945 1557 1083 1639 quadam
1100 1558 1199 1624 animi
1211 1561 1433 1644 magnitudine

262 1666 362 1733 cessit
378 1668 452 1751 jure
483 1687 555 1734 suo.
601 1668 785 1733 Verebatur
809 1667 893 1734 enim
912 1665 1001 1733 haud
1022 1667 1182 1734 immerito
1204 1669 1256 1736 vir
1279 1671 1434 1740 innocens

264 1798 304 1844 ne
337 1780 484 1845 homines
517 1777 646 1862 profani
675 1794 708 1845 et
728 1799 823 1846 verae
845 1779 1012 1864 religionis
1037 1780 1160 1846 inimici
1182 1794 1302 1847 temere
1325 1783 1432 1865 ipsum

263 1891 556 1969 calumniarentur,
589 1890 683 1973 quasi
715 1892 785 1956 sola
804 1891 940 1974 praedae
961 1890 1116 1958 aviditate
1135 1892 1223 1957 bello
1246 1911 1312 1958 non
1331 1894 1373 1958 ad
1399 1911 1433 1959 se

263 2001 393 2084 proprie
414 2001 590 2084 pertinenti
610 2021 644 2068 se
665 2001 904 2068 immiscuisset.
948 2002 1059 2069 Habet
1076 2002 1177 2086 igitur
1196 2001 1259 2068 hoc
1278 2004 1433 2070 rationem

262 2113 457 2196 specialem,
494 2126 525 2178 et
548 2134 565 2178 a
591 2113 727 2179 Periclis
747 2128 780 2180 et
801 2113 893 2178 Fabii
914 2111 1002 2179 facto
1024 2114 1111 2179 haud
1132 2114 1228 2198 longe
1251 2114 1433 2196 discrepat,

264 2222 323 2306 qui
344 2223 393 2315 rei
421 2225 565 2307 privatae
597 2227 757 2310 jacturam
780 2223 951 2306 fecerunt,
975 2244 1016 2288 ne
1039 2224 1184 2305 iniquam
1214 2223 1432 2306 suspicionem

264 2333 298 2398 in
322 2354 356 2400 se
380 2334 553 2401 irritarent.
609 2335 728 2417 Neque
748 2337 887 2400 multum
907 2334 1064 2400 diversam
1087 2333 1243 2400 rationem
1268 2331 1435 2401 Fabricius

264 2445 352 2526 apud
386 2447 582 2530 Dionysium
605 2449 618 2486 ³
650 2447 779 2529 reddit,
812 2445 904 2528 quod
925 2463 1001 2510 cum
1023 2459 1136 2528 posset
1156 2465 1195 2509 ex
1214 2445 1332 2528 praeda
1351 2443 1435 2510 nibil

264 2573 362 2620 suum
392 2555 527 2640 fecerit,
559 2563 609 2628 aa}
640 2564 689 2628 aba
722 2560 756 2626 ἐκ
783 2561 891 2626 aulon
918 2563 1044 2626 πλοῦτον
1074 2560 1205 2640 ὑπεριδὼν
1224 2555 1308 2624 beroa
1327 2559 1433 2637 δόξης,

263 2669 365 2730 etiam
387 2668 482 2751 juste
506 2681 630 2753 partas
666 2668 805 2735 divitias
830 2679 917 2751 prae
946 2666 1062 2753 gloria
1088 2678 1309 2747 contemnens,
1334 2665 1434 2747 idque

263 2797 298 2840 se
320 2775 437 2842 fecisse
468 2778 547 2844 dicit
568 2777 689 2845 Valerii
721 2776 909 2843 Publicolae
928 2777 1130 2858 aliorumque
1150 2776 1309 2857 exemplo.
1333 2775 1434 2840 Marci

263 2887 359 2953 etiam
381 2888 519 2956 Catonis
539 2889 661 2955 factum
682 2888 771 2955 haud
792 2887 949 2953 dissimile
970 2901 1046 2970 post
1067 2885 1276 2968 Hispanicam
1299 2885 1434 2951 victori·

264 3018 314 3063 arn
338 2999 373 3081 *3
397 2999 455 3082 qui
477 3019 577 3084 paene
597 3000 711 3066 iisdem
732 2998 867 3080 verbis,
892 2999 1015 3081 quibus
1035 3012 1066 3065 et
1083 2997 1315 3080 Abrahamus,
1338 3017 1435 3082 nega-

264 3111 319 3175 bat
350 3110 533 3193 quidquam
564 3112 604 3177 ad
635 3132 669 3178 se
685 3110 974 3194 ¹perventurume
1005 3111 1092 3176 bello
1119 3108 1221 3192 captis
1246 3124 1369 3192 practer
1397 3131 1434 3177 ea

265 3239 349 3303 quae
384 3222 417 3287 in
446 3222 520 3288 cibo
551 3244 587 3290 ac
605 3237 688 3306 potu
708 3223 951 3288 consumsisset.
994 3221 1213 3301 Addebatque
1233 3237 1300 3285 non
1322 3219 1396 3284 ideo
1418 3239 1435 3283 a

264 3351 299 3397 se
323 3333 446 3416 culpari
469 3329 555 3402 alios*
570 3335 801 3418 imperatores,
826 3334 885 3418 qui
905 3351 1074 3400 concessas
1108 3353 1148 3398 ex
1170 3327 1289 3413 praeda
1311 3330 1434 3396 utilita-

263 3456 314 3508 tes
334 3461 521 3528 sumerent,
545 3447 603 3512 sed
622 3448 717 3512 malle
740 3463 773 3511 se
796 3446 836 3511 de
856 3443 981 3510 virtute
1005 3463 1079 3509 cunt
1102 3443 1255 3528 optimis,
1279 3461 1376 3523 quarn
1396 3443 1435 3507 de

264 3554 386 3637 opibus
420 3577 493 3622 curn
524 3558 692 3625 ditissimis
727 3557 932 3622 contendere.
979 3556 1095 3622 Potuit
1120 3572 1153 3622 et
1171 3557 1236 3621 hoc
1256 3553 1433 3619 Abrahami

266 3666 409 3733 animum
442 3668 605 3752 movisse,
639 3668 729 3752 quod
757 3670 930 3752 pleraeque
962 3687 1013 3733 res
1035 3689 1118 3751 quae
1142 3685 1241 3750 penes
1264 3686 1355 3750 reges
1380 3666 1434 3730 de-

265 3777 372 3844 victos
404 3778 554 3846 inventae
587 3795 702 3861 erant,
735 3798 801 3845 non
836 3779 966 3844 illorum
1000 3776 1129 3844 fuerant
1152 3777 1354 3859 antiquitus,
1378 3777 1435 3842 sed

266 3889 427 3954 Sodomae
461 3890 617 3972 civibus,
651 3891 751 3955 sociis
782 3905 851 3956 tum
877 3889 1080 3970 Abrahami,
1115 3909 1225 3954 recens
1250 3903 1376 3971 ereptae
1400 3897 1435 3968 ⁶,

267 4021 349 4082 quas
375 4000 498 4067 idcirco
534 4002 575 4066 ad
595 4002 722 4084 priores
745 3999 897 4066 dominos
919 4013 975 4065 aut
998 4019 1109 4064 eorum
1135 3997 1319 4083 Principem
1342 4002 1436 4065 velut

265 4112 466 4193 postliminio
498 4112 601 4179 redire
632 4111 782 4178 nonnihil
812 4111 951 4177 habebat
974 4109 1128 4176 rationis:
1157 4124 1196 4175 ut
1216 4126 1248 4176 et
1267 4111 1350 4195 juris
1369 4111 1435 4178 Ro-

263 4275 460 4290 ——na—

300 4343 308 4376 ¹
326 4345 357 4393 V.
373 4347 461 4394 Ambr.
486 4349 517 4396 de
541 4347 690 4408 patriarchis
713 4350 730 4395 l.
747 4361 770 4406 3.
785 4362 808 4396 c.
828 4361 851 4395 2.
868 4359 893 4395 et
917 4347 976 4395 Nic.
993 4345 1110 4395 Liranum
1127 4349 1160 4396 ad
1174 4349 1260 4395 locum
1274 4348 1337 4395 Gen.
1357 4347 1435 4395 Willr.

267 4435 347 4482 Math.
365 4438 397 4484 de
414 4436 484 4485 bello
501 4436 578 4495 justo.
596 4453 649 4499 req.
668 4453 690 4486 2.
705 4454 731 4499 p.
746 4451 769 4494 5.
807 4437 899 4487 lGen.
927 4452 964 4499 14
991 4451 1031 4495 23.
1065 4437 1076 4470 ³
1101 4439 1128 4486 in
1150 4437 1237 4499 fragm.
1265 4439 1302 4501 [p.
1326 4453 1382 4500 747.
1397 4453 1435 4489 vs.

266 4524 321 4585 qs]
356 4523 449 4575 ⁴·Plut.
467 4529 522 4575 Cat.
542 4529 579 4590 [p.
600 4543 655 4589 342.
674 4531 707 4590 a]
744 4529 754 4562 ⁵
773 4532 835 4578 Gen.
853 4530 915 4578 ibid.
937 4543 974 4577 11.
993 4540 1017 4577 et
1038 4530 1075 4578 16.
