3552 5654
498 674 544 722 DE
566 673 661 740 JURE
686 672 872 720 PRABDAE·
897 673 980 721 CAP·
1004 672 1087 720 vm.
1342 674 1399 722 101

232 832 366 916 petit-am
394 833 494 898 semel
522 829 685 917 justitiam
717 848 777 894 nec
812 828 1036 912 impetratam,
1069 843 1106 894 ut
1137 828 1178 895 ad
1203 829 1260 913 Jus
1279 827 1405 894 scilicet

232 945 379 1010 naturale
407 942 581 1024 redeatur,
612 959 680 1023 quo
707 939 742 1006 vi
776 959 872 1006 suum
896 939 1055 1022 consequi
1079 938 1232 1006 illicitum
1255 957 1322 1006 non
1345 954 1404 1006 est.

232 1054 355 1137 Neque
381 1068 489 1120 tamen
521 1050 757 1119 inconveniens
787 1049 871 1131 erit,
903 1050 998 1116 etiam
1027 1069 1101 1116 cum
1123 1049 1328 1117 denuntiatio
1349 1069 1405 1115 ue·

233 1163 372 1231 cessaria
401 1177 558 1244 nonest,
588 1161 914 1230 seutentiamtamen
932 1159 1077 1244 proferre
1100 1161 1341 1242 universalem,
1365 1161 1406 1228 ad

235 1275 345 1342 debita
365 1274 493 1340 scilicet
512 1273 765 1356 consequenda,
789 1272 978 1356 praesertim
999 1270 1174 1355 poenaria,
1198 1287 1237 1337 ut
1258 1291 1309 1338 res
1328 1273 1406 1339 hos·

234 1386 320 1452 tium
351 1385 445 1468 quasi
476 1384 512 1452 in
536 1385 720 1469 judicatum
755 1383 935 1466 capiantur.
981 1383 1255 1454 Caeterumcum
1277 1403 1295 1448 a
1316 1383 1407 1467 prin·

236 1496 334 1581 cipali
362 1495 439 1562 belli
468 1510 602 1562 auctore
629 1493 715 1562 lacta
743 1509 792 1562 est
821 1493 1048 1576 denuntiatio,
1078 1496 1119 1560 ab
1146 1493 1218 1578 ejus
1240 1493 1331 1560 socio
1351 1493 1407 1560 de·

236 1607 378 1674 nuntiari
404 1607 487 1674 nihil
519 1620 673 1692 oportet,
704 1605 763 1689 qui
790 1605 856 1690 Juri
889 1605 995 1672 alieno
1025 1618 1152 1670 tantum
1187 1605 1317 1672 adsistit
1336 1625 1407 1671 nec

236 1718 416 1802 quidquam
441 1718 512 1802 ipse
541 1737 690 1784 scorsum
723 1718 880 1800 postulat.
928 1715 1086 1788 Similiter
1108 1734 1183 1783 cum
1208 1717 1408 1800 reipublicae

236 1828 334 1896 alicui
364 1843 422 1895 aut
450 1827 654 1914 magistratui
677 1828 771 1912 'justa
800 1826 903 1894 forma
924 1827 1050 1894 illatum
1074 1840 1124 1894 est
1143 1828 1285 1910 bellum,
1309 1825 1409 1894 sociis

237 1941 308 2027 ejus
339 1955 371 2006 et
400 1939 542 2008 subditis
573 1938 673 2004 indici
701 1938 784 2004 nihil
815 1958 946 2006 necesse
977 1953 1044 2006 est:
1069 1939 1162 2021 quod
1184 1939 1287 2005 nostri
1310 1939 1409 2005 inter·

236 2065 343 2134 pretes
356 2061 365 2095 ¹
378 2071 440 2118 suo
461 2070 550 2117 more
568 2050 616 2118 sic
636 2049 795 2116 efferunt:
815 2049 962 2142 diffidato
983 2050 1144 2136 Principe
1163 2049 1326 2136 diffidatos
1345 2071 1410 2117 esse

237 2183 342 2227 omnes
371 2163 442 2248 ejus
471 2161 641 2244 subditos,
664 2159 834 2248 complices
865 2174 897 2225 et
925 2160 1162 2228 auxiliatores.
1208 2161 1255 2226 Et
1276 2163 1340 2227 hoc
1361 2177 1410 2228 est

237 2293 306 2356 quo
328 2293 364 2339 se
395 2271 480 2340 inter
509 2272 571 2338 alia
597 2270 663 2338 Cn.
711 2270 859 2338 Manlius
886 2291 905 2336 a
936 2271 1051 2355 legatis
1078 2270 1149 2337 suis
1178 2286 1351 2337 accusatus
1366 2272 1410 2338 ob

237 2383 360 2450 bellum
395 2381 680 2468 Gallograecicum
710 2381 868 2449 defendit.
922 2381 1032 2447 Verba
1063 2394 1171 2446 autem
1202 2381 1259 2447 illa
1291 2381 1410 2449 Isidori

237 2495 332 2576 plane
363 2493 447 2559 idem
482 2492 670 2583 significant
699 2494 782 2558 acsi
814 2493 922 2559 dicas:
964 2492 1093 2558 Bellum
1121 2492 1294 2579 publicum
1316 2495 1411 2579 juste
1423 2509 1499 2578 confr.
1514 2509 1570 2558 νη.

237 2607 422 2690 suscipitur
452 2617 617 2690 quatenus
636 2602 806 2689 judicium
834 2601 967 2686 deficit,
991 2617 1053 2668 aut
1078 2604 1174 2668 rebus
1198 2599 1349 2690 repetitis
1378 2619 1410 2670 et
1421 2574 1494 2612 Μ’
1508 2565 1545 2612 H'

238 2734 279 2780 ex
306 2712 436 2779 decreto
469 2714 673 2799 reipublicae
703 2717 921 2799 suscipientis.
965 2712 1154 2779 Videndum
1183 2716 1249 2799 jam
1271 2715 1353 2797 quid
1375 2716 1410 2783 in

238 2824 290 2892 his
323 2824 383 2907 qui
411 2825 598 2891 voluntarie
631 2838 733 2909 agunt
765 2824 799 2890 in
834 2825 922 2890 bello
956 2824 1097 2908 gerendo
1133 2819 1338 2892 'desideretur
1378 2841 1411 2892 et

239 2949 399 3018 quantum
427 2933 494 3002 illis
519 2935 742 3018 permittatur:
765 2935 846 3002 haec
866 2955 943 3002 sane
964 2934 1114 3017 quaestio
1138 2937 1201 3002 late
1220 2951 1329 3020 patet,
1354 2938 1412 3004 sed

239 3046 279 3112 ad
306 3066 433 3113 summa
461 3047 619 3129 quaedam
649 3065 764 3130 genera
794 3067 813 3111 a
844 3045 940 3112 nobis
971 3045 1148 3132 redigetur.
1205 3048 1339 3129 Forma,
1374 3065 1413 3116 ut

239 3156 382 3224 diximus
401 3153 435 3240 ²,
457 3159 546 3242 justa
566 3172 615 3225 est
634 3157 667 3222 in
687 3157 913 3224 convenientia
931 3159 1054 3242 legum.
1100 3157 1195 3225 Sicut
1213 3173 1321 3226 autem
1341 3179 1412 3228 sus·

238 3268 390 3352 cipiendo
420 3270 508 3334 bello
542 3288 687 3354 pugnare
717 3269 915 3337 videbantur
952 3269 1039 3352 leges
1072 3268 1112 3334 de
1141 3269 1298 3353 judiciis,
1330 3291 1413 3354 quas

238 3378 356 3464 partim
377 3400 436 3464 per
458 3381 546 3466 leges
566 3379 732 3466 digniores
754 3379 973 3461 sustulimus,
999 3379 1116 3462 partim
1140 3381 1412 3464 conciliavimus,

237 3490 284 3556 ita
302 3491 444 3576 gerendo
461 3491 590 3558 obstare
608 3491 763 3559 videntur
780 3491 922 3576 primum
939 3491 992 3557 lex
1013 3490 1108 3560 tertia
1125 3505 1157 3560 et
1173 3507 1298 3580 quarta.
1325 3494 1412 3560 Nam

237 3600 265 3667 si
288 3621 402 3668 verum
426 3617 476 3668 est
494 3602 578 3670 illud
599 3605 629 3668 ³:

400 3711 482 3778 Tum
502 3713 765 3797 certare-odiis,
789 3728 860 3779 tum
883 3737 936 3781 res
957 3719 1109 3803 rapuisse
1126 3718 1238 3784 licebit
1249 3741 1262 3783 .·

239 3823 290 3906 si,
320 3823 475 3906 inquam,
508 3844 548 3889 ex
579 3825 666 3892 bello
690 3840 722 3891 et
748 3826 863 3893 caedes
889 3842 1076 3909 sequuntur
1099 3843 1131 3892 et
1155 3828 1307 3912 rapinae,
1332 3828 1414 3912 quid

240 3934 305 4000 illis
321 3935 449 4019 legibus
469 3932 647 4017 faciemus,
669 3955 752 4018 quae
771 3949 884 4001 vetant
903 3956 964 4002 nos
982 3937 1131 4003 homiues
1152 3941 1271 4004 alteros
1288 3938 1414 4004 laedere

240 4060 274 4110 et
291 4046 430 4112 alienum
452 4045 636 4130 attingere?
683 4047 850 4112 Praeterea
869 4066 1049 4132 repugnare
1070 4048 1201 4114 videtur
1220 4051 1414 4132 plerumque

240 4158 352 4241 regula
383 4157 496 4236 tertia,
521 4177 595 4224 cum
624 4171 738 4224 exorto
764 4158 850 4224 bello
871 4161 965 4225 velut
985 4153 1114 4225 sublata
1136 4159 1310 4226 videantur
1329 4161 1413 4245 juris

240 4267 374 4333 humani
394 4269 597 4336 commercia.
654 4291 656 4295 ·

247 4407 443 4424 m-

275 4474 285 4508 ¹
302 4475 373 4526 Bald.
389 4480 421 4527 ad
439 4481 462 4528 d.
481 4482 500 4529 l.
519 4495 543 4529 a.
562 4481 591 4531 C.
610 4483 726 4532 deserv.
745 4479 789 4545 [C.
803 4493 827 4541 3.
843 4481 896 4545 34]
916 4495 943 4531 n.
961 4493 1003 4541 70.
1028 4478 1083 4530 'in
1100 4479 1182 4543 princ.
1201 4479 1300 4542 capitit.
1318 4479 1329 4515 ⁸
1344 4481 1414 4545 Vita.

240 4569 305 4616 Aen.
323 4569 340 4615 l.
360 4581 398 4616 10.
417 4569 468 4632 [vs.
488 4570 538 4636 ιφ]
