3536 5692
376 646 438 707 274
664 647 710 692 DE
736 647 827 712 June
855 647 1042 694 PRAEDAE.
1068 647 1137 692 CAP
1171 648 1254 692 Xlll·

375 799 512 864 maxime
544 800 692 866 doctrina
723 816 868 883 potestas
899 799 1045 883 Principi
1077 800 1150 865 data
1174 800 1321 866 revocari
1344 815 1455 883 potest
1477 815 1546 866 tum

375 910 570 993 praecipue,
603 932 676 978 cum
710 913 766 978 ille
798 911 1001 995 principatus
1033 909 1084 976 sui
1118 910 1275 977 terminos
1306 911 1455 977 excedit:
1480 913 1546 996 jam

375 1022 460 1086 enim
493 1022 565 1105 ipso
599 1023 696 1088 facto*
718 1023 873 1106 Princeps
902 1042 968 1087 non
991 1021 1123 1087 videtur
1144 1031 1169 1086 ¹.
1215 1022 1302 1086 Nam
1327 1023 1386 1103 qui
1409 1022 1546 1104 imperio

375 1133 523 1198 abutitur
546 1153 584 1199 eo
609 1152 643 1198 se
667 1134 837 1218 indignum
870 1133 996 1213 reddit,
1010 1147 1043 1198 et
1065 1132 1222 1214 Princeps
1246 1152 1315 1198 esse
1339 1133 1461 1198 desinit
1483 1134 1547 1197 hoc

376 1245 448 1328 ipso
465 1244 556 1325 quod
578 1264 612 1309 se
632 1259 804 1329 tyrannum
826 1243 941 1310 facit².
988 1244 1090 1331 Quod
1110 1245 1219 1309 locum
1239 1243 1429 1308 habiturum
1449 1243 1547 1310 etiam

375 1355 463 1437 apud
496 1375 574 1434 eos,
610 1355 667 1437 qui
700 1356 933 1440 rempublicam
962 1353 1107 1437 Principi
1131 1354 1338 1438 subjiciunt,
1362 1356 1545 1436 exemplum

375 1465 490 1532 vasalli
514 1465 632 1546 docet,
657 1487 756 1548 quem
780 1467 904 1532 domini
916 1465 1093 1532 saevientis
1105 1466 1268 1547 obsequio
1278 1467 1351 1550 jura
1363 1464 1510 1530 eximunt
1523 1469 1545 1530 ³.

231 1584 271 1628 Ex
291 1575 456 1642 conc1·Non
479 1591 587 1658 potest
606 1592 796 1654 autemnon
821 1578 940 1662 injuria
962 1577 1084 1660 repeti,
1109 1577 1275 1660 quidquid
1295 1576 1369 1661 jure
1393 1576 1545 1643 amissum
1643 1616 1653 1632 ι
1749 1570 1750 1577 '

1744 1672 1749 1697 .

216 1639 257 1683 VI.
264 1637 334 1684 a'rte'c.
342 1639 362 1684 Ι.

215 1692 364 1791 gemm
376 1702 435 1752 est.
481 1689 592 1774 Quare
624 1708 697 1754 cum
730 1689 905 1772 Philippus
937 1689 1132 1772 imperium,
1157 1709 1225 1771 quo
1248 1687 1434 1768 exciderat,
1459 1687 1546 1752 bello

215 1799 363 1912 ‘E'ff‘ffl
376 1814 561 1881 reposceret
591 1813 689 1880 atque
721 1799 817 1865 etiam
851 1815 937 1864 recte
960 1799 1036 1865 facti
1060 1819 1181 1882 poenas
1205 1814 1393 1883 expeteret,
1419 1798 1485 1864 fuit
1507 1819 1547 1862 ex

216 1915 240 1950 ‘⁸
253 1905 288 1951 Π·
377 1911 617 1976 Hollandorum
641 1925 731 1992 parte
752 1911 933 1994 justissima
957 1911 1035 1977 belli
1057 1931 1176 1991 causa,
1211 1911 1299 1978 vitae
1322 1931 1359 1976 ac
1383 1931 1490 1976 rerum
1514 1925 1547 1974 et

374 2021 538 2105 legitimae
569 2020 730 2086 libertatis
764 2021 911 2089 defensio
931 2020 953 2087 ⁴.
997 2022 1058 2106 Jus
1082 2023 1198 2088 deinde
1221 2023 1311 2088 aliud
1333 2037 1432 2104 atque
1456 2005 1547 2087 aliud

218 2153 259 2198 ex
270 2155 320 2213 age
329 2153 361 2199 n.
375 2131 408 2196 in
421 2132 493 2215 ipso
505 2134 593 2199 bello
602 2133 777 2199 subnatum
800 2148 859 2200 est.
884 2134 1026 2199 Primum
1051 2136 1094 2200 ob
1118 2135 1273 2199 immensa
1294 2135 1450 2214 damna⁵,
1463 2155 1546 2215 quae

376 2243 515 2326 Hispani
539 2243 700 2309 immerito
714 2245 888 2310 Hollandis
900 2245 1103 2324 intulerunt,
1129 2265 1205 2327 agro
1218 2246 1383 2326 quondam
1395 2261 1545 2326 vastato,

375 2355 512 2420 urbibus
545 2355 686 2435 dirutis,
719 2355 878 2438 direptis,
912 2371 981 2421 acta
1013 2356 1129 2438 praeda
1160 2357 1225 2440 jam
1258 2371 1309 2421 tot
1340 2377 1397 2439 per
1430 2377 1546 2423 annos.

216 2485 286 2530 axa
303 2487 361 2531 eVl.
376 2465 562 2536 Secundum
575 2467 618 2531 ob
636 2467 796 2549 impensas
808 2467 909 2547 belli,
934 2488 1016 2549 quas
1038 2482 1143 2552 tantas
1164 2467 1267 2534 fuisse
1290 2482 1322 2533 et
1342 2488 1412 2533 esse
1435 2467 1546 2550 quoti-

230 2538 259 2583 In
295 2542 361 2585 istor.

215 2605 286 2691 2135?
300 2605 326 2694 ἲ.
341 2594 361 2639 r.
376 2576 448 2655 die,
463 2591 500 2641 ut
522 2577 579 2642 vix
602 2578 687 2642 ullae
704 2578 805 2642 ullius
817 2577 972 2660 temporis
984 2577 1124 2644 conferri
1137 2562 1283 2660 possint,
1297 2599 1374 2644 vere
1386 2577 1545 2644 diximus:

375 2687 476 2768 idque
498 2702 568 2753 turn
592 2709 631 2754 ex
654 2689 732 2754 belli
756 2689 996 2770 diuturnitate,
1013 2705 1083 2754 tum
1108 2711 1147 2754 ex
1170 2690 1337 2773 opulentia
1350 2689 1477 2770 hostis,
1491 2690 1544 2756 cui

219 2822 319 2882 reug.
335 2799 592 2868 aresistendum
615 2798 701 2881 fuit,
726 2800 864 2884 intelligi
888 2816 1007 2884 potest.
1054 2800 1207 2866 Tertium
1231 2803 1274 2866 ob
1299 2801 1436 2868 delicta:
1460 2823 1544 2884 quae

278 2977 282 2984 ,
375 2929 449 2974 cum
462 2910 638 2992 dic0,n0n
662 2927 786 2977 tantum
811 2913 926 2978 caedes
950 2913 1173 2978 innocentium
1188 2927 1220 2976 et
1231 2913 1361 2995 rapinas
1374 2927 1407 2978 et
1418 2929 1545 2979 omnem
1564 2916 1566 2919 ’

376 3022 463 3113 illam
495 3022 684 3088 violentiam
718 3022 856 3108 intelligi
886 3025 986 3105 v010,
1016 3045 1099 3106 quae
1119 3038 1290 3107 propterea
1314 3040 1447 3107 peccata
1470 3039 1547 3090 sunt

376 3133 409 3196 in
433 3134 543 3213 bell0,
568 3134 645 3215 quia
668 3136 791 3199 bellum
815 3135 975 3218 injustum
1000 3151 1071 3218 est,
1096 3156 1211 3202 verum
1235 3136 1298 3200 alia
1320 3137 1439 3216 etiam,
1464 3155 1547 3217 quae

373 3265 434 3310 nec
466 3247 588 3311 belluna
619 3245 744 3328 justum
777 3246 901 3330 gerenti
933 3247 1126 3328 licuissent,
1160 3247 1346 3332 cujusmodi
1379 3247 1546 3313 innumera

376 3355 600 3435 crudelitatis,
632 3355 810 3438 perfidiae,
843 3356 990 3423 libidinis
1022 3360 1192 3441 exempla,
1224 3373 1352 3424 tantum
1385 3360 1475 3424 abest
1508 3373 1546 3424 ut

375 3485 436 3533 nos
459 3487 626 3532 numerare
649 3466 836 3549 possimus,
860 3469 992 3532 annales
1015 3469 1097 3535 nulli
1122 3469 1200 3536 satis
1230 3469 1328 3554 digne
1353 3470 1545 3553 exprimant.

410 3753 512 3812 ¹Vasq.
530 3767 552 3801 c.
573 3756 597 3800 8.
616 3767 641 3802 n.
663 3767 700 3815 19.
742 3749 848 3812 ²Vasq.
867 3755 891 3801 d.
910 3767 932 3802 c.
954 3768 975 3801 1.
995 3767 1018 3800 n.
1036 3757 1060 3802 8.
1079 3767 1146 3802 casu.
1167 3769 1188 3802 1.
1207 3768 1229 3802 c.
1247 3758 1270 3802 8.
1288 3768 1313 3802 n.
1334 3768 1372 3802 11.
1387 3765 1412 3802 et
1427 3768 1450 3802 c.
1469 3757 1506 3802 18.
1520 3767 1546 3800 n.

378 3859 416 3892 10.
433 3846 538 3893 Covarr.
557 3857 637 3904 praet.
655 3855 750 3904 quaest.
766 3859 789 3910 c.
808 3859 829 3893 1.
846 3848 930 3893 conci.
948 3846 972 3892 ό.
988 3845 1057 3893 circa
1076 3844 1159 3893 finem.
1179 3859 1229 3905 arg.
1248 3859 1271 3893 c.
1290 3858 1342 3893 non
1361 3859 1457 3893 omncs.
1471 3858 1546 3892 causa

378 3949 415 3985 11.
434 3951 458 3996 q.
475 3949 499 3993 7.
525 3937 613 3997 [Dect.
637 3939 705 3984 Grat.
722 3950 747 3995 p.
766 3949 786 3983 1.
813 3949 850 3983 11.
875 3947 898 3992 7.
923 3936 975 3997 29.]
1012 3935 1023 3967 ³
1045 3936 1166 3984 bald-in
1188 3949 1208 3983 1.
1228 3937 1308 3984 Rubr.
1328 3936 1354 3983 ff.
1373 3949 1397 3984 et
1415 3937 1446 3984 de
1464 3935 1545 3982 milite

375 4030 462 4076 vasall.
479 4028 522 4087 qui
547 4039 616 4075 cont.
640 4040 686 4075 est.
711 4027 737 4074 in
763 4026 822 4075 fine.
848 4027 887 4087 [F.
907 4041 929 4073 a.
949 4026 1001 4086 aa]
1022 4029 1082 4074 lnst.
1101 4029 1131 4074 de
1150 4026 1189 4074 his
1207 4027 1251 4086 qui
1269 4026 1308 4074 sui
1328 4029 1369 4074 vel
1388 4027 1465 4074 alieni
1482 4025 1546 4082 juris

375 4129 447 4178 sunt,
462 4119 508 4167 sub
535 4117 619 4165 linem.
645 4118 678 4179 [Ι.
705 4131 725 4164 1.
751 4117 786 4178 8.]
805 4118 835 4164 V.
861 4132 884 4164 c.
912 4131 933 4164 1.
959 4121 980 4175 ξ.
1006 4118 1119 4166 domino.
1144 4117 1165 4164 si
1191 4119 1221 4166 de
1240 4118 1309 4166 feud.
1328 4129 1411 4167 contr.
1429 4117 1461 4166 sit
1481 4117 1547 4164 inter

375 4211 442 4262 dom.
461 4221 485 4256 et
504 4222 558 4268 agn.
578 4209 618 4269 [F.
637 4222 660 4256 a.
679 4208 732 4269 28]
752 4211 814 4256 Item
834 4222 856 4256 c.
875 4221 906 4256 ex
925 4209 1004 4258 facto.
1024 4211 1092 4268 qual.
1111 4211 1179 4257 dom.
1198 4222 1273 4267 prop.
1291 4208 1361 4256 feud.
1379 4209 1446 4268 priv.
1467 4207 1505 4270 [F.
1522 4221 1545 4254 2.

373 4298 428 4359 47.]
448 4311 472 4347 et
491 4298 527 4346 ibi
545 4301 616 4348 Bald.
635 4312 660 4346 n.
680 4302 702 4347 8.
737 4298 748 4330 ⁴
766 4300 796 4346 V.
815 4311 878 4347 text.
898 4299 959 4347 inl.
979 4313 1001 4346 2.
1020 4300 1045 4346 ff.
1065 4301 1095 4348 de
1115 4299 1179 4358 orig.
1197 4297 1269 4355 juris.
1288 4303 1309 4356 §-
1327 4299 1424 4350 exactis
1438 4299 1547 4358 regibus.

376 4391 421 4452 [D.
449 4403 469 4438 1.
495 4403 518 4438 2.
546 4404 568 4436 a.
588 4393 610 4446 5.
631 4390 666 4450 3.]
686 4391 717 4438 Et
735 4391 800 4438 Bart.
820 4392 850 4438 de
869 4403 965 4450 tyrann.
984 4403 1051 4447 ma.
1070 4390 1096 4437 in
1116 4389 1173 4438 line.
1218 4389 1228 4419 ⁵
1253 4392 1282 4437 V.
1300 4403 1323 4437 c.
1342 4402 1365 4447 7.
1383 4391 1415 4438 ad
1432 4389 1502 4436 artic.
1525 4401 1546 4436 1.

375 4493 400 4529 et
420 4495 442 4529 c.
460 4495 485 4541 4.
503 4493 561 4541 post
580 4480 662 4540 princ.
