3546 5654
554 629 601 676 mr
624 629 718 696 June
744 629 927 676 nrrnrnnrr.
952 629 1032 676 cna.
1057 629 1106 677 xr.
1351 614 1411 692 183

243 787 385 851 colorem
418 783 645 850 adinvenerat:
676 781 893 848 constitutum
922 801 992 849 esse
1021 783 1176 864 Batavis,
1206 781 1235 847 si
1256 781 1412 848 mercium

182 875 188 930 2
241 895 345 979 pretia
366 893 502 960 nimium
535 893 801 976 intenderentur,
822 892 932 977 Joram
955 895 998 960 ad
1019 907 1194 960 mercatum
1216 892 1275 959 ire.
1318 893 1415 978 Jorae

243 1021 350 1072 autem
382 1005 450 1090 regi
482 1025 555 1071 cum
583 1003 825 1070 Achinensibus
854 1025 892 1071 eo
925 1020 1069 1104 tempore
1101 1005 1221 1070 bellum
1253 1018 1322 1069 erat
1343 1023 1415 1069 acre

243 1131 275 1182 et
303 1115 474 1182 infestum:
506 1115 658 1198 occupari
687 1115 788 1201 igitur
817 1135 915 1181 naves
942 1116 1121 1197 suadebat,
1152 1115 1344 1198 priusquam
1364 1134 1414 1181 res

244 1209 390 1293 hostium
422 1226 507 1292 irent
537 1227 697 1312 adjutum.
739 1225 811 1311 Jam
833 1241 866 1292 et
884 1226 1041 1295 aviditate
1062 1241 1094 1292 et
1112 1225 1190 1292 odio
1208 1223 1416 1292 ferventibus

243 1337 358 1404 animis
382 1337 608 1432 'componitur
645 1336 754 1404 dolus.
819 1337 979 1404 Traditur
1017 1337 1138 1421 piperis
1178 1335 1414 1418 aliquantulum

243 1468 317 1515 curn
336 1467 393 1531 spe
411 1447 445 1512 in
467 1447 536 1513 dies
554 1447 685 1534 majoris
706 1447 837 1530 copiae:
862 1468 959 1530 quam
986 1448 1131 1515 dicentes
1151 1446 1258 1532 longis
1276 1447 1416 1514 navibus

244 1560 417 1626 adventare
451 1559 616 1626 Sabander
645 1573 678 1625 et
711 1559 820 1626 Corco
851 1574 885 1625 et
920 1579 1035 1644 magna
1069 1559 1122 1626 vis
1158 1558 1415 1640 Achinensium,

246 1671 339 1751 quasi
358 1669 609 1752 permutationis
629 1668 846 1736 instituendae
857 1670 982 1755 gratia,
1001 1668 1416 1759 navesBatavicasinscen·

246 1781 350 1862 dunt,
373 1780 486 1847 armati
516 1800 650 1861 omnes,
682 1795 721 1846 ut
739 1800 811 1847 mos
832 1783 931 1848 habet
953 1781 1070 1867 gentis.
1116 1784 1304 1847 Attulerant
1325 1781 1418 1847 cibos

245 1907 409 1975 potusque
437 1893 611 1974 pharmaco
643 1891 784 1959 infectos
807 1907 947 1959 mentem
968 1893 1151 1974 alienante,
1179 1891 1336 1958 dutroam
1358 1913 1418 1958 vo·

224 2005 336 2068 'cantr
372 2022 439 2083 quo
472 2022 550 2068 cum·
577 2021 612 2068 se
632 2018 750 2070 nautae
780 2003 909 2070 avidius
933 2003 1208 2089 ingurgitassent‚
1240 2018 1419 2087 coeperunt

245 2113 356 2181 subito
376 2133 434 2196 per
444 2113 535 2180 foros
548 2128 579 2178 et
589 2115 733 2180 tabulata
745 2113 943 2194 discursare,
965 2116 1084 2200 jactare
1097 2115 1201 2197 capita
1216 2129 1254 2181 ut
1264 2115 1417 2182 vecordes
1464 2173 1468 2180 .

246 2239 345 2306 atque
371 2225 531 2307 limphati.
577 2226 616 2291 ld
645 2224 753 2294 visum
782 2239 831 2291 est
857 2239 986 2307 tempus
1012 2226 1137 2290 dudum
1157 2225 1309 2290 meditata
1327 2244 1419 2290 exse-

247 2334 381 2417 quendi.
426 2335 603 2400 Dementes
631 2354 668 2400 ac
686 2353 837 2419 segreges
854 2354 1011 2417 pecorum
1030 2335 1096 2405 ritu
1115 2336 1337 2402 trucidantur:
1360 2356 1418 2401 nec

246 2465 376 2530 pugna,
405 2445 463 2510 sed
480 2445 607 2510 laniena
627 2459 704 2510 erat.
749 2443 923 2529 Vertigine
945 2445 1042 2512 simul
1062 2461 1095 2511 et
1112 2445 1306 2512 vulneribus
1327 2445 1418 2528 fusi,

247 2554 462 2637 trepidantem
497 2555 581 2620 inter
612 2557 712 2622 verba
743 2554 894 2638 spiritum
927 2557 1086 2624 efflabant.
1132 2556 1177 2622 Et
1206 2558 1271 2642 jam
1305 2573 1421 2624 cuncta

247 2666 463 2746 tenebantur,
498 2685 572 2732 nam
602 2680 635 2730 et
652 2666 807 2732 Indorum
826 2685 945 2749 pravae
964 2667 1086 2734 circum
1106 2669 1253 2750 undique
1272 2668 1420 2747 aderant,

247 2776 423 2849 instructae
458 2777 554 2843 armis
588 2797 684 2858 opera
717 2777 974 2859 Lusitanorum,
1008 2778 1072 2844 nisi
1101 2778 1197 2860 pauci
1220 2780 1419 2860 admodum,

246 2888 392 2954 nondum
416 2887 497 2953 victi
520 2886 677 2955 feralibus
700 2887 828 2972 epulis,
852 2907 887 2954 se
910 2902 942 2955 et
957 2906 1056 2955 naves
1068 2889 1153 2954 tueri
1165 2889 1419 2968 sustinuissent,
1448 2929 1450 2934 -

248 3014 280 3064 et
299 2999 390 3083 jactu
423 2998 589 3084 glandium
621 3001 749 3066 hostem
780 2997 885 3065 ferum
914 2999 1058 3066 cruentis
1083 3000 1230 3084 vestigiis
1253 3001 1418 3066 evolvere.

246 3109 341 3177 Prior
369 3110 487 3192 navis,
518 3111 589 3176 Leo
623 3111 816 3192 dicebatur,
838 3111 974 3178 liberata
997 3113 1154 3193 alteram,
1178 3113 1339 3178 Leaenam
1362 3131 1422 3180 no-

247 3221 357 3302 mine,
378 3242 479 3304 prope
502 3237 628 3305 captam
641 3223 800 3304 asseruit,
823 3221 966 3290 victores
983 3223 1048 3307 jam
1059 3223 1264 3290 Achinenses
1273 3243 1422 3308 aggressa

247 3333 422 3416 depellere.
458 3334 508 3400 Ita
529 3353 629 3400 naves
653 3349 806 3401 retentae.
847 3334 1029 3400 Medebant
1051 3334 1179 3401 interim
1203 3335 1325 3402 insonti
1348 3354 1422 3402 san·

248 3445 348 3528 guina
359 3445 492 3512 navium
503 3446 623 3525 latera,
638 3459 670 3510 et
682 3444 751 3528 ipse
764 3444 997 3512 Houtmannus
1007 3447 1221 3513 coenaculum
1232 3447 1423 3513 cruentabat

249 3554 421 3621 confossus
444 3556 574 3622 dextera
598 3556 766 3640 hospitali.
812 3557 995 3639 Sequentes
1013 3577 1070 3640 per
1089 3557 1159 3624 dies
1178 3578 1213 3622 ea
1232 3558 1351 3624 veneni
1370 3558 1423 3624 vis

249 3664 331 3747 fuit,
355 3681 394 3733 ut
413 3687 488 3750 pars
509 3680 681 3732 nautarum
700 3682 838 3734 veterno
857 3668 1004 3751 oppressi
1022 3670 1190 3752 jacerent,
1213 3689 1287 3752 pars
1311 3669 1423 3736 furore

248 3776 282 3842 in
305 3791 420 3844 mutua
441 3779 578 3843 vulnera
595 3793 778 3860 agerentur.
808 3779 883 3843 Nec
905 3779 1022 3844 melius
1041 3793 1148 3844 actum
1173 3798 1247 3845 curn
1268 3781 1344 3862 his,
1364 3780 1423 3861 qui

250 3907 288 3954 eo
310 3903 456 3970 tempore
480 3887 514 3952 in
540 3888 621 3953 urbe
643 3909 679 3952 ac
699 3902 863 3971 potestate
884 3889 1125 3956 Achinensium
1149 3904 1260 3970 erant,
1283 3891 1424 3956 ducente

249 3999 290 4065 ad
317 3999 432 4064 caedes
458 3997 544 4083 regis
577 3998 682 4081 ipsius
712 3997 805 4079 fili0,
829 4019 927 4081 quem
945 3999 1097 4066 Lusitani
1120 3999 1216 4065 donis
1238 4014 1273 4065 et
1295 4000 1425 4082 pollici·

251 4110 432 4177 tationibus
460 4127 556 4176 suum
580 4109 772 4175 effecerant:
802 4108 975 4176 desiderati
995 4109 1144 4176 homines
1166 4129 1232 4184 non
1253 4109 1424 4192 pauciores

250 4221 465 4306 septuaginta.
511 4221 615 4286 Paulo
647 4235 724 4304 post
754 4220 911 4288 adversus
930 4219 1144 4300 Neckianos‚
1175 4220 1234 4303 qui
1259 4220 1291 4287 in
1316 4221 1422 4288 Banda
1436 4242 1505 4286 Anno
1516 4249 1574 4309 ‘1600

251 4330 358 4398 insula
385 4332 587 4411 resederant,
625 4351 711 4414 quos
739 4331 823 4398 inter
853 4331 1018 4398 Adrianus
1047 4331 1200 4412 Venius,
1232 4346 1337 4398 emtus
1365 4353 1423 4400 rex
1436 4295 1529 4343 ‘m'

251 4441 387 4508 Tubani
420 4459 457 4510 ut
487 4463 544 4510 eos
575 4444 674 4510 armis
699 4444 882 4512 detraheret·
914 4459 971 4512 aut
1001 4444 1096 4511 etiam
1134 4458 1285 4527 necaret,
1314 4443 1428 4511 minax
