3530 5656
574 625 621 672 DE
644 625 737 693 JURE
762 625 948 672 PRAEDAE·
974 625 1056 672 CAP·
1081 625 1107 674 1.
1404 627 1425 691 5

253 799 307 850 tus
328 783 361 847 in
384 781 472 848 freto
494 780 745 864 Cincapurano,
780 778 871 862 quod
901 781 1035 846 alterum
1077 797 1126 847 est
1160 801 1271 847 eorum
1304 781 1424 864 quibus

254 893 394 959 discreta
417 893 613 976 Taprobane
632 891 814 957 Malaccam
838 906 952 956 contra
977 891 1113 975 aspicit,
1145 911 1260 960 navem
1293 893 1425 959 Lusita·

253 1005 359 1072 nicam
403 1005 473 1089 ejus
518 1003 667 1090 generis,
713 1022 789 1084 quas
824 1024 982 1068 caraccar
1026 1018 1168 1082 vocant,
1215 1005 1424 1070 Catharinam

254 1115 410 1199 nomine,
435 1130 584 1181 onustam
605 1113 767 1180 mercibus
790 1113 890 1196 inque
910 1113 1108 1180 deditionem
1132 1129 1296 1199 coactam,
1321 1114 1425 1181 homi-

253 1227 351 1293 nibus
373 1226 515 1292 dimissis
537 1227 671 1292 domum
695 1224 880 1290 abduceret.
925 1225 1082 1290 Fecerant
1100 1224 1231 1308 quidem
1257 1226 1366 1292 etalii
1389 1246 1426 1292 ac

253 1352 368 1422 postea
379 1336 528 1404 fecerunt
538 1337 625 1402 haud
637 1338 777 1402 multum
790 1335 1022 1420 discrepantia,
1044 1336 1103 1402 sed
1115 1336 1192 1418 quia
1204 1337 1293 1403 istud
1304 1335 1426 1403 sactum

254 1448 368 1516 multis
395 1448 582 1515 nominibus
616 1447 852 1513 nobilissimum
886 1461 956 1528 est,
981 1447 1054 1512 vice
1074 1447 1220 1513 omnium
1242 1447 1427 1530 quaestioni
1504 1503 1506 1506 .

254 1559 416 1644 subjicere
439 1559 586 1643 placuit,
612 1573 650 1624 ut
672 1580 740 1640 quo
765 1557 945 1623 examinato
966 1556 1062 1624 facile
1085 1557 1210 1624 caetera
1226 1558 1428 1643 judicentur.

300 1670 365 1736 Sed
387 1671 475 1736 hunc
494 1670 575 1736 mihi
597 1670 739 1736 laborem
761 1669 960 1754 aggredienti
983 1669 1155 1752 multiplex
1176 1668 1353 1752 disputatio
1372 1690 1427 1736 oc·
1440 1682 1545 1730 Diserta.

256 1782 376 1860 currit,
401 1801 466 1847 non
488 1802 556 1862 quo
578 1795 803 1865 argumentum
823 1801 882 1864 per
901 1800 935 1844 se
959 1779 1047 1845 haud
1067 1778 1145 1846 satis
1164 1779 1351 1863 expeditum
1368 1781 1427 1860 sit,

255 1892 313 1960 sed
338 1892 602 1959 dissimilitudine
624 1891 864 1968 dubitantium,
889 1891 948 1975 qui
970 1889 1086 1975 partim
1110 1890 1267 1974 religione
1288 1890 1426 1974 quadam

194 2031 201 2048 ·
257 2003 389 2069 adducti
421 2004 599 2086 approbare
629 2003 778 2086 praedam
805 2016 983 2082 verentur,
1020 2001 1113 2084 quasi
1134 2001 1242 2068 minus
1262 2003 1337 2086 jure
1356 2023 1428 2085 par-

257 2130 321 2180 tam
343 2114 451 2200 atquej
461 2115 658 2200 legitimam:
682 2114 736 2179 alii
758 2114 889 2198 dejure
910 2132 977 2178 non
1000 2113 1193 2196 ambigunt,
1217 2113 1428 2179 sedhocme-

257 2241 349 2293 tuere
370 2225 549 2306 videntur,
573 2245 615 2291 ne
637 2225 694 2290 tali
714 2224 801 2290 facto
822 2225 926 2289 labem
951 2223 1092 2306 aliquam
1116 2223 1220 2289 famae
1240 2240 1427 2308 aspergant:

259 2336 377 2402 deinde
396 2335 494 2418 siqui
515 2336 686 2419 sunt,qui
706 2355 767 2402 nec
790 2335 946 2417 aequitati
969 2354 1084 2400 causae
1105 2334 1278 2413 diffidunt,
1311 2355 1371 2401 nec
1393 2356 1428 2401 ea

258 2447 381 2513 ratione
410 2447 678 2513 existimationem
713 2466 804 2511 suam
835 2446 920 2513 laedi
940 2465 1036 2528 posse
1058 2445 1267 2529 existimant,
1302 2445 1429 2528 aliquid

258 2573 364 2623 tamen
386 2557 625 2642 imaginantur,
642 2577 708 2639 quo
733 2557 861 2623 evenire
878 2557 984 2640 possit
1004 2571 1042 2622 ut
1059 2557 1122 2622 hoc
1144 2556 1267 2641 ipsum,
1292 2556 1384 2639 quod
1396 2557 1429 2623 in

258 2687 410 2752 praesens
440 2668 521 2733 utile
552 2682 584 2732 et
613 2681 847 2750 quaestuosum
870 2668 1019 2746 videtur,
1041 2668 1200 2751 jacturam
1218 2669 1370 2734 latentem
1397 2683 1430 2733 et

260 2780 412 2846 damnum
441 2799 553 2845 secum
581 2780 694 2845 trahat.
740 2781 789 2845 Ita
818 2779 856 2844 fit
882 2795 919 2845 ut
941 2794 1108 2862 quotquot
1129 2793 1207 2844 sunt
1227 2777 1429 2862 disceptandi

260 2889 399 2976 gene'ra,
433 2911 515 2974 quae
536 2891 624 2975 apud
645 2906 788 2957 oratores
812 2894 820 2928 ¹
845 2891 975 2987 tractari
994 2894 1122 2970 solent,
1143 2890 1196 2956 hic
1218 2889 1326 2956 omnia
1349 2909 1429 2954 con-

260 3017 399 3069 currant.
445 3002 518 3099 Nec
541 3003 625 3069 enim
645 3004 708 3069 hoc
729 3003 908 3080 duntaxat,
932 3017 1062 3070 rectene
1083 3021 1123 3068 an
1138 3021 1288 3085 perverse
1304 2999 1429 3066 factum

259 3115 325 3196 sit,
346 3115 439 3180 velut
459 3114 547 3197 apud
575 3113 719 3199 judicem
743 3115 928 3198 agitandum
954 3129 1021 3193 est,
1056 3113 1167 3180 sedin
1188 3112 1352 3179 laudando
1373 3126 1431 3178 aut

259 3225 498 3309 vituperando,
522 3245 655 3290 munere
674 3225 842 3308 censoris,
866 3227 1042 3292 sumendae
1063 3240 1185 3310 partes,
1210 3233 1242 3290 et
1265 3225 1343 3308 quia
1364 3244 1429 3288 ma·

261 3351 318 3402 net
338 3337 486 3415 occasi0,
520 3356 602 3402 anne
623 3337 708 3403 idem
729 3337 820 3420 quod
841 3339 998 3403 hactenus
1022 3336 1144 3404 factum
1165 3352 1234 3415 est,
1267 3335 1301 3401 in
1321 3350 1429 3418 poste-

260 3467 332 3513 rum
353 3447 423 3512 fieri
445 3447 617 3531 expediat,
642 3448 816 3515 consilium
838 3463 968 3533 oportet
989 3449 1069 3515 dari.
1125 3448 1233 3514 Prima
1254 3446 1354 3533 igitur
1377 3447 1430 3532 ju·
1443 3483 1546 3530 ,mm

261 3559 305 3624 ris
337 3559 397 3625 erit
416 3559 590 3642 quaestio,
627 3581 711 3642 quae
733 3575 930 3626 caeterarum
954 3560 1196 3643 quodammodo
1216 3558 1431 3644 praejudicia-

262 3669 301 3735 lis
323 3684 380 3736 est.
427 3671 481 3736 Ad
503 3673 587 3737 hanc
600 3685 706 3737 autem
722 3670 777 3737 illa
798 3687 952 3751 naturae,
976 3692 1073 3755 quam
1094 3670 1275 3753 dixi,ratio
1298 3672 1352 3737 vel
1364 3691 1430 3736 ma-

263 3781 350 3846 xime
370 3781 523 3864 pertinet.
555 3781 639 3847 Nam
659 3782 707 3848 illi
728 3781 859 3865 quidem
883 3802 1013 3865 operam
1037 3782 1117 3847 mihi
1128 3782 1241 3849 ludere
1253 3781 1430 3863 videntur,

263 3892 321 3975 qui
341 3911 391 3982 res
403 3912 470 3959 non
492 3892 576 3959 inter
598 3892 686 3958 cives
709 3893 767 3958 sed
778 3893 919 3976 populos
938 3892 1085 3960 diversos
1098 3907 1227 3976 gestas,
1252 3891 1353 3974 idque
1363 3910 1430 3957 non

262 4024 342 4086 pace
365 4003 422 4069 sed
444 4004 554 4085 bello,
577 4024 615 4068 ex
647 4003 777 4087 scriptis
806 4004 965 4070 duntaxat
982 4003 1111 4088 legibus
1134 4002 1325 4087 dijudicant.
1370 4001 1429 4066 Di-

263 4114 336 4180 onis
356 4115 450 4199 ejus,
476 4115 533 4198 qui
555 4115 760 4198 eloquentiae
781 4115 896 4181 merito
917 4116 1176 4200 Chrysostomus
1190 4113 1331 4193 dicitur,
1356 4113 1432 4179 niti-

265 4225 327 4320 dus
362 4240 412 4291 est
444 4226 477 4290 in
512 4227 595 4292 hanc
625 4247 690 4293 rem
721 4223 857 4294 locus²:
891 4237 946 4298 τῶν
977 4233 1030 4312 μὲν
1051 4229 1210 4311 ἐγγράφων
1233 4229 1309 4296 οὐδὲν
1328 4231 1356 4294 ἕν
1375 4237 1433 4301 τοῖς

264 4341 408 4419 πολεμίοις
429 4337 543 4422 ἰσχύει”,
564 4344 605 4408 τὰ
626 4344 655 4408 δὲ
674 4340 719 4419 ἔθη
737 4341 925 4427 φυλάττεται
944 4344 1025 4424 παρὰ
1043 4345 1136 4412 πᾶσι,
1159 4340 1214 4407 κᾶν
1235 4342 1274 4412 εἰς
1303 4337 1434 4421 ἐσχάτην

301 4533 309 4566 ¹
327 4532 434 4597 Quintil.
449 4535 531 4583 instit.
546 4547 610 4585 orat.
626 4541 642 4585 1.
662 4549 686 4595 3.
703 4551 724 4586 c.
743 4551 766 4601 4.
801 4536 813 4572 ²
829 4537 855 4586 in
873 4550 936 4587 orat.
953 4539 984 4587 de
997 4550 1061 4586 mor.
1078 4535 1115 4601 [p.
1133 4537 1190 4599 649.
1206 4547 1244 4585 va.
1263 4533 1315 4599 an]
