3536 5692
340 631 403 697 272
629 631 675 676 DE
700 631 794 698 JURE
820 629 1006 676 PRAEDAE.
1033 630 1111 677 GAP.
1137 630 1219 676 x111.

341 783 464 864 quibus
497 785 599 849 multa
632 805 689 867 per
708 786 837 850 saecula
860 783 1044 867 respublica
1066 798 1221 865 steterat,
1248 784 1358 849 eadem
1383 785 1416 849 in
1438 807 1513 867 pro·

181 911 217 957 ez
236 895 468 970 reganvinciae
496 896 630 961 modurn
658 897 881 980 Hispanorum
908 894 1038 960 libidini
1070 896 1299 980 subjiceretur.
1345 896 1513 962 Postremo

341 1006 434 1070 etiam
463 1007 580 1089 poenis
614 1007 788 1073 coercendi
824 1022 935 1086 erant,
971 1007 1029 1088 qui
1063 1007 1185 1089 patriae
1214 1021 1274 1072 aut
1304 1007 1434 1072 civibus
1456 1027 1514 1090 per

207 1117 490 1221 fgoblemainjuriam
514 1117 724 1184 insultabant.
771 1118 865 1205 Quae
890 1138 965 1183 curn
989 1117 1160 1184 ita-essent
1172 1133 1258 1184 certe
1271 1119 1313 1184 ad
1323 1118 1512 1201 Philippum

340 1228 521 1311 pertinuit,
550 1244 676 1296 oratum
706 1229 828 1309 toties,
853 1249 1027 1312 oppressos
1051 1229 1147 1295 armis
1169 1230 1353 1294 Hollandos
1378 1245 1409 1294 et
1432 1229 1512 1294 alios

340 1340 457 1424 Belgas
487 1339 659 1406 defendere
692 1356 724 1406 et
756 1341 789 1406 in
821 1354 932 1407 sontes
960 1341 1015 1424 jus
1044 1341 1189 1407 reddere.
1233 1341 1320 1406 Nam
1343 1343 1422 1406 haec
1446 1340 1513 1406 duo

342 1454 410 1516 sola
440 1466 539 1531 sunt,
573 1471 712 1533 quorum
746 1450 847 1535 gratia
876 1472 989 1518 omnes
1019 1452 1163 1518 instituti
1195 1468 1273 1517 sunt
1294 1452 1513 1534 Principatus.

341 1563 494 1628 Tradunt
524 1577 631 1628 autem
664 1562 810 1646 magistri
842 1563 926 1646 juris
949 1583 1047 1645 posse
1070 1566 1231 1647 populum
1255 1584 1273 1628 a
1296 1563 1447 1646 Principe
1470 1565 1513 1628 ob

341 1673 493 1740 omissam
526 1671 748 1739 defensionem
780 1672 970 1756 discedere,
1004 1674 1049 1740 ita
1077 1691 1115 1740 ut
1134 1695 1194 1740 nec
1216 1677 1352 1741 alterum
1373 1675 1513 1759 eligendi

340 1798 485 1867 potestas
509 1783 537 1848 ei
559 1785 705 1868 neganda
725 1783 778 1850 sit.
824 1785 942 1850 Tradit
961 1800 993 1849 et
1011 1786 1140 1851 Doctor
1164 1787 1399 1869 Hispanus1et
1423 1785 1514 1867 quod

341 1895 549 1978 estamplius
572 1895 605 1959 in
624 1894 768 1978 Philippi
790 1895 881 1960 illius
901 1916 1029 1963 summo
1053 1897 1392 1979 praetorio-senator,
1418 1917 1514 1979 supc-

340 2007 442 2072 riores
466 2027 505 2071 ex
522 2006 670 2091 justitiae
687 2025 762 2091 erga
772 2007 923 2072 subditos
936 2008 1151 2092 denegatione
1164 2029 1231 2074 non
1244 2010 1351 2073 solum
1364 2027 1514 2089 suprema
1569 2033 1572 2042 ’

338 2117 568 2204 jurisdictione
594 2118 665 2201 ipso
682 2120 756 2204 jure
775 2101 920 2201 privari,
946 2138 1057 2184 verum
1083 2120 1180 2203 etiam·
1203 2119 1309 2202 ipsius
1329 2138 1443 2185 rursus
1462 2138 1511 2182 re-

341 2229 543 2312 cuperandae
565 2229 734 2312 incapaces
752 2245 911 2313 perpetuo
933 2228 1014 2296 lieri.
1061 2231 1229 2311 Proinde,
1254 2230 1385 2312 inquit,
1408 2230 1512 2293 Prin-

340 2341 467 2426 cipibus
490 2353 690 2424 snmmopere
712 2339 894 2407 cavendnm
919 2357 988 2422 est,
1014 2363 1053 2405 ne
1064 2341 1141 2407 dnm
1155 2343 1289 2427 injnrin
1303 2341 1351 2407 ad
1352 2343 1513 2426 justitiae

340 2451 585 2537 denegationem
604 2466 813 2536 properant,
837 2456 902 2537 ipsi
925 2473 1052 2538 qnoque
1063 2452 1190 2518 subditi
1202 2452 1249 2518 nd
1258 2451 1512 2517 inobedientiam

340 2576 371 2626 et
403 2561 613 2646 desectionem
635 2563 719 2646 jure
741 2561 916 2645 festinent.
962 2564 1054 2649 Quid
1078 2563 1178 2647 igitur
1202 2563 1376 2629 dicendum
1402 2577 1451 2628 est
1474 2561 1514 2626 de

341 2693 379 2738 eo
408 2672 581 2755 Principe,
615 2672 673 2754 qui
706 2692 771 2737 non
804 2674 902 2739 modo
937 2674 970 2738 in
994 2689 1144 2740 auctores
1168 2676 1327 2740 malorum
1348 2672 1511 2757 justitiam

340 2805 406 2850 non
439 2799 588 2865 exercet,
621 2784 679 2850 sed
711 2784 840 2851 eosdem
872 2785 1054 2851 honoribus
1084 2785 1218 2867 evehit,
1241 2804 1307 2851 non
1330 2785 1427 2850 modo
1453 2805 1513 2865 op-

340 2914 487 2978 pressum
509 2898 669 2978 populum
691 2915 756 2962 non
775 2895 942 2976 defendit,
966 2898 1024 2962 sed
1047 2897 1116 2980 ipse
1128 2898 1170 2962 ad
1182 2897 1253 2980 ejus
1266 2895 1512 2980 oppressionem

340 3006 467 3072 confert
489 3006 625 3072 consilia
645 3027 726 3088 sua,
749 3007 930 3090 pecunias,
955 3009 1095 3090 classes,
1121 3008 1307 3089 exercitus,
1331 3023 1369 3072 ut
1387 3007 1514 3071 scilicet

341 3132 453 3183 contra
473 3132 614 3182 veterem
636 3117 762 3200 imperii
783 3115 941 3197 formam,
966 3119 1058 3200 quasi
1081 3119 1180 3185 victis
1204 3121 1291 3204 leges
1304 3139 1363 3201 pro
1376 3117 1512 3183 arbitrio

341 3228 512 3312 imponat?
561 3229 625 3292 Hic
657 3247 732 3293 sane
756 3229 794 3293 ab
817 3229 978 3310 obsequio
1002 3231 1174 3296 recedendi
1195 3233 1301 3296 multo
1323 3229 1444 3313 justior
1463 3242 1514 3292 est

209 3357 278 3406 run
292 3357 328 3423 ae·
340 3339 434 3406 ratio.
480 3339 649 3405 Sententia
679 3353 791 3404 contra
823 3341 877 3424 jus
897 3339 997 3422 partis
1019 3342 1083 3406 lata
1104 3341 1217 3423 iniqua
1238 3340 1376 3419 dicitur3
1401 3353 1511 3404 contra

209 3414 317 3458 ‘mm'
341 3451 475 3518 formam
501 3451 701 3536 judiciorum
724 3450 884 3515 sententia
905 3471 971 3515 non
993 3466 1051 3519 est.
1097 3452 1185 3517 Idem
1208 3453 1241 3516 in
1264 3453 1345 3536 lege.
1390 3450 1513 3518 Divino

291 3543 293 3547 ¹
336 3565 410 3648 jure
439 3561 680 3628 matrimonium
711 3581 750 3627 eo
780 3563 851 3628 solo
884 3577 1020 3644 peccato
1051 3563 1235 3643 dirimitur,
1269 3563 1360 3645 quod
1385 3562 1509 3628 formae

341 3675 444 3758 ipsius
464 3672 661 3738 matrimonii
685 3673 883 3738 contrarium
904 3688 1007 3739 estet
1028 3674 1223 3740 adulterium
1248 3674 1381 3740 dicitur.
1421 3674 1513 3760 Qua-

341 3787 514 3868 liscunque
542 3785 678 3850 alterius
705 3783 850 3852 criminis
879 3805 954 3850 reus
983 3800 1056 3851 ante
1076 3786 1313 3851 damnationem
1337 3784 1418 3850 civis
1442 3797 1512 3849 est:

341 3897 449 3964 sedis
473 3897 529 3980 qui
553 3896 784 3979 rempublicam
808 3912 977 3980 oppugnat
999 3896 1081 3964 civis
1106 3917 1176 3964 esse
1197 3896 1321 3963 desinit
1339 3895 1361 3960 ⁸.
1399 3892 1513 3961 Simile

343 4025 392 4076 est
410 4011 444 4074 in
462 4009 653 4092 magistratu
677 4023 709 4073 et
731 4008 863 4090 quidem
884 4028 1022 4074 summo.
1068 4009 1144 4095 Qua
1167 4008 1293 4074 ratione
1315 4019 1516 4091 negaverunt

348 4190 534 4200 -—.----—·

377 4294 384 4326 ¹
404 4296 480 4354 Vasq.
506 4308 528 4341 c.
547 4306 570 4349 5.
589 4307 614 4342 n.
635 4307 673 4342 ιο.
693 4293 834 4342 Castrensis
853 4295 919 4342 adl.
939 4307 971 4342 ex
989 4296 1039 4342 hoc
1054 4293 1110 4350 jure
1130 4293 1155 4341 ff.
1174 4295 1205 4342 de
1224 4292 1284 4350 just.
1304 4305 1332 4341 et
1349 4291 1414 4349 jure.
1433 4305 1458 4339 n.
1480 4304 1516 4349 17.

344 4398 368 4434 et
396 4389 434 4434 18.
460 4386 504 4446 [D.
531 4397 552 4431 r.
578 4398 599 4432 1.
624 4385 659 4444 s.]
684 4385 733 4432 Dd.
757 4384 783 4431 in
808 4387 825 4431 l.
843 4385 864 4433 si
883 4398 935 4432 non
954 4385 1122 4434 defendantur
1139 4384 1164 4432 ff.
1184 4386 1215 4433 de
1233 4384 1333 4444 poenis.
1353 4384 1397 4445 [D.
1414 4385 1457 4443 48.
1480 4396 1517 4441 19.

347 4477 397 4537 19.]
433 4473 537 4534 ²Vasq.
556 4475 582 4522 in
601 4474 680 4533 praef.
700 4486 819 4522 controv.
838 4474 874 4522 ill.
893 4489 918 4522 n.
942 4476 979 4522 16.
999 4488 1022 4522 et
1045 4489 1082 4532 ¹7·
1116 4473 1288 4523 ³Cic.Catil.
1303 4475 1454 4534 1.[c.rr.§.
1466 4473 1518 4531 ab]
