3530 5656
546 641 592 686 DE
615 641 709 706 JURE
736 640 916 686 PRAEDAE.
943 640 1020 686 CAP.
1046 641 1092 686 lv.
1372 643 1413 709 57

243 799 498 883 concupiscimus
509 793 645 859 aliena:
669 797 751 878 quia
771 791 864 856 illius
886 795 1042 879 imperio,
1066 793 1160 878 cujus
1180 806 1258 858 sunt
1279 799 1412 878 omnia,

239 910 338 986 facta
354 918 431 972 sunt
444 918 581 984 nostra,
605 917 636 968 et
639 905 732 988 juste
743 915 860 967 nostra
879 917 969 967 sunt.
1015 903 1149 969 Plac'ent
1168 903 1253 987 Juris
1275 904 1412 972 Pontifi-

242 1020 285 1086 cii
310 1015 486 1083 doctores?
531 1013 684 1082 Pontifex
718 1014 788 1097 ipse
805 1015 1016 1080 Innocentius
1039 1018 1047 1051 ¹
1070 1018 1238 1100 acquisita
1269 1015 1350 1080 bello
1371 1018 1413 1082 li-

242 1133 307 1194 cito
331 1129 422 1192 licite
446 1129 589 1191 retineri
612 1125 761 1191 affirmat:
791 1125 945 1206 idemque
977 1123 1089 1192 multis
1112 1123 1303 1206 exsequitur
1325 1126 1413 1193 Hos-

243 1238 356 1304 tiensis
388 1241 400 1276 ²
428 1251 460 1302 et
490 1236 741 1306 Panormitanus
762 1242 775 1280 ³
798 1251 832 1302 et
863 1235 1126 1302 Archidiaconus
1148 1237 1170 1302 ⁴.
1210 1236 1302 1301 Quid
1329 1237 1414 1321 juris

243 1350 386 1417 Romani
409 1345 627 1429 interpretes?
663 1346 813 1418 Bartolus
834 1354 865 1410 ⁵:
890 1347 955 1412 Ubi
975 1346 1093 1412 bellum
1117 1347 1247 1414 licitum
1263 1347 1340 1432 fuit
1360 1347 1414 1414 dc·

237 1458 441 1546 praedantes
464 1478 504 1522 ex
517 1458 601 1542 jure
621 1457 716 1523 ciuili
735 1456 782 1522 ad
802 1437 1044 1522 restitutionem
1066 1478 1129 1520 non
1150 1471 1317 1524 tenentur.
1340 1458 1415 1524 Bal·

245 1571 307 1637 dus
327 1569 339 1604 ⁶
358 1571 421 1634 hoc
453 1568 610 1651 amplius:
645 1569 686 1632 In
705 1567 785 1652 foro
808 1567 909 1633 etiam
935 1573 1066 1638 interno
1087 1571 1304 1634 conscientiae
1323 1568 1415 1634 licite

248 1683 441 1747 retinentur
464 1699 549 1763 quac
559 1680 653 1764 justo
675 1677 756 1742 bello
777 1693 878 1764 capta
899 1692 1000 1742 sunt:
1024 1679 1121 1762 cujus
1139 1678 1414 1762 etverbaJason⁷

246 1790 347 1863 refert
369 1804 401 1855 et
423 1808 537 1854 omnes
560 1791 701 1871 probant
722 1809 789 1855 non
813 1789 911 1855 modo
931 1788 1160 1873 jurisconsulti
1182 1810 1295 1855 verum
1318 1790 1415 1856 etiam

246 1914 468 1968 sacrosanctae
501 1899 678 1983 sapientiae
707 1899 922 1983 interpretes,
955 1899 1145 1982 quicunque
1164 1900 1249 1965 hanc
1269 1899 1416 1983 disputa-

247 2013 369 2078 tionem
390 2010 521 2095 proprie
544 2011 691 2078 exsecuti
711 2025 810 2089 sunt,
834 2025 872 2075 ut
892 2010 1068 2092 silvester,
1093 2010 1282 2092 Adrianus,
1305 2009 1416 2094 Ange-

248 2126 321 2206 lus,
345 2123 461 2205 Lupus
473 2137 505 2186 et
525 2121 610 2186 inter
629 2121 796 2204 Hispanos
818 2120 968 2185 Victoria
990 2135 1021 2184 et
1038 2120 1302 2186 Covarruvias⁸t
1326 2120 1417 2202 quod

247 2235 274 2300 si
298 2252 411 2300 omnes
433 2247 581 2298 auctores
595 2231 835 2315 inspiciamus,
859 2251 954 2296 nemo
976 2231 1105 2296 damnat
1126 2231 1297 2314 praedam,
1321 2231 1417 2296 multi

249 2345 416 2411 avaritiam
438 2343 470 2414 in
493 2345 628 2426 praeda,
660 2347 694 2412 τὸ
717 2345 939 2424 πλεονέκτημα,
962 2341 1000 2406 id
1018 2341 1106 2425 quod
1120 2341 1320 2426 plorasque
1343 2354 1390 2405 est
1403 2364 1416 2405 .·

248 2456 337 2520 sicut
370 2475 429 2519 nec
451 2455 597 2534 bellum,
622 2452 732 2517 sedin
756 2453 843 2517 bello
864 2450 1089 2517 crudelitatem
1117 2451 1242 2534 culpati
1261 2451 1415 2517 diximus.

243 2564 408 2648 praedam
436 2563 536 2646 igitur
565 2578 683 2649 capere
717 2562 900 2647 aliquando
915 2563 1047 2646 justum
1070 2576 1117 2626 est
1141 2561 1346 2628 Christianis
1376 2585 1417 2628 ex
1431 2585 1506 2632 coner.
1520 2581 1555 2630 11.

251 2673 458 2740 Christianis
482 2677 568 2738 omni
581 2675 665 2758 jure
685 2675 706 2737 ⁹.

699 2819 892 2885 CAPUT
925 2820 969 2887 V.

703 2975 882 3027 ouussrlo
907 2975 964 3022 111.

583 3086 679 3139 uuus
706 3086 852 3132 nunnus
874 3085 989 3148 Jusrn
1014 3087 1083 3133 s1r.

715 3197 898 3251 nunssrro
922 3199 969 3243 rv.

564 3311 659 3373 quon
684 3310 835 3355 uernum
856 3308 1004 3372 Jusrum
1029 3309 1099 3354 srr.

758 3435 907 3447 ----.

294 3501 328 3565 Si
352 3500 452 3584 igitur
475 3515 524 3566 est
542 3499 652 3582 aliqua
673 3499 857 3583 ejusmodi,
879 3517 1033 3581 quaenam
1056 3498 1110 3564 illa
1130 3498 1173 3564 slt
1184 3500 1318 3582 praeda,
1337 3519 1420 3584 quae

251 3639 490 3652 -n———t-

230 3778 233 3784 ·
284 3709 337 3758 1in
356 3724 378 3759 c.
396 3711 456 3771 quia
471 3711 595 3772 plerique.
612 3713 643 3760 de
658 3711 727 3758 lmm.
744 3713 815 3759 Eccl.
835 3707 973 3773 [Decretal.
1000 3723 1024 3767 3.
1042 3724 1082 3773 49.
1110 3708 1146 3773 8.]
1184 3707 1194 3741 ²
1220 3709 1246 3757 in
1262 3720 1356 3758 summa
1381 3708 1420 3759 tir.

250 3803 282 3850 de
303 3800 401 3861 poenit.
429 3801 568 3863 [Decretal.
592 3814 615 3857 5.
642 3801 693 3862 38.]
736 3799 791 3848 ³in
814 3803 839 3850 d.
858 3815 880 3848 c.
904 3801 970 3849 sicut
995 3812 1019 3848 et
1046 3802 1070 3848 d.
1095 3813 1118 3846 c.
1142 3800 1204 3847 olim
1233 3799 1370 3862 [Decretal.
1398 3815 1420 3848 2.

251 3905 290 3952 24.
309 3905 349 3954 29.
376 3903 400 3939 et
420 3905 443 3939 2.
469 3867 587 3954 13.⁵12.]
624 3891 678 3938 ⁴in
697 3905 719 3938 c.
744 3891 867 3938 Dominus
884 3902 978 3938 noster.
1009 3889 1097 3952 [Dect.
1117 3893 1184 3938 Grat.
1202 3906 1228 3950 p.
1247 3904 1270 3938 2.
1288 3904 1328 3948 23.
1346 3905 1368 3938 2.
1382 3891 1418 3955 1.]

249 3980 309 4029 ὅ1111
326 3984 343 4028 l.
360 3983 507 4029 naturalem.
525 3985 546 4039 ξ.
565 3981 625 4028 item
643 3993 706 4039 quae
732 3980 762 4027 ab
781 3982 847 4028 host.
865 3981 889 4027 ff.
909 3983 940 4028 de
955 3978 1012 4039 a'cq.
1031 3983 1097 4029 dom.
1118 3981 1162 4042 [D.
1187 3994 1229 4040 41.
1256 3994 1278 4029 1.
1302 3993 1323 4036 5.
1350 3979 1418 4044 ξι]

249 4071 304 4119 ⁶in
323 4085 345 4120 c.
366 4084 387 4120 1.
414 4071 440 4118 in
457 4085 484 4132 4.
502 4074 553 4119 col.
576 4073 607 4120 de
631 4070 683 4118 mil.
701 4085 754 4119 vas.
772 4069 816 4129 qui
834 4081 971 4118 contumax
986 4082 1031 4119 est.
1050 4070 1089 4132 [F.
1109 4084 1130 4117 2.
1149 4069 1202 4134 en]
1239 4066 1297 4118 ⁷ad
1315 4073 1333 4117 l.
1355 4083 1375 4119 1.
1393 4070 1420 4118 ff.

251 4164 283 4210 de
301 4175 357 4221 acq.
375 4175 444 4222 poss.
464 4161 508 4223 [D.
525 4174 566 4222 41.
585 4159 620 4223 2.]
640 4174 666 4208 n.
686 4163 708 4208 8.
742 4157 832 4209 ⁸Silv.
851 4159 876 4208 in
895 4161 976 4208 verbo
993 4162 1088 4208 Bellum
1104 4163 1126 4217 ξ.
1147 4173 1168 4208 1.
1191 4172 1216 4208 et
1231 4160 1251 4221 §.
1269 4174 1293 4222 9.
1329 4160 1420 4208 1111111-

251 4265 296 4300 nus
316 4252 342 4300 in
359 4264 453 4312 quaest.
473 4255 504 4300 de
522 4263 581 4301 rest.
591 4251 616 4298 in
626 4262 690 4311 part.
700 4262 725 4298 et
743 4262 839 4310 quaest.
858 4253 889 4299 de
907 4251 985 4299 bello.
1003 4253 1114 4311 Angelus
1132 4251 1157 4298 in
1176 4250 1269 4310 disput.
1289 4251 1421 4299 Renovate

251 4356 347 4402 guerra.
381 4345 464 4402 Lupus
482 4345 513 4391 de
531 4343 600 4390 bello
617 4345 639 4400 ξ.
657 4344 702 4390 ult.
722 4343 828 4403 [Ocean.
850 4341 898 4398 jur.
923 4340 1161 4405 vol.16.p.323.]
1198 4341 1313 4389 Victoria
1325 4340 1420 4398 dejure

252 4434 352 4481 bellic.
380 4447 419 4489 51.
437 4447 530 4494 etseq.
575 4434 746 4482 Covarruvias
769 4437 800 4482 ad
823 4436 839 4481 l.
858 4445 1009 4494 peccatum,
1028 4435 1059 4481 de
1077 4448 1128 4493 reg.
1145 4432 1193 4489 jur.
1207 4446 1260 4480 can.
1279 4444 1350 4492 parte
1364 4433 1420 4494 2.§·

257 4538 294 4572 11.
315 4524 432 4587 [Covarr.
452 4527 526 4585 Oper.
547 4528 619 4573 Omn.
637 4527 690 4573 vol.
713 4539 732 4572 1.
751 4539 776 4584 p.
796 4526 867 4586 512.]
903 4523 914 4556 ⁹
932 4527 1006 4573 Mart.
1024 4527 1100 4574 Laud.
1119 4539 1143 4584 q.
1164 4538 1202 4574 11.
