3552 5654
380 656 441 718 160
687 671 735 718 uu
758 672 850 736 Juuu
877 669 1061 720 rannone.
1087 673 1169 720 ona.
1193 675 1229 721 x.

379 840 468 906 erat,
502 840 540 891 ut
567 845 664 909 supra
694 825 874 912 attigimus.
920 827 1012 892 Haec
1036 842 1144 893 autern
1167 827 1275 892 omnia
1295 828 1404 894 locum
1427 830 1549 895 habent

379 937 474 1003 etiam
505 952 606 1019 tunc,
637 957 710 1002 cum
740 950 828 1004 certa
850 937 972 1002 laboris
993 958 1114 1003 merces
1135 939 1233 1004 militi
1254 938 1340 1005 dicta
1364 954 1431 1005 est:
1453 940 1547 1022 quasi

376 1049 493 1131 praeda
525 1048 680 1131 stipendii
712 1049 892 1114 auctarium
924 1049 990 1131 sit,
1015 1064 1072 1114 aut
1094 1051 1166 1134 ejus
1189 1051 1400 1117 emolumenti
1423 1051 1547 1117 ratione

377 1159 485 1225 miuus
506 1157 604 1224 militi
626 1159 658 1223 in
678 1177 751 1244 aere
772 1161 930 1225 solvatur.
957 1159 1043 1225 Sunt
1059 1160 1143 1226 enim
1164 1161 1289 1242 ubique
1312 1160 1381 1227 fere
1401 1163 1546 1246 gentium

377 1271 490 1338 salaria
522 1271 603 1336 adeo
625 1271 765 1354 exigua,
786 1285 823 1335 ut
846 1269 910 1334 nisi
931 1271 1100 1352 proposita
1121 1272 1180 1336 hac
1201 1291 1258 1354 spe
1278 1272 1410 1338 difficile
1431 1274 1475 1340 sit
1497 1295 1547 1339 re-

375 1382 504 1465 perire,
535 1381 657 1464 quibus
678 1383 805 1464 placeat
822 1381 911 1448 vitae
934 1399 1038 1464 genus
1059 1381 1210 1449 militare.
1255 1384 1357 1449 Nunc
1380 1403 1444 1450 una
1466 1385 1545 1450 haec

375 1493 495 1560 fiducia
519 1495 647 1560 labores
671 1493 836 1573 sustinet,
862 1492 954 1573 quod

1247 1605 1351 1670 horae

517 1715 686 1780 Memento
711 1717 783 1778 cita
805 1733 891 1777 mors
912 1715 1003 1779 uenit
1029 1726 1090 1777 aut
1112 1717 1260 1780 uictore‘a
1281 1715 1373 1782 laeta
1392 1723 1414 1784 ¹.

417 1827 594 1909 Nusquam
618 1839 725 1890 autem
749 1844 816 1890 uon
839 1823 939 1888 hodie
957 1842 1031 1906 pars
1051 1821 1189 1907 pra'edae
1209 1827 1307 1891 militi
1327 1829 1469 1912 capienti
1493 1852 1544 1898 ce-

375 1938 446 2020 dit,
470 1958 543 2020 pars
573 1937 614 2003 ad
642 1935 876 2018 rempublicam
907 1933 1082 2000 revertitur
1114 1950 1171 2000 aut
1191 1938 1262 2020 ejus
1283 1941 1492 2008 concessione
1504 1943 1544 2008 ad

374 2050 473 2116 duces
503 2048 581 2114 belli
613 2049 841 2133 cuiuscunque
874 2046 992 2130 gradus
1028 2046 1060 2110 in
1096 2048 1274 2128 praemium
1299 2071 1415 2133 operae
1436 2052 1542 2118 defer-

373 2175 445 2226 tur:
476 2161 568 2243 quod
599 2159 745 2227 omnium
781 2159 978 2242 populorum
1011 2159 1101 2242 leges
1132 2173 1197 2223 tam
1229 2180 1326 2241 super
1353 2161 1540 2242 maritim0,

375 2292 471 2354 quam
495 2271 639 2338 terrestri
662 2272 750 2336 bello
775 2270 940 2336 declarant
960 2265 985 2334 ¹.
1032 2268 1315 2355 Quemadmodum
1343 2271 1541 2338 Constituti-

373 2383 493 2450 onibus
516 2381 707 2465 Hispanicis
729 2388 741 2424 ⁸
764 2381 902 2464 praedae
925 2382 1016 2464 ejus,
1042 2399 1126 2461 quae
1150 2380 1192 2446 ad
1213 2381 1349 2446 militem
1371 2383 1540 2465 pervenit,

373 2495 536 2560 interdum
561 2513 636 2576 pars
660 2493 799 2575 quinta,
823 2511 1069 2573 nonnumquam
1090 2491 1203 2571 tertia,
1227 2492 1306 2559 alias
1317 2512 1396 2559 vero
1408 2493 1542 2560 dimidia

373 2605 442 2691 regi
466 2607 622 2671 debetur:
648 2618 680 2669 et
703 2602 865 2685 septima,
890 2602 1052 2667 interdum
1076 2602 1224 2683 decima,
1245 2603 1322 2670 duci
1346 2605 1540 2672 excercitus.

372 2717 539 2783 Interdum
561 2734 628 2782 non
651 2735 724 2797 pars
746 2717 838 2796 sola,
863 2713 922 2780 sed
944 2727 1050 2779 totum
1069 2732 1171 2798 genus
1195 2715 1333 2795 praedae
1357 2715 1540 2798 excipitur,

372 2843 409 2896 ut
431 2849 534 2896 naves
565 2827 700 2893 bellicae
733 2823 853 2892 eisdem
884 2825 1108 2908 Hispanorum
1140 2824 1269 2908 legibus
1289 2821 1300 2858 ⁴
1320 2825 1466 2910 Principi
1490 2847 1542 2892 ac-

372 2940 559 3023 quiruntur.
591 2939 686 3026 Quae
709 2959 788 3005 vero
812 2957 928 3020 operae
952 2951 984 3002 et
1006 2937 1145 3020 periculi
1169 2936 1210 3001 ad
1233 2938 1407 3021 praedam,
1432 2939 1541 3004 eadem

371 3067 428 3118 aut
459 3052 555 3117 etiam
585 3050 705 3133 justior
736 3063 905 3115 sumtuum
937 3048 1021 3114 ratio
1054 3063 1124 3129 est,
1154 3047 1182 3112 si
1217 3067 1302 3129 quos
1336 3049 1484 3130 privatus
1507 3049 1542 3114 in

370 3164 493 3228 bellum
525 3161 693 3243 publicum
725 3159 817 3226 fecit.
864 3159 967 3246 Quod
996 3159 1082 3224 enim
1106 3179 1165 3241 pro
1188 3158 1243 3224 bis
1266 3159 1422 3240 impensis
1445 3161 1542 3226 debet

369 3273 576 3355 respublica,
600 3271 802 3337 commodius
825 3291 924 3353 quarn
949 3290 987 3335 ex
1010 3270 1126 3352 praeda
1150 3269 1289 3336 dissolvi
1311 3271 1438 3351 nequit.
1462 3272 1541 3337 Mo·

370 3385 462 3451 ribus
484 3382 605 3448 Italicis
625 3389 636 3422 ⁵
657 3397 751 3465 capta
783 3382 929 3448 hostium
961 3381 1036 3447 navi
1061 3380 1162 3448 triens
1186 3401 1272 3447 unus
1295 3381 1336 3446 ad
1357 3381 1450 3447 navis
1470 3381 1541 3447 vic·

371 3496 461 3561 tricis
484 3493 675 3574 domiuum,
701 3495 780 3558 alter
801 3493 841 3558 ad
862 3513 918 3578 eos
942 3511 1083 3574 quorum
1107 3512 1231 3558 merces
1253 3492 1286 3558 in
1305 3492 1382 3559 navi
1405 3491 1540 3559 victrice

369 3605 524 3686 fuerunt,
547 3605 663 3671 tertius
685 3605 725 3670 ad
748 3624 803 3670 eos
827 3604 884 3686 qui
907 3617 1096 3688 pugnarunt
1115 3602 1274 3685 pertinet:
1298 3604 1331 3669 in
1354 3604 1459 3687 primo
1481 3604 1539 3668 im-

370 3737 509 3800 pensae,
533 3715 731 3782 insecundo
752 3715 911 3798 periculi,
936 3714 969 3778 in
991 3713 1087 3779 tertio
1108 3732 1225 3796 operae
1246 3713 1285 3779 fit
1304 3716 1537 3797 compensatio,

371 3824 581 3896 Alibi⁸i11ud
601 3840 767 3910 receptum
792 3841 901 3892 estut
924 3825 982 3908 qui
1004 3823 1101 3890 militi
1125 3844 1246 3905 equum
1259 3825 1300 3889 ad
1311 3825 1537 3891 excursionem

370 3939 591 4007 commodavit
623 3937 772 4021 praedam
806 3957 880 4002 cum
916 3936 973 4002 illo
1008 3934 1144 4001 dividat.
1198 3934 1303 4017 Apud
1334 3936 1538 4018 Hispan0s⁷

370 4052 478 4118 navali
500 4052 587 4116 bello
621 4047 786 4131 quidquid
808 4047 989 4130 acquiritur
1007 4046 1093 4130 regis
1114 4045 1171 4126 lit,
1194 4046 1341 4112 simodo
1365 4047 1419 4112 ille
1441 4065 1541 4112 naves
1625 4119 1630 4129 ¹

369 4181 443 4228 cum
474 4158 677 4226 armamentis
705 4156 912 4239 suppeditet,
937 4176 1163 4240 annonamque
1188 4158 1350 4224 militibus
1379 4172 1412 4223 et
1431 4156 1540 4222 nautis

370 4321 562 4338 -a———ae--q’

401 4394 410 4427 ¹
429 4394 492 4442 Hor.
510 4397 558 4441 Sat.
576 4395 593 4440 l.
614 4405 635 4440 1.
656 4391 692 4454 [ι.
710 4403 748 4438 vs.
767 4402 791 4449 7.
809 4391 859 4452 sq.]
895 4387 906 4422 ¹
924 4392 955 4438 V.
973 4393 1048 4440 lustr.
1069 4393 1151 4441 marie.
1170 4394 1247 4442 Foed.
1266 4392 1432 4452 BelgiiProv.
1443 4403 1489 4440 art.
1501 4405 1542 4440 22.

368 4484 414 4534 ⁸1.
438 4496 462 4546 4.
486 4485 525 4533 tit.
551 4483 592 4531 26.
615 4495 641 4543 p.
666 4495 690 4530 α.
723 4479 734 4511 ⁴
759 4482 776 4528 1.
804 4494 843 4542 19·
860 4481 901 4528 tit.
920 4481 960 4530 26.
977 4496 1003 4542 p.
1024 4495 1062 4531 12.
1079 4485 1097 4530 1.
1117 4497 1157 4532 20.
1191 4483 1427 4532 ‘consul-maris.
1444 4497 1467 4532 c.
1486 4486 1542 4538 285.

368 4575 459 4623 ‘Bell
477 4589 503 4634 p.
522 4588 546 4622 2.
564 4573 604 4621 tit.
623 4585 646 4627 s.
680 4568 1022 4634 ⁷1.19.tit.26.p.2.1.
1044 4587 1082 4635 14.
