<?xml version="1.0" encoding="UTF-8"?>
<!DOCTYPE html PUBLIC "-//W3C//DTD XHTML 1.0 Transitional//EN"
    "http://www.w3.org/TR/xhtml1/DTD/xhtml1-transitional.dtd">
<html xmlns="http://www.w3.org/1999/xhtml" xml:lang="en" lang="en">
 <head>
  <title>
</title>
<meta http-equiv="Content-Type" content="text/html;charset=utf-8" />
  <meta name='ocr-system' content='tesseract 3.04.00' />
  <meta name='ocr-capabilities' content='ocr_page ocr_carea ocr_par ocr_line ocrx_word'/>
</head>
<body>
  <div class='ocr_page' id='page_1' title='image "./ledroitdeprised00hamagoog_0346.png"; bbox 0 0 3536 5692; ppageno 0'>
   <div class='ocr_carea' id='block_1_1' title="bbox 360 645 1234 731">
    <p class='ocr_par' dir='ltr' id='par_1_1' title="bbox 360 645 1234 731">
     <span class='ocr_line' id='line_1_1' title="bbox 360 645 1234 731; baseline 0.013 -25"><span class='ocrx_word' id='word_1_1' title='bbox 360 645 421 723; x_wconf 82' lang='lat'><strong>326</strong></span> <span class='ocrx_word' id='word_1_2' title='bbox 665 665 712 711; x_wconf 86' lang='lat' dir='ltr'><strong>DE</strong></span> <span class='ocrx_word' id='word_1_3' title='bbox 734 667 829 731; x_wconf 72' lang='lat' dir='ltr'><strong>June</strong></span> <span class='ocrx_word' id='word_1_4' title='bbox 856 666 1043 714; x_wconf 83' lang='lat' dir='ltr'><strong>PRAEDAE·</strong></span> <span class='ocrx_word' id='word_1_5' title='bbox 1069 670 1151 716; x_wconf 79' lang='lat' dir='ltr'><strong>CAP·</strong></span> <span class='ocrx_word' id='word_1_6' title='bbox 1176 672 1234 717; x_wconf 81' lang='lat' dir='ltr'><strong>XV.</strong></span> 
     </span>
    </p>
   </div>
   <div class='ocr_carea' id='block_1_2' title="bbox 340 817 1531 4583">
    <p class='ocr_par' dir='ltr' id='par_1_2' title="bbox 340 817 1531 4583">
     <span class='ocr_line' id='line_1_2' title="bbox 356 817 1530 910; baseline 0.011 -29"><span class='ocrx_word' id='word_1_7' title='bbox 356 817 513 899; x_wconf 87' lang='lat' dir='ltr'><strong>perdere,</strong></span> <span class='ocrx_word' id='word_1_8' title='bbox 552 836 743 900; x_wconf 85' lang='lat' dir='ltr'><strong>servamus,</strong></span> <span class='ocrx_word' id='word_1_9' title='bbox 784 821 812 886; x_wconf 94' lang='lat' dir='ltr'><strong>si</strong></span> <span class='ocrx_word' id='word_1_10' title='bbox 847 821 913 906; x_wconf 82' lang='lat' dir='ltr'><strong>jam</strong></span> <span class='ocrx_word' id='word_1_11' title='bbox 946 842 1046 889; x_wconf 88' lang='lat' dir='ltr'><strong>naves</strong></span> <span class='ocrx_word' id='word_1_12' title='bbox 1084 823 1349 908; x_wconf 87' lang='lat' dir='ltr'><strong>Lusitanorum,</strong></span> <span class='ocrx_word' id='word_1_13' title='bbox 1385 843 1530 910; x_wconf 88' lang='lat' dir='ltr'><strong>paratam</strong></span> 
     </span>
     <span class='ocr_line' id='line_1_3' title="bbox 357 927 1531 1023; baseline 0.013 -31"><span class='ocrx_word' id='word_1_14' title='bbox 357 927 483 993; x_wconf 91' lang='lat' dir='ltr'><strong>scilicet</strong></span> <span class='ocrx_word' id='word_1_15' title='bbox 504 929 655 1012; x_wconf 88' lang='lat' dir='ltr'><strong>praedam</strong></span> <span class='ocrx_word' id='word_1_16' title='bbox 679 952 696 996; x_wconf 90' lang='lat' dir='ltr'><strong>e</strong></span> <span class='ocrx_word' id='word_1_17' title='bbox 719 932 918 1000; x_wconf 79' lang='lat' dir='ltr'><strong>batavorum</strong></span> <span class='ocrx_word' id='word_1_18' title='bbox 941 933 1093 1002; x_wconf 89' lang='lat' dir='ltr'><strong>manibus</strong></span> <span class='ocrx_word' id='word_1_19' title='bbox 1117 936 1221 1002; x_wconf 87' lang='lat' dir='ltr'><strong>emitti</strong></span> <span class='ocrx_word' id='word_1_20' title='bbox 1244 937 1413 1020; x_wconf 86' lang='lat' dir='ltr'><strong>viderint,</strong></span> <span class='ocrx_word' id='word_1_21' title='bbox 1449 942 1531 1023; x_wconf 92' lang='lat' dir='ltr'><strong>quid</strong></span> 
     </span>
     <span class='ocr_line' id='line_1_4' title="bbox 357 1039 1531 1127; baseline 0.014 -24"><span class='ocrx_word' id='word_1_22' title='bbox 357 1039 446 1104; x_wconf 89' lang='lat' dir='ltr'><strong>aliud</strong></span> <span class='ocrx_word' id='word_1_23' title='bbox 482 1060 579 1122; x_wconf 88' lang='lat' dir='ltr'><strong>quam</strong></span> <span class='ocrx_word' id='word_1_24' title='bbox 614 1044 713 1108; x_wconf 89' lang='lat' dir='ltr'><strong>latere</strong></span> <span class='ocrx_word' id='word_1_25' title='bbox 745 1044 965 1127; x_wconf 89' lang='lat' dir='ltr'><strong>proditionem</strong></span> <span class='ocrx_word' id='word_1_26' title='bbox 1001 1061 1034 1111; x_wconf 90' lang='lat' dir='ltr'><strong>et</strong></span> <span class='ocrx_word' id='word_1_27' title='bbox 1067 1047 1142 1114; x_wconf 91' lang='lat' dir='ltr'><strong>illos</strong></span> <span class='ocrx_word' id='word_1_28' title='bbox 1177 1048 1263 1114; x_wconf 86' lang='lat' dir='ltr'><strong>inter</strong></span> <span class='ocrx_word' id='word_1_29' title='bbox 1297 1070 1331 1116; x_wconf 94' lang='lat' dir='ltr'><strong>se</strong></span> <span class='ocrx_word' id='word_1_30' title='bbox 1365 1053 1531 1119; x_wconf 90' lang='lat' dir='ltr'><strong>colludere</strong></span> 
     </span>
     <span class='ocr_line' id='line_1_5' title="bbox 357 1153 1528 1241; baseline 0.011 -25"><span class='ocrx_word' id='word_1_31' title='bbox 357 1153 618 1218; x_wconf 78' lang='lat' dir='ltr'><strong>existimabunt?</strong></span> <span class='ocrx_word' id='word_1_32' title='bbox 643 1154 840 1220; x_wconf 88' lang='lat' dir='ltr'><strong>Praestanda</strong></span> <span class='ocrx_word' id='word_1_33' title='bbox 863 1171 913 1222; x_wconf 91' lang='lat' dir='ltr'><strong>est</strong></span> <span class='ocrx_word' id='word_1_34' title='bbox 936 1157 1037 1240; x_wconf 87' lang='lat' dir='ltr'><strong>igitur</strong></span> <span class='ocrx_word' id='word_1_35' title='bbox 1060 1157 1125 1223; x_wconf 92' lang='lat' dir='ltr'><strong>illis</strong></span> <span class='ocrx_word' id='word_1_36' title='bbox 1147 1158 1227 1224; x_wconf 90' lang='lat' dir='ltr'><strong>haec</strong></span> <span class='ocrx_word' id='word_1_37' title='bbox 1255 1159 1359 1241; x_wconf 86' lang='lat' dir='ltr'><strong>fides,</strong></span> <span class='ocrx_word' id='word_1_38' title='bbox 1387 1162 1528 1228; x_wconf 87' lang='lat' dir='ltr'><strong>dandum</strong></span> 
     </span>
     <span class='ocr_line' id='line_1_6' title="bbox 356 1264 1530 1354; baseline 0.01 -26"><span class='ocrx_word' id='word_1_39' title='bbox 356 1264 420 1329; x_wconf 91' lang='lat' dir='ltr'><strong>boc</strong></span> <span class='ocrx_word' id='word_1_40' title='bbox 451 1285 512 1346; x_wconf 88' lang='lat' dir='ltr'><strong>pro</strong></span> <span class='ocrx_word' id='word_1_41' title='bbox 544 1266 686 1331; x_wconf 91' lang='lat' dir='ltr'><strong>amicitia</strong></span> <span class='ocrx_word' id='word_1_42' title='bbox 719 1267 897 1351; x_wconf 84' lang='lat' dir='ltr'><strong>gaudium,</strong></span> <span class='ocrx_word' id='word_1_43' title='bbox 929 1288 990 1351; x_wconf 92' lang='lat' dir='ltr'><strong>pro</strong></span> <span class='ocrx_word' id='word_1_44' title='bbox 1022 1270 1262 1336; x_wconf 85' lang='lat' dir='ltr'><strong>calamitatibus</strong></span> <span class='ocrx_word' id='word_1_45' title='bbox 1292 1273 1469 1354; x_wconf 86' lang='lat' dir='ltr'><strong>solatium,</strong></span> <span class='ocrx_word' id='word_1_46' title='bbox 1492 1291 1530 1341; x_wconf 94' lang='lat' dir='ltr'><strong>ut</strong></span> 
     </span>
     <span class='ocr_line' id='line_1_7' title="bbox 357 1377 1528 1466; baseline 0.01 -26"><span class='ocrx_word' id='word_1_47' title='bbox 357 1395 412 1440; x_wconf 88' lang='lat' dir='ltr'><strong>cos</strong></span> <span class='ocrx_word' id='word_1_48' title='bbox 433 1395 521 1442; x_wconf 91' lang='lat' dir='ltr'><strong>nunc</strong></span> <span class='ocrx_word' id='word_1_49' title='bbox 541 1378 691 1460; x_wconf 90' lang='lat' dir='ltr'><strong>praedam</strong></span> <span class='ocrx_word' id='word_1_50' title='bbox 714 1397 784 1445; x_wconf 91' lang='lat' dir='ltr'><strong>esse</strong></span> <span class='ocrx_word' id='word_1_51' title='bbox 804 1377 959 1460; x_wconf 89' lang='lat' dir='ltr'><strong>videant,</strong></span> <span class='ocrx_word' id='word_1_52' title='bbox 984 1379 1042 1463; x_wconf 91' lang='lat' dir='ltr'><strong>qui</strong></span> <span class='ocrx_word' id='word_1_53' title='bbox 1064 1382 1168 1448; x_wconf 92' lang='lat' dir='ltr'><strong>totius</strong></span> <span class='ocrx_word' id='word_1_54' title='bbox 1188 1383 1302 1448; x_wconf 91' lang='lat' dir='ltr'><strong>mundi</strong></span> <span class='ocrx_word' id='word_1_55' title='bbox 1321 1385 1528 1466; x_wconf 79' lang='lat' dir='ltr'><strong>praedatores</strong></span> 
     </span>
     <span class='ocr_line' id='line_1_8' title="bbox 354 1479 1526 1580; baseline 0.01 -29"><span class='ocrx_word' id='word_1_56' title='bbox 354 1485 455 1552; x_wconf 90' lang='lat' dir='ltr'><strong>fuere.</strong></span> <span class='ocrx_word' id='word_1_57' title='bbox 477 1487 548 1572; x_wconf 90' lang='lat' dir='ltr'><strong>Jam</strong></span> <span class='ocrx_word' id='word_1_58' title='bbox 570 1509 654 1570; x_wconf 88' lang='lat' dir='ltr'><strong>quae</strong></span> <span class='ocrx_word' id='word_1_59' title='bbox 676 1509 715 1554; x_wconf 88' lang='lat' dir='ltr'><strong>ex</strong></span> <span class='ocrx_word' id='word_1_60' title='bbox 736 1489 943 1556; x_wconf 89' lang='lat' dir='ltr'><strong>inimicorum</strong></span> <span class='ocrx_word' id='word_1_61' title='bbox 965 1491 1056 1557; x_wconf 88' lang='lat' dir='ltr'><strong>malis</strong></span> <span class='ocrx_word' id='word_1_62' title='bbox 1077 1493 1208 1576; x_wconf 84' lang='lat' dir='ltr'><strong>proprie</strong></span> <span class='ocrx_word' id='word_1_63' title='bbox 1226 1479 1363 1561; x_wconf 83' lang='lat' dir='ltr'><strong>obvenit</strong></span> <span class='ocrx_word' id='word_1_64' title='bbox 1382 1496 1526 1580; x_wconf 88' lang='lat' dir='ltr'><strong>utilitas,</strong></span> 
     </span>
     <span class='ocr_line' id='line_1_9' title="bbox 355 1600 1526 1689; baseline 0.008 -25"><span class='ocrx_word' id='word_1_65' title='bbox 355 1600 529 1681; x_wconf 88' lang='lat' dir='ltr'><strong>spectanda</strong></span> <span class='ocrx_word' id='word_1_66' title='bbox 562 1615 622 1666; x_wconf 89' lang='lat' dir='ltr'><strong>cst.</strong></span> <span class='ocrx_word' id='word_1_67' title='bbox 669 1601 808 1668; x_wconf 91' lang='lat' dir='ltr'><strong>Hostem</strong></span> <span class='ocrx_word' id='word_1_68' title='bbox 841 1602 909 1668; x_wconf 92' lang='lat' dir='ltr'><strong>illic</strong></span> <span class='ocrx_word' id='word_1_69' title='bbox 933 1604 1054 1669; x_wconf 89' lang='lat' dir='ltr'><strong>habent</strong></span> <span class='ocrx_word' id='word_1_70' title='bbox 1076 1604 1189 1671; x_wconf 79' lang='lat' dir='ltr'><strong>batavi</strong></span> <span class='ocrx_word' id='word_1_71' title='bbox 1214 1607 1364 1689; x_wconf 88' lang='lat' dir='ltr'><strong>(qualem</strong></span> <span class='ocrx_word' id='word_1_72' title='bbox 1388 1606 1526 1673; x_wconf 89' lang='lat' dir='ltr'><strong>Tacitus</strong></span> 
     </span>
     <span class='ocr_line' id='line_1_10' title="bbox 354 1711 1525 1800; baseline 0.008 -25"><span class='ocrx_word' id='word_1_73' title='bbox 354 1711 474 1777; x_wconf 89' lang='lat' dir='ltr'><strong>alicubi</strong></span> <span class='ocrx_word' id='word_1_74' title='bbox 498 1711 672 1796; x_wconf 88' lang='lat' dir='ltr'><strong>describit)</strong></span> <span class='ocrx_word' id='word_1_75' title='bbox 695 1712 840 1780; x_wconf 90' lang='lat' dir='ltr'><strong>adversis</strong></span> <span class='ocrx_word' id='word_1_76' title='bbox 860 1713 1207 1796; x_wconf 89' lang='lat' dir='ltr'><strong>pavidum‚secundis</strong></span> <span class='ocrx_word' id='word_1_77' title='bbox 1228 1735 1295 1782; x_wconf 93' lang='lat' dir='ltr'><strong>non</strong></span> <span class='ocrx_word' id='word_1_78' title='bbox 1319 1717 1446 1800; x_wconf 88' lang='lat' dir='ltr'><strong>divini,</strong></span> <span class='ocrx_word' id='word_1_79' title='bbox 1459 1739 1525 1784; x_wconf 90' lang='lat' dir='ltr'><strong>non</strong></span> 
     </span>
     <span class='ocr_line' id='line_1_11' title="bbox 353 1822 1524 1913; baseline 0.006 -26"><span class='ocrx_word' id='word_1_80' title='bbox 353 1823 487 1887; x_wconf 88' lang='lat' dir='ltr'><strong>humani</strong></span> <span class='ocrx_word' id='word_1_81' title='bbox 521 1822 606 1907; x_wconf 77' lang='lat' dir='ltr'><strong>iuris</strong></span> <span class='ocrx_word' id='word_1_82' title='bbox 636 1843 820 1889; x_wconf 88' lang='lat' dir='ltr'><strong>memorem.</strong></span> <span class='ocrx_word' id='word_1_83' title='bbox 871 1824 1019 1892; x_wconf 87' lang='lat' dir='ltr'><strong>Maxima</strong></span> <span class='ocrx_word' id='word_1_84' title='bbox 1050 1826 1152 1911; x_wconf 87' lang='lat' dir='ltr'><strong>igitur</strong></span> <span class='ocrx_word' id='word_1_85' title='bbox 1182 1827 1308 1894; x_wconf 91' lang='lat' dir='ltr'><strong>utilitas</strong></span> <span class='ocrx_word' id='word_1_86' title='bbox 1340 1830 1420 1894; x_wconf 91' lang='lat' dir='ltr'><strong>haec</strong></span> <span class='ocrx_word' id='word_1_87' title='bbox 1454 1845 1524 1913; x_wconf 88' lang='lat' dir='ltr'><strong>est,</strong></span> 
     </span>
     <span class='ocr_line' id='line_1_12' title="bbox 354 1933 1526 2023; baseline 0.008 -26"><span class='ocrx_word' id='word_1_88' title='bbox 354 1933 446 2016; x_wconf 91' lang='lat' dir='ltr'><strong>quod</strong></span> <span class='ocrx_word' id='word_1_89' title='bbox 476 1933 531 1998; x_wconf 89' lang='lat' dir='ltr'><strong>ille</strong></span> <span class='ocrx_word' id='word_1_90' title='bbox 563 1934 604 1999; x_wconf 87' lang='lat' dir='ltr'><strong>ad</strong></span> <span class='ocrx_word' id='word_1_91' title='bbox 635 1954 791 2000; x_wconf 88' lang='lat' dir='ltr'><strong>occursus</strong></span> <span class='ocrx_word' id='word_1_92' title='bbox 822 1936 1018 2002; x_wconf 87' lang='lat' dir='ltr'><strong>Batavorum</strong></span> <span class='ocrx_word' id='word_1_93' title='bbox 1051 1939 1189 2020; x_wconf 90' lang='lat' dir='ltr'><strong>posthac</strong></span> <span class='ocrx_word' id='word_1_94' title='bbox 1212 1939 1411 2022; x_wconf 87' lang='lat' dir='ltr'><strong>trepidabit,</strong></span> <span class='ocrx_word' id='word_1_95' title='bbox 1436 1941 1526 2023; x_wconf 94' lang='lat' dir='ltr'><strong>quod</strong></span> 
     </span>
     <span class='ocr_line' id='line_1_13' title="bbox 353 2044 1524 2134; baseline 0.007 -26"><span class='ocrx_word' id='word_1_96' title='bbox 353 2044 471 2109; x_wconf 91' lang='lat' dir='ltr'><strong>damno</strong></span> <span class='ocrx_word' id='word_1_97' title='bbox 496 2064 556 2110; x_wconf 90' lang='lat' dir='ltr'><strong>suo</strong></span> <span class='ocrx_word' id='word_1_98' title='bbox 579 2061 765 2112; x_wconf 93' lang='lat' dir='ltr'><strong>commotus</strong></span> <span class='ocrx_word' id='word_1_99' title='bbox 788 2045 1041 2114; x_wconf 87' lang='lat' dir='ltr'><strong>fortissimorum</strong></span> <span class='ocrx_word' id='word_1_100' title='bbox 1071 2049 1217 2114; x_wconf 87' lang='lat' dir='ltr'><strong>virorum</strong></span> <span class='ocrx_word' id='word_1_101' title='bbox 1241 2049 1336 2116; x_wconf 91' lang='lat' dir='ltr'><strong>etiam</strong></span> <span class='ocrx_word' id='word_1_102' title='bbox 1358 2067 1524 2134; x_wconf 89' lang='lat' dir='ltr'><strong>aspectum</strong></span> 
     </span>
     <span class='ocr_line' id='line_1_14' title="bbox 351 2155 1525 2246; baseline 0.005 -24"><span class='ocrx_word' id='word_1_103' title='bbox 351 2155 481 2239; x_wconf 85' lang='lat' dir='ltr'><strong>fugiet,</strong></span> <span class='ocrx_word' id='word_1_104' title='bbox 514 2176 623 2239; x_wconf 82' lang='lat' dir='ltr'><strong>neque</strong></span> <span class='ocrx_word' id='word_1_105' title='bbox 653 2178 755 2224; x_wconf 90' lang='lat' dir='ltr'><strong>naves</strong></span> <span class='ocrx_word' id='word_1_106' title='bbox 783 2177 860 2225; x_wconf 88' lang='lat' dir='ltr'><strong>suas</strong></span> <span class='ocrx_word' id='word_1_107' title='bbox 888 2159 984 2224; x_wconf 90' lang='lat' dir='ltr'><strong>etiam</strong></span> <span class='ocrx_word' id='word_1_108' title='bbox 1003 2162 1113 2242; x_wconf 91' lang='lat' dir='ltr'><strong>plures</strong></span> <span class='ocrx_word' id='word_1_109' title='bbox 1143 2161 1312 2242; x_wconf 90' lang='lat' dir='ltr'><strong>aliquanto</strong></span> <span class='ocrx_word' id='word_1_110' title='bbox 1335 2177 1368 2226; x_wconf 90' lang='lat' dir='ltr'><strong>et</strong></span> <span class='ocrx_word' id='word_1_111' title='bbox 1386 2165 1525 2246; x_wconf 87' lang='lat' dir='ltr'><strong>majores</strong></span> 
     </span>
     <span class='ocr_line' id='line_1_15' title="bbox 352 2268 1522 2353; baseline 0.006 -21"><span class='ocrx_word' id='word_1_112' title='bbox 352 2288 425 2333; x_wconf 91' lang='lat' dir='ltr'><strong>cum</strong></span> <span class='ocrx_word' id='word_1_113' title='bbox 459 2268 667 2334; x_wconf 92' lang='lat' dir='ltr'><strong>Hollandicis</strong></span> <span class='ocrx_word' id='word_1_114' title='bbox 699 2269 833 2335; x_wconf 82' lang='lat' dir='ltr'><strong>audebit</strong></span> <span class='ocrx_word' id='word_1_115' title='bbox 866 2271 1072 2336; x_wconf 89' lang='lat' dir='ltr'><strong>contendere.</strong></span> <span class='ocrx_word' id='word_1_116' title='bbox 1120 2270 1189 2337; x_wconf 87' lang='lat' dir='ltr'><strong>Has</strong></span> <span class='ocrx_word' id='word_1_117' title='bbox 1218 2271 1302 2336; x_wconf 90' lang='lat' dir='ltr'><strong>enim</strong></span> <span class='ocrx_word' id='word_1_118' title='bbox 1329 2271 1412 2338; x_wconf 89' lang='lat' dir='ltr'><strong>sciet</strong></span> <span class='ocrx_word' id='word_1_119' title='bbox 1431 2292 1522 2353; x_wconf 87' lang='lat' dir='ltr'><strong>esse,</strong></span> 
     </span>
     <span class='ocr_line' id='line_1_16' title="bbox 352 2379 1523 2465; baseline 0.005 -21"><span class='ocrx_word' id='word_1_120' title='bbox 352 2380 474 2461; x_wconf 90' lang='lat' dir='ltr'><strong>quibus</strong></span> <span class='ocrx_word' id='word_1_121' title='bbox 508 2382 605 2446; x_wconf 90' lang='lat' dir='ltr'><strong>toties</strong></span> <span class='ocrx_word' id='word_1_122' title='bbox 628 2381 764 2464; x_wconf 89' lang='lat' dir='ltr'><strong>praedae</strong></span> <span class='ocrx_word' id='word_1_123' title='bbox 785 2379 896 2446; x_wconf 89' lang='lat' dir='ltr'><strong>fuerit.</strong></span> <span class='ocrx_word' id='word_1_124' title='bbox 944 2381 1031 2446; x_wconf 90' lang='lat' dir='ltr'><strong>Cum</strong></span> <span class='ocrx_word' id='word_1_125' title='bbox 1064 2382 1166 2465; x_wconf 85' lang='lat' dir='ltr'><strong>igitur</strong></span> <span class='ocrx_word' id='word_1_126' title='bbox 1189 2382 1381 2464; x_wconf 92' lang='lat' dir='ltr'><strong>ubicunque</strong></span> <span class='ocrx_word' id='word_1_127' title='bbox 1404 2384 1523 2450; x_wconf 87' lang='lat' dir='ltr'><strong>classes</strong></span> 
     </span>
     <span class='ocr_line' id='line_1_17' title="bbox 351 2490 1522 2574; baseline 0.005 -20"><span class='ocrx_word' id='word_1_128' title='bbox 351 2491 548 2557; x_wconf 89' lang='lat' dir='ltr'><strong>Batavorum</strong></span> <span class='ocrx_word' id='word_1_129' title='bbox 583 2511 717 2558; x_wconf 85' lang='lat' dir='ltr'><strong>ancoras</strong></span> <span class='ocrx_word' id='word_1_130' title='bbox 751 2490 905 2571; x_wconf 86' lang='lat' dir='ltr'><strong>fixerint,</strong></span> <span class='ocrx_word' id='word_1_131' title='bbox 938 2511 977 2557; x_wconf 93' lang='lat' dir='ltr'><strong>eo</strong></span> <span class='ocrx_word' id='word_1_132' title='bbox 999 2491 1153 2558; x_wconf 87' lang='lat' dir='ltr'><strong>Lusitani</strong></span> <span class='ocrx_word' id='word_1_133' title='bbox 1176 2506 1324 2558; x_wconf 88' lang='lat' dir='ltr'><strong>metuent</strong></span> <span class='ocrx_word' id='word_1_134' title='bbox 1347 2494 1522 2574; x_wconf 88' lang='lat' dir='ltr'><strong>accedere,</strong></span> 
     </span>
     <span class='ocr_line' id='line_1_18' title="bbox 350 2601 1523 2690; baseline 0.003 -24"><span class='ocrx_word' id='word_1_135' title='bbox 350 2623 416 2668; x_wconf 93' lang='lat' dir='ltr'><strong>non</strong></span> <span class='ocrx_word' id='word_1_136' title='bbox 438 2603 579 2668; x_wconf 88' lang='lat' dir='ltr'><strong>tutiores</strong></span> <span class='ocrx_word' id='word_1_137' title='bbox 603 2602 701 2669; x_wconf 89' lang='lat' dir='ltr'><strong>modo</strong></span> <span class='ocrx_word' id='word_1_138' title='bbox 725 2602 773 2668; x_wconf 89' lang='lat' dir='ltr'><strong>illi</strong></span> <span class='ocrx_word' id='word_1_139' title='bbox 797 2617 917 2686; x_wconf 87' lang='lat' dir='ltr'><strong>erunt,</strong></span> <span class='ocrx_word' id='word_1_140' title='bbox 940 2623 1055 2669; x_wconf 88' lang='lat' dir='ltr'><strong>vetum</strong></span> <span class='ocrx_word' id='word_1_141' title='bbox 1079 2601 1176 2668; x_wconf 89' lang='lat' dir='ltr'><strong>etiam</strong></span> <span class='ocrx_word' id='word_1_142' title='bbox 1200 2604 1397 2670; x_wconf 81' lang='lat' dir='ltr'><strong>securiores.</strong></span> <span class='ocrx_word' id='word_1_143' title='bbox 1421 2604 1523 2690; x_wconf 88' lang='lat' dir='ltr'><strong>Quod</strong></span> 
     </span>
     <span class='ocr_line' id='line_1_19' title="bbox 349 2713 1522 2799; baseline 0 -19"><span class='ocrx_word' id='word_1_144' title='bbox 349 2733 426 2780; x_wconf 89' lang='lat' dir='ltr'><strong>sane</strong></span> <span class='ocrx_word' id='word_1_145' title='bbox 450 2713 483 2778; x_wconf 94' lang='lat' dir='ltr'><strong>in</strong></span> <span class='ocrx_word' id='word_1_146' title='bbox 505 2729 630 2797; x_wconf 90' lang='lat' dir='ltr'><strong>partem</strong></span> <span class='ocrx_word' id='word_1_147' title='bbox 660 2715 725 2799; x_wconf 90' lang='lat' dir='ltr'><strong>jam</strong></span> <span class='ocrx_word' id='word_1_148' title='bbox 758 2714 928 2779; x_wconf 90' lang='lat' dir='ltr'><strong>consecuti</strong></span> <span class='ocrx_word' id='word_1_149' title='bbox 955 2729 1056 2794; x_wconf 89' lang='lat' dir='ltr'><strong>sunt,</strong></span> <span class='ocrx_word' id='word_1_150' title='bbox 1079 2715 1346 2796; x_wconf 88' lang='lat' dir='ltr'><strong>praedicantibus</strong></span> <span class='ocrx_word' id='word_1_151' title='bbox 1367 2714 1522 2780; x_wconf 91' lang='lat' dir='ltr'><strong>Indorum</strong></span> 
     </span>
     <span class='ocr_line' id='line_1_20' title="bbox 349 2825 1521 2910; baseline -0.001 -19"><span class='ocrx_word' id='word_1_152' title='bbox 349 2827 480 2910; x_wconf 88' lang='lat' dir='ltr'><strong>regibus</strong></span> <span class='ocrx_word' id='word_1_153' title='bbox 513 2827 692 2893; x_wconf 88' lang='lat' dir='ltr'><strong>Lusitanos</strong></span> <span class='ocrx_word' id='word_1_154' title='bbox 715 2845 781 2893; x_wconf 92' lang='lat' dir='ltr'><strong>non</strong></span> <span class='ocrx_word' id='word_1_155' title='bbox 806 2825 846 2890; x_wconf 91' lang='lat' dir='ltr'><strong>ad</strong></span> <span class='ocrx_word' id='word_1_156' title='bbox 869 2839 1083 2907; x_wconf 87' lang='lat' dir='ltr'><strong>conspectum·</strong></span> <span class='ocrx_word' id='word_1_157' title='bbox 1106 2825 1228 2908; x_wconf 85' lang='lat' dir='ltr'><strong>modo,</strong></span> <span class='ocrx_word' id='word_1_158' title='bbox 1260 2826 1318 2891; x_wconf 92' lang='lat' dir='ltr'><strong>sed</strong></span> <span class='ocrx_word' id='word_1_159' title='bbox 1340 2826 1380 2890; x_wconf 91' lang='lat' dir='ltr'><strong>ad</strong></span> <span class='ocrx_word' id='word_1_160' title='bbox 1403 2845 1521 2892; x_wconf 90' lang='lat' dir='ltr'><strong>nomen</strong></span> 
     </span>
     <span class='ocr_line' id='line_1_21' title="bbox 347 2918 1522 3024; baseline -0.001 -21"><span class='ocrx_word' id='word_1_161' title='bbox 347 2918 445 3003; x_wconf 79' lang='lat' dir='ltr'><strong>¹etiam</strong></span> <span class='ocrx_word' id='word_1_162' title='bbox 478 2937 636 3004; x_wconf 91' lang='lat' dir='ltr'><strong>Hollandi</strong></span> <span class='ocrx_word' id='word_1_163' title='bbox 667 2937 812 3003; x_wconf 92' lang='lat' dir='ltr'><strong>hominis</strong></span> <span class='ocrx_word' id='word_1_164' title='bbox 844 2957 963 3020; x_wconf 88' lang='lat' dir='ltr'><strong>pavere</strong></span> <span class='ocrx_word' id='word_1_165' title='bbox 988 2951 1020 3002; x_wconf 91' lang='lat' dir='ltr'><strong>et</strong></span> <span class='ocrx_word' id='word_1_166' title='bbox 1043 2938 1270 3020; x_wconf 86' lang='lat' dir='ltr'><strong>expallescere.</strong></span> <span class='ocrx_word' id='word_1_167' title='bbox 1315 2937 1408 3024; x_wconf 88' lang='lat' dir='ltr'><strong>Quid</strong></span> <span class='ocrx_word' id='word_1_168' title='bbox 1432 2937 1522 3019; x_wconf 90' lang='lat' dir='ltr'><strong>quod</strong></span> 
     </span>
     <span class='ocr_line' id='line_1_22' title="bbox 348 3036 1521 3132; baseline -0.001 -18"><span class='ocrx_word' id='word_1_169' title='bbox 348 3050 412 3132; x_wconf 92' lang='lat' dir='ltr'><strong>ipsi</strong></span> <span class='ocrx_word' id='word_1_170' title='bbox 432 3050 602 3129; x_wconf 91' lang='lat' dir='ltr'><strong>Lusitani,</strong></span> <span class='ocrx_word' id='word_1_171' title='bbox 622 3070 745 3116; x_wconf 91' lang='lat' dir='ltr'><strong>merces</strong></span> <span class='ocrx_word' id='word_1_172' title='bbox 764 3063 930 3131; x_wconf 91' lang='lat' dir='ltr'><strong>captarum</strong></span> <span class='ocrx_word' id='word_1_173' title='bbox 949 3048 1081 3115; x_wconf 86' lang='lat' dir='ltr'><strong>navium</strong></span> <span class='ocrx_word' id='word_1_174' title='bbox 1102 3049 1135 3114; x_wconf 93' lang='lat' dir='ltr'><strong>in</strong></span> <span class='ocrx_word' id='word_1_175' title='bbox 1155 3047 1327 3116; x_wconf 87' lang='lat' dir='ltr'><strong>Batavicas</strong></span> <span class='ocrx_word' id='word_1_176' title='bbox 1348 3036 1521 3114; x_wconf 80' lang='lat' dir='ltr'><strong>exonerare</strong></span> 
     </span>
     <span class='ocr_line' id='line_1_23' title="bbox 348 3159 1520 3246; baseline -0.001 -19"><span class='ocrx_word' id='word_1_177' title='bbox 348 3162 417 3227; x_wconf 90' lang='lat' dir='ltr'><strong>suis</strong></span> <span class='ocrx_word' id='word_1_178' title='bbox 439 3160 590 3226; x_wconf 90' lang='lat' dir='ltr'><strong>manibus</strong></span> <span class='ocrx_word' id='word_1_179' title='bbox 611 3161 720 3245; x_wconf 86' lang='lat' dir='ltr'><strong>jussi,</strong></span> <span class='ocrx_word' id='word_1_180' title='bbox 750 3160 956 3244; x_wconf 72' lang='lat' dir='ltr'><strong>paruerunt?</strong></span> <span class='ocrx_word' id='word_1_181' title='bbox 1002 3159 1095 3246; x_wconf 90' lang='lat' dir='ltr'><strong>Quid</strong></span> <span class='ocrx_word' id='word_1_182' title='bbox 1119 3161 1210 3242; x_wconf 93' lang='lat' dir='ltr'><strong>quod</strong></span> <span class='ocrx_word' id='word_1_183' title='bbox 1230 3160 1295 3244; x_wconf 90' lang='lat' dir='ltr'><strong>jam</strong></span> <span class='ocrx_word' id='word_1_184' title='bbox 1319 3159 1423 3241; x_wconf 90' lang='lat' dir='ltr'><strong>aliqui</strong></span> <span class='ocrx_word' id='word_1_185' title='bbox 1446 3174 1520 3226; x_wconf 92' lang='lat' dir='ltr'><strong>tuto</strong></span> 
     </span>
     <span class='ocr_line' id='line_1_24' title="bbox 347 3271 1518 3357; baseline 0 -21"><span class='ocrx_word' id='word_1_186' title='bbox 347 3271 521 3356; x_wconf 84' lang='lat' dir='ltr'><strong>navigandi</strong></span> <span class='ocrx_word' id='word_1_187' title='bbox 555 3271 719 3337; x_wconf 89' lang='lat' dir='ltr'><strong>licentiam</strong></span> <span class='ocrx_word' id='word_1_188' title='bbox 741 3293 759 3337; x_wconf 91' lang='lat' dir='ltr'><strong>a</strong></span> <span class='ocrx_word' id='word_1_189' title='bbox 783 3271 915 3338; x_wconf 84' lang='lat' dir='ltr'><strong>Ratavis</strong></span> <span class='ocrx_word' id='word_1_190' title='bbox 946 3272 1077 3338; x_wconf 88' lang='lat' dir='ltr'><strong>mercati</strong></span> <span class='ocrx_word' id='word_1_191' title='bbox 1106 3271 1209 3336; x_wconf 74' lang='lat' dir='ltr'><strong>sunt?</strong></span> <span class='ocrx_word' id='word_1_192' title='bbox 1255 3271 1367 3357; x_wconf 90' lang='lat' dir='ltr'><strong>Quare</strong></span> <span class='ocrx_word' id='word_1_193' title='bbox 1391 3285 1518 3336; x_wconf 91' lang='lat' dir='ltr'><strong>etcum</strong></span> 
     </span>
     <span class='ocr_line' id='line_1_25' title="bbox 347 3381 1519 3465; baseline -0.001 -18"><span class='ocrx_word' id='word_1_194' title='bbox 347 3397 412 3447; x_wconf 92' lang='lat' dir='ltr'><strong>tam</strong></span> <span class='ocrx_word' id='word_1_195' title='bbox 441 3402 583 3465; x_wconf 91' lang='lat' dir='ltr'><strong>pronum</strong></span> <span class='ocrx_word' id='word_1_196' title='bbox 610 3382 773 3448; x_wconf 91' lang='lat' dir='ltr'><strong>videbunt</strong></span> <span class='ocrx_word' id='word_1_197' title='bbox 796 3401 866 3448; x_wconf 90' lang='lat' dir='ltr'><strong>esse</strong></span> <span class='ocrx_word' id='word_1_198' title='bbox 889 3382 1019 3448; x_wconf 91' lang='lat' dir='ltr'><strong>Batavis</strong></span> <span class='ocrx_word' id='word_1_199' title='bbox 1042 3384 1096 3448; x_wconf 92' lang='lat' dir='ltr'><strong>vel</strong></span> <span class='ocrx_word' id='word_1_200' title='bbox 1118 3381 1288 3448; x_wconf 89' lang='lat' dir='ltr'><strong>maximam</strong></span> <span class='ocrx_word' id='word_1_201' title='bbox 1313 3381 1519 3464; x_wconf 89' lang='lat' dir='ltr'><strong>captiuorum</strong></span> 
     </span>
     <span class='ocr_line' id='line_1_26' title="bbox 346 3493 1519 3577; baseline -0.002 -17"><span class='ocrx_word' id='word_1_202' title='bbox 346 3495 474 3560; x_wconf 88' lang='lat' dir='ltr'><strong>turbam</strong></span> <span class='ocrx_word' id='word_1_203' title='bbox 508 3494 676 3576; x_wconf 83' lang='lat' dir='ltr'><strong>narrcisci,</strong></span> <span class='ocrx_word' id='word_1_204' title='bbox 710 3493 743 3559; x_wconf 92' lang='lat' dir='ltr'><strong>in</strong></span> <span class='ocrx_word' id='word_1_205' title='bbox 776 3514 831 3560; x_wconf 92' lang='lat' dir='ltr'><strong>eos</strong></span> <span class='ocrx_word' id='word_1_206' title='bbox 864 3515 949 3577; x_wconf 93' lang='lat' dir='ltr'><strong>quos</strong></span> <span class='ocrx_word' id='word_1_207' title='bbox 981 3495 1067 3560; x_wconf 87' lang='lat' dir='ltr'><strong>forte</strong></span> <span class='ocrx_word' id='word_1_208' title='bbox 1099 3510 1211 3561; x_wconf 91' lang='lat' dir='ltr'><strong>contra</strong></span> <span class='ocrx_word' id='word_1_209' title='bbox 1245 3493 1390 3577; x_wconf 90' lang='lat' dir='ltr'><strong>ceperint</strong></span> <span class='ocrx_word' id='word_1_210' title='bbox 1411 3493 1519 3559; x_wconf 89' lang='lat' dir='ltr'><strong>minus</strong></span> 
     </span>
     <span class='ocr_line' id='line_1_27' title="bbox 344 3605 1518 3688; baseline -0.006 -14"><span class='ocrx_word' id='word_1_211' title='bbox 344 3608 514 3674; x_wconf 89' lang='lat' dir='ltr'><strong>audebunt</strong></span> <span class='ocrx_word' id='word_1_212' title='bbox 536 3605 683 3687; x_wconf 84' lang='lat' dir='ltr'><strong>saevire,</strong></span> <span class='ocrx_word' id='word_1_213' title='bbox 708 3607 866 3688; x_wconf 90' lang='lat' dir='ltr'><strong>quodque</strong></span> <span class='ocrx_word' id='word_1_214' title='bbox 879 3605 1049 3672; x_wconf 81' lang='lat' dir='ltr'><strong>beneficiis</strong></span> <span class='ocrx_word' id='word_1_215' title='bbox 1062 3606 1192 3672; x_wconf 91' lang='lat' dir='ltr'><strong>invitati</strong></span> <span class='ocrx_word' id='word_1_216' title='bbox 1205 3605 1314 3671; x_wconf 88' lang='lat' dir='ltr'><strong>facere</strong></span> <span class='ocrx_word' id='word_1_217' title='bbox 1326 3607 1518 3682; x_wconf 87' lang='lat' dir='ltr'><strong>noluerunt,</strong></span> 
     </span>
     <span class='ocr_line' id='line_1_28' title="bbox 342 3717 1518 3804; baseline -0.003 -20"><span class='ocrx_word' id='word_1_218' title='bbox 342 3719 377 3785; x_wconf 89' lang='lat' dir='ltr'><strong>id</strong></span> <span class='ocrx_word' id='word_1_219' title='bbox 395 3719 500 3786; x_wconf 89' lang='lat' dir='ltr'><strong>facete</strong></span> <span class='ocrx_word' id='word_1_220' title='bbox 519 3734 679 3804; x_wconf 87' lang='lat' dir='ltr'><strong>cogentur</strong></span> <span class='ocrx_word' id='word_1_221' title='bbox 698 3734 787 3784; x_wconf 90' lang='lat' dir='ltr'><strong>metu</strong></span> <span class='ocrx_word' id='word_1_222' title='bbox 807 3717 949 3784; x_wconf 89' lang='lat' dir='ltr'><strong>talionis.</strong></span> <span class='ocrx_word' id='word_1_223' title='bbox 978 3718 1146 3784; x_wconf 86' lang='lat' dir='ltr'><strong>Praeterea</strong></span> <span class='ocrx_word' id='word_1_224' title='bbox 1164 3719 1302 3801; x_wconf 90' lang='lat' dir='ltr'><strong>posthac</strong></span> <span class='ocrx_word' id='word_1_225' title='bbox 1313 3731 1369 3782; x_wconf 93' lang='lat' dir='ltr'><strong>aut</strong></span> <span class='ocrx_word' id='word_1_226' title='bbox 1379 3717 1518 3782; x_wconf 91' lang='lat' dir='ltr'><strong>similem</strong></span> 
     </span>
     <span class='ocr_line' id='line_1_29' title="bbox 341 3828 1517 3916; baseline -0.003 -18"><span class='ocrx_word' id='word_1_227' title='bbox 341 3833 493 3916; x_wconf 85' lang='lat' dir='ltr'><strong>praedam</strong></span> <span class='ocrx_word' id='word_1_228' title='bbox 517 3831 622 3897; x_wconf 88' lang='lat' dir='ltr'><strong>hostis</strong></span> <span class='ocrx_word' id='word_1_229' title='bbox 641 3830 797 3912; x_wconf 90' lang='lat' dir='ltr'><strong>debebit,</strong></span> <span class='ocrx_word' id='word_1_230' title='bbox 823 3830 909 3895; x_wconf 91' lang='lat' dir='ltr'><strong>unde</strong></span> <span class='ocrx_word' id='word_1_231' title='bbox 928 3829 1105 3912; x_wconf 91' lang='lat' dir='ltr'><strong>plurimum</strong></span> <span class='ocrx_word' id='word_1_232' title='bbox 1124 3829 1278 3895; x_wconf 84' lang='lat' dir='ltr'><strong>utilitatis</strong></span> <span class='ocrx_word' id='word_1_233' title='bbox 1296 3828 1330 3893; x_wconf 91' lang='lat' dir='ltr'><strong>in</strong></span> <span class='ocrx_word' id='word_1_234' title='bbox 1348 3828 1517 3911; x_wconf 89' lang='lat' dir='ltr'><strong>publicum</strong></span> 
     </span>
     <span class='ocr_line' id='line_1_30' title="bbox 343 3939 1519 4027; baseline -0.002 -19"><span class='ocrx_word' id='word_1_235' title='bbox 343 3964 379 4009; x_wconf 91' lang='lat' dir='ltr'><strong>ac</strong></span> <span class='ocrx_word' id='word_1_236' title='bbox 403 3944 566 4027; x_wconf 91' lang='lat' dir='ltr'><strong>privatum</strong></span> <span class='ocrx_word' id='word_1_237' title='bbox 600 3942 705 4008; x_wconf 89' lang='lat' dir='ltr'><strong>redire</strong></span> <span class='ocrx_word' id='word_1_238' title='bbox 737 3943 840 4024; x_wconf 89' lang='lat' dir='ltr'><strong>palam</strong></span> <span class='ocrx_word' id='word_1_239' title='bbox 874 3955 946 4021; x_wconf 91' lang='lat' dir='ltr'><strong>est,</strong></span> <span class='ocrx_word' id='word_1_240' title='bbox 979 3955 1036 4005; x_wconf 90' lang='lat' dir='ltr'><strong>aut</strong></span> <span class='ocrx_word' id='word_1_241' title='bbox 1068 3943 1107 4006; x_wconf 92' lang='lat' dir='ltr'><strong>ab</strong></span> <span class='ocrx_word' id='word_1_242' title='bbox 1130 3940 1358 4025; x_wconf 86' lang='lat' dir='ltr'><strong>oppugnandis</strong></span> <span class='ocrx_word' id='word_1_243' title='bbox 1382 3939 1454 4005; x_wconf 89' lang='lat' dir='ltr'><strong>aliis</strong></span> <span class='ocrx_word' id='word_1_244' title='bbox 1477 3940 1519 4006; x_wconf 90' lang='lat' dir='ltr'><strong>ad</strong></span> 
     </span>
     <span class='ocr_line' id='line_1_31' title="bbox 340 4050 1518 4134; baseline -0.004 -13"><span class='ocrx_word' id='word_1_245' title='bbox 340 4076 376 4121; x_wconf 90' lang='lat' dir='ltr'><strong>se</strong></span> <span class='ocrx_word' id='word_1_246' title='bbox 399 4055 559 4121; x_wconf 89' lang='lat' dir='ltr'><strong>tuendum</strong></span> <span class='ocrx_word' id='word_1_247' title='bbox 587 4073 765 4120; x_wconf 87' lang='lat' dir='ltr'><strong>conversus</strong></span> <span class='ocrx_word' id='word_1_248' title='bbox 796 4053 1010 4134; x_wconf 90' lang='lat' dir='ltr'><strong>compelletur</strong></span> <span class='ocrx_word' id='word_1_249' title='bbox 1034 4052 1220 4119; x_wconf 87' lang='lat' dir='ltr'><strong>innumeras</strong></span> <span class='ocrx_word' id='word_1_250' title='bbox 1243 4053 1361 4117; x_wconf 87' lang='lat' dir='ltr'><strong>habere</strong></span> <span class='ocrx_word' id='word_1_251' title='bbox 1385 4071 1442 4133; x_wconf 92' lang='lat' dir='ltr'><strong>per</strong></span> <span class='ocrx_word' id='word_1_252' title='bbox 1464 4050 1518 4116; x_wconf 77' lang='lat' dir='ltr'><strong>In-</strong></span> 
     </span>
     <span class='ocr_line' id='line_1_32' title="bbox 341 4162 1518 4262; baseline -0.004 -30"><span class='ocrx_word' id='word_1_253' title='bbox 341 4167 427 4232; x_wconf 90' lang='lat' dir='ltr'><strong>diam</strong></span> <span class='ocrx_word' id='word_1_254' title='bbox 449 4165 674 4262; x_wconf 80' lang='lat' dir='ltr'><strong>praesidiarias</strong></span> <span class='ocrx_word' id='word_1_255' title='bbox 697 4183 819 4246; x_wconf 88' lang='lat' dir='ltr'><strong>naves,</strong></span> <span class='ocrx_word' id='word_1_256' title='bbox 851 4163 998 4229; x_wconf 92' lang='lat' dir='ltr'><strong>colonias</strong></span> <span class='ocrx_word' id='word_1_257' title='bbox 1025 4181 1101 4230; x_wconf 91' lang='lat' dir='ltr'><strong>suas</strong></span> <span class='ocrx_word' id='word_1_258' title='bbox 1124 4163 1252 4229; x_wconf 86' lang='lat' dir='ltr'><strong>firmare</strong></span> <span class='ocrx_word' id='word_1_259' title='bbox 1274 4162 1518 4228; x_wconf 91' lang='lat' dir='ltr'><strong>munitionibus</strong></span> 
     </span>
     <span class='ocr_line' id='line_1_33' title="bbox 341 4275 1516 4360; baseline -0.004 -17"><span class='ocrx_word' id='word_1_260' title='bbox 341 4292 373 4344; x_wconf 89' lang='lat' dir='ltr'><strong>et</strong></span> <span class='ocrx_word' id='word_1_261' title='bbox 395 4277 487 4360; x_wconf 93' lang='lat' dir='ltr'><strong>quod</strong></span> <span class='ocrx_word' id='word_1_262' title='bbox 517 4276 784 4342; x_wconf 90' lang='lat' dir='ltr'><strong>molestissimum</strong></span> <span class='ocrx_word' id='word_1_263' title='bbox 817 4290 887 4355; x_wconf 82' lang='lat' dir='ltr'><strong>est,</strong></span> <span class='ocrx_word' id='word_1_264' title='bbox 917 4275 1031 4340; x_wconf 88' lang='lat' dir='ltr'><strong>eodem</strong></span> <span class='ocrx_word' id='word_1_265' title='bbox 1055 4290 1201 4357; x_wconf 89' lang='lat' dir='ltr'><strong>tempore</strong></span> <span class='ocrx_word' id='word_1_266' title='bbox 1223 4276 1341 4340; x_wconf 90' lang='lat' dir='ltr'><strong>babere</strong></span> <span class='ocrx_word' id='word_1_267' title='bbox 1364 4287 1516 4356; x_wconf 91' lang='lat' dir='ltr'><strong>suspecta</strong></span> 
     </span>
     <span class='ocr_line' id='line_1_34' title="bbox 340 4385 1516 4469; baseline -0.002 -15"><span class='ocrx_word' id='word_1_268' title='bbox 340 4389 458 4454; x_wconf 91' lang='lat' dir='ltr'><strong>omnia.</strong></span> <span class='ocrx_word' id='word_1_269' title='bbox 514 4389 575 4453; x_wconf 88' lang='lat' dir='ltr'><strong>Per</strong></span> <span class='ocrx_word' id='word_1_270' title='bbox 609 4403 660 4452; x_wconf 94' lang='lat' dir='ltr'><strong>tot</strong></span> <span class='ocrx_word' id='word_1_271' title='bbox 691 4401 865 4469; x_wconf 88' lang='lat' dir='ltr'><strong>tantosque</strong></span> <span class='ocrx_word' id='word_1_272' title='bbox 897 4402 1026 4452; x_wconf 90' lang='lat' dir='ltr'><strong>sumtus</strong></span> <span class='ocrx_word' id='word_1_273' title='bbox 1059 4401 1092 4451; x_wconf 91' lang='lat' dir='ltr'><strong>et</strong></span> <span class='ocrx_word' id='word_1_274' title='bbox 1122 4385 1324 4469; x_wconf 84' lang='lat' dir='ltr'><strong>privatorum</strong></span> <span class='ocrx_word' id='word_1_275' title='bbox 1361 4399 1516 4467; x_wconf 90' lang='lat' dir='ltr'><strong>quaestus</strong></span> 
     </span>
     <span class='ocr_line' id='line_1_35' title="bbox 340 4496 1514 4583; baseline -0.005 -17"><span class='ocrx_word' id='word_1_276' title='bbox 340 4501 445 4568; x_wconf 89' lang='lat' dir='ltr'><strong>omnis</strong></span> <span class='ocrx_word' id='word_1_277' title='bbox 468 4501 697 4582; x_wconf 82' lang='lat' dir='ltr'><strong>exhaurietur,</strong></span> <span class='ocrx_word' id='word_1_278' title='bbox 709 4515 741 4566; x_wconf 91' lang='lat' dir='ltr'><strong>et</strong></span> <span class='ocrx_word' id='word_1_279' title='bbox 760 4499 823 4583; x_wconf 89' lang='lat' dir='ltr'><strong>ipsi</strong></span> <span class='ocrx_word' id='word_1_280' title='bbox 836 4512 995 4582; x_wconf 91' lang='lat' dir='ltr'><strong>perpetuo</strong></span> <span class='ocrx_word' id='word_1_281' title='bbox 1006 4497 1166 4564; x_wconf 88' lang='lat' dir='ltr'><strong>libertatis</strong></span> <span class='ocrx_word' id='word_1_282' title='bbox 1177 4497 1317 4565; x_wconf 88' lang='lat' dir='ltr'><strong>Batavae</strong></span> <span class='ocrx_word' id='word_1_283' title='bbox 1328 4496 1514 4563; x_wconf 89' lang='lat' dir='ltr'><strong>adversario</strong></span> 
     </span>
    </p>
   </div>
   <div class='ocr_carea' id='block_1_3' title="bbox 0 0 1772 5692">
    <p class='ocr_par' dir='ltr' id='par_1_3' title="bbox 0 0 1772 5692">
     <span class='ocr_line' id='line_1_36' title="bbox 0 0 1772 5692; baseline 0 6"><span class='ocrx_word' id='word_1_284' title='bbox 0 0 1772 5692; x_wconf 95' lang='lat' dir='ltr'><strong> </strong></span> 
     </span>
    </p>
   </div>
  </div>
 </body>
</html>
