3552 5654
347 617 385 678 88
633 628 678 674 nrt
701 626 794 692 June
822 625 1005 672 russone.
1029 625 1111 672 cnr.
1136 627 1224 672 v111.

346 783 431 851 enirn
462 797 512 849 est
541 782 633 864 quod
660 794 774 848 vetant
803 780 899 864 jura,
922 777 1068 862 privatos
1097 779 1216 848 habere
1240 801 1382 849 carceres
1402 795 1424 849 ¹.
1469 785 1519 850 Ut

345 913 424 960 vero
454 891 609 960 continua
632 892 675 960 sit
694 891 811 978 judicii
833 889 969 975 penuria
990 890 1165 975 dupliciter
1191 893 1379 978 contingere
1399 895 1519 961 volunt

346 1005 497 1072 doctores
515 1001 551 1086 ¹,
569 1005 642 1088 [ure
663 1017 696 1070 et
715 1003 814 1070 facto.
854 1002 957 1088 Jure,
982 1003 1009 1069 si
1032 1023 1129 1071 nemo
1150 1003 1184 1070 in
1204 1004 1261 1070 illo
1282 1007 1356 1072 loco
1365 1005 1518 1090 jurisdic-

345 1116 467 1182 tionem
499 1115 639 1196 habeat,
663 1114 755 1198 quod
783 1115 817 1180 in
843 1113 939 1180 terris
968 1114 1103 1182 desertis
1133 1130 1165 1182 et
1196 1115 1313 1182 insulis
1336 1130 1369 1182 et
1397 1136 1518 1183 oceano

348 1242 380 1292 et
401 1225 507 1292 sicubi
526 1240 683 1292 terrarum
713 1225 782 1292 sine
804 1226 971 1310 republica
999 1226 1148 1310 vivitur,
1171 1227 1294 1311 poterit
1320 1227 1518 1312 contingere.

347 1337 473 1419 Facto,
497 1337 555 1405 ubi
575 1337 604 1404 is
626 1337 666 1404 ad
689 1357 785 1420 quem
804 1335 991 1421 jurisdictio
1014 1337 1155 1422 pertinet
1175 1353 1231 1406 aut
1250 1359 1268 1404 a
1291 1338 1432 1406 subditis
1451 1357 1518 1405 non

348 1449 502 1530 auditur,
525 1463 582 1517 aut
603 1447 784 1534 cognitioni
806 1467 873 1516 non
894 1462 988 1516 vacat
1006 1444 1028 1516 '.
1074 1448 1138 1518 His
1161 1449 1290 1516 casibus
1312 1469 1352 1516 eo
1374 1448 1440 1516 fere
1462 1449 1519 1516 de-

347 1559 502 1641 venitur,
525 1580 593 1643 quo
614 1559 741 1626 inloco
762 1574 947 1641 reserant,
971 1575 1143 1643 antequam
1166 1559 1348 1644 respublica
1371 1575 1404 1626 et
1429 1559 1520 1647 judi·

349 1670 398 1736 cia
420 1671 667 1737 instituerentur
685 1667 721 1751 ⁴,
744 1685 783 1736 ut
802 1684 888 1736 recte
912 1669 992 1737 dicit
1017 1670 1202 1738 Castrensis
1221 1676 1244 1738 ⁸.
1290 1671 1388 1738 Tunc
1411 1686 1517 1738 autem

351 1781 530 1847 secundum
565 1801 623 1850 sex
655 1782 812 1849 duntaxat
842 1783 954 1868 leges,
986 1802 1068 1865 quas
1099 1783 1194 1849 initio
1225 1783 1417 1866 posuimus,
1437 1783 1522 1849 inter

351 1893 499 1960 homines
522 1895 695 1980 agebatur:
719 1893 795 1960 hinc
818 1912 913 1960 omne
934 1894 989 1977 jus
1012 1909 1045 1959 et
1063 1893 1146 1978 juris
1169 1893 1520 1976 quisquesuiexsecu·

349 2019 419 2070 tor:
444 2004 536 2087 quod
557 2004 746 2070 naturaliter
768 2003 956 2088 contingere
979 2004 1121 2070 diximus
1148 2019 1180 2070 et
1202 2005 1376 2072 animantia
1398 2019 1519 2072 caetera

350 2133 411 2180 nos
432 2115 552 2182 docent
570 2117 593 2182 ⁸.
638 2115 703 2182 Ista
723 2113 823 2200 igitur
847 2114 953 2198 specie
976 2134 1043 2182 non
1065 2135 1099 2182 se
1128 2116 1284 2182 duntaxat
1305 2133 1422 2198 resque
1445 2135 1521 2183 suas

190 2247 338 2295 Panum.
350 2225 457 2307 tueri,
480 2226 538 2292 sed
560 2240 593 2293 et
614 2245 665 2292 res
694 2245 881 2309 recuperare
905 2225 1055 2308 quamvis
1078 2225 1271 2312 longissimo
1294 2226 1465 2294 intervallo
1488 2240 1521 2293 et

351 2358 390 2405 ex
410 2358 445 2404 re
466 2336 623 2403 debitoris
647 2337 709 2404 sibi
728 2338 855 2404 solvere
876 2336 1000 2404 licebit.

392 2447 519 2514 Tribus
544 2447 645 2532 igitur
672 2468 713 2514 ex
737 2447 844 2513 causis
869 2468 999 2529 earum,
1027 2467 1109 2531 quas
1133 2467 1231 2532 supra
1247 2463 1389 2532 quatuor
1407 2468 1522 2516 nume·

349 2558 514 2639 ravimus,
557 2558 722 2642 privatum
752 2559 874 2624 bellum
901 2560 1028 2644 justum
1056 2557 1259 2643 oriri‘posse
1294 2559 1380 2626 inter
1409 2579 1522 2627 omnes

349 2683 496 2735 constare
524 2669 635 2736 vide0.
681 2669 801 2736 Restat
820 2685 956 2753 quarta,
990 2690 1029 2736 ex
1057 2669 1228 2737 maleficio.
1274 2670 1320 2737 Et
1342 2671 1422 2737 haec
1441 2691 1521 2753 qua·

348 2796 445 2848 tenus
473 2781 514 2847 ad
538 2779 778 2847 restitutionem
799 2781 885 2864 parti
907 2783 1010 2848 laesae
1031 2779 1209 2848 faciendam
1228 2796 1355 2848 tantum
1376 2782 1522 2868 obligat,

350 2893 431 2975 quin
460 2913 557 2959 causa
585 2912 655 2959 esse
682 2891 788 2976 possit
817 2894 905 2977 justa
934 2892 1012 2958 belli
1032 2892 1151 2975 privati
1174 2892 1334 2958 neminem
1356 2907 1439 2976 puto
1462 2893 1523 2958 du-

348 3003 538 3069 bitaturum.
562 3001 636 3067 Nec
655 3002 740 3067 enim
759 3001 867 3068 minus
884 3002 968 3086 juris
988 3003 1069 3069 mihi
1090 3017 1139 3070 est
1157 3004 1200 3070 ob
1219 3003 1370 3070 damnum
1390 3004 1522 3084 datum,

350 3126 508 3195 quantum
529 3111 664 3178 interest
685 3111 834 3197 exigere,
857 3133 955 3195 quam
976 3129 1033 3181 aut
1053 3134 1120 3180 rem
1141 3134 1244 3180 meam
1264 3129 1320 3180 aut
1338 3115 1402 3181 alio
1422 3114 1521 3180 modo

349 3223 490 3290 debitam
515 3241 696 3306 reposcere.
717 3223 770 3289 De
794 3243 832 3289 eo
853 3223 1017 3290 difficilius
1038 3240 1088 3292 est
1107 3239 1273 3306 statuere,
1296 3245 1336 3292 an
1357 3226 1426 3292 ullo
1445 3243 1522 3292 casu

351 3411 539 3422 --——---—

384 3529 392 3561 ¹
412 3531 442 3578 C.
460 3532 491 3578 de
511 3529 579 3590 priv.
601 3543 668 3578 carc.
685 3529 765 3578 inhib.
785 3527 829 3593 [C.
848 3543 873 3592 9.
895 3527 931 3592 5·]
950 3539 998 3577 tot.
1017 3527 1057 3576 tit.
1074 3528 1140 3576 Bart.
1160 3529 1184 3578 d.
1206 3530 1276 3589 loco.
1309 3525 1406 3578 ’liert
1430 3530 1461 3579 de
1483 3542 1521 3577 re·

349 3635 429 3683 ptest.
448 3622 479 3671 ad
497 3621 578 3681 quint.
598 3621 624 3670 in
642 3635 665 3669 a.
682 3622 764 3682 princ.
789 3621 850 3670 silv.
874 3621 901 3669 in
924 3635 950 3669 v.
974 3621 1096 3680 Repress.
1116 3621 1135 3680 5.
1154 3632 1177 3677 5.
1211 3619 1309 3668 ³Ba1d
1331 3619 1399 3667 ind.
1417 3621 1434 3668 l.
1455 3633 1476 3668 1.
1491 3593 1521 3667 C:

349 3715 416 3761 unde
431 3713 467 3762 vi.
486 3713 529 3774 [C.
545 3715 604 3773 8.4.
622 3712 656 3774 1.]
675 3726 701 3761 n.
716 3725 757 3774 45.
791 3709 902 3772 ⁴arg.l.
917 3724 941 3758 a.
961 3712 1053 3771 §.post
1071 3710 1134 3771 orig.
1152 3709 1178 3759 ff.
1193 3711 1224 3760 de
1240 3710 1304 3770 orig.
1321 3708 1370 3766 jur.
1389 3710 1432 3771 [D.
1458 3723 1480 3758 1.
1499 3721 1522 3757 a.

350 3817 373 3852 a.
395 3801 490 3868 §.13.]
525 3801 585 3853 ‘ad
602 3805 619 3852 l.
635 3816 668 3852 ex
684 3805 735 3852 hoc
754 3801 810 3860 jure
826 3802 852 3851 ff.
874 3799 982 3858 deiust.
1003 3813 1028 3849 et
1046 3799 1110 3858 iure.
1130 3799 1173 3865 [D.
1195 3815 1216 3850 1.
1236 3813 1257 3848 1.
1279 3801 1314 3862 5.]
1334 3811 1359 3849 et
1376 3813 1447 3849 cons.
1466 3811 1522 3862 ³99.

348 3893 495 3956 priusquam
514 3891 570 3950 iura
590 3893 690 3943 fierent.
723 3892 734 3926 ⁸
751 3895 769 3942 1.
791 3908 813 3943 1.
830 3893 851 3956 S.
870 3903 928 3942 cnm
945 3890 1125 3941 uriacensi
1145 3893 1287 3951 quadrupes
1310 3891 1353 3953 [D.
1371 3904 1395 3953 9.
1416 3904 1438 3939 1.
1462 3903 1483 3938 1.
1500 3890 1521 3952 ς.

351 3983 401 4049 tn]
421 3987 498 4034 Mart.
510 3986 588 4034 Laud.
606 3987 637 4033 de
651 3985 729 4033 bello.
747 3998 772 4044 q.
788 3996 809 4040 5.
828 3984 855 4032 in
871 3981 931 4032 fine.
948 3983 1016 4031 Bart.
1032 3983 1064 4032 ad
1082 3983 1137 4031 dl.
1155 3995 1187 4030 ex
1203 3985 1254 4031 hoc
1270 3980 1325 4039 iure
1345 3982 1388 4044 [D.
1406 3994 1427 4030 1.
1448 3994 1469 4030 1.
1485 3980 1520 4043 s.]

348 4087 374 4124 et
393 4076 430 4125 ibi
446 4078 496 4140 Jas.
517 4090 542 4126 n.
565 4079 605 4134 511.
627 4077 667 4125 Gl.
684 4075 710 4124 in
728 4077 745 4123 l.
767 4075 788 4123 si
803 4075 875 4124 alius.
892 4075 914 4136 §.
930 4074 1079 4125 bellissime.
1096 4073 1121 4122 fl.
1134 4074 1205 4134 quod
1222 4071 1249 4121 vi
1266 4083 1308 4120 aut
1330 4073 1402 4120 clam.
1421 4071 1465 4132 [D.
1482 4082 1523 4133 45.

350 4180 391 4227 24.
407 4178 430 4224 7.
444 4170 466 4226 5.
479 4167 515 4228 5.]
534 4169 600 4215 Bart.
618 4166 643 4215 in
661 4168 678 4214 l.
692 4168 786 4215 hostes.
805 4165 831 4214 ff.
848 4167 962 4226 decept.
981 4166 1025 4227 [D.
1042 4177 1085 4227 49.
1106 4174 1144 4219 15.
1162 4162 1214 4224 aa]
1234 4163 1288 4210 lntt.
1305 4162 1331 4211 in
1349 4175 1371 4211 c.
1388 4158 1523 4222 postulasti

350 4259 381 4306 de
396 4256 454 4305 foro
469 4269 553 4317 comp.
573 4258 713 4319 [Decretal.
729 4270 751 4305 a.
768 4270 792 4305 a.
810 4254 860 4320 14]
881 4268 906 4305 et
924 4256 950 4305 in
966 4258 991 4306 d.
1009 4269 1032 4304 c.
1047 4254 1118 4304 olim.
1135 4267 1160 4302 n.
1177 4268 1201 4316 9.
1216 4251 1297 4310 Caiet.
1311 4255 1343 4302 ad
1354 4253 1444 4300 Thom.
1462 4265 1485 4300 a.
1500 4265 1523 4302 2.

350 4362 375 4407 q.
395 4348 435 4396 66.
454 4359 500 4396 art.
519 4359 541 4404 5.
559 4349 592 4396 ad
606 4359 664 4396 tert.
681 4349 740 4395 Pan.
756 4347 783 4395 ln
799 4360 822 4395 c.
841 4347 911 4396 olins.
931 4361 956 4395 n.
976 4359 1016 4404 55.
1034 4345 1096 4395 silv.
1115 4345 1142 4393 ln
1156 4359 1182 4394 v.
1200 4345 1302 4392 Furtum
1317 4357 1342 4403 q.
1360 4354 1399 4402 17.
1414 4354 1439 4391 et
1456 4342 1483 4391 in
1497 4357 1523 4391 v.

349 4438 447 4486 Bellum
465 4452 488 4486 a.
512 4441 533 4497 5.
554 4451 592 4496 15.
610 4439 641 4486 V.
658 4439 782 4486 Menoch.
799 4437 894 4486 Arbitr.
908 4435 962 4494 iud.
975 4447 1071 4498 quaest.
1086 4449 1146 4485 ertu
1162 4436 1217 4492 516.
1235 4433 1279 4483 ubi
1294 4433 1417 4494 plurimos
1434 4435 1523 4493 allegat

353 4529 488 4589 theologos
506 4540 531 4576 et
546 4527 764 4586 jurisconsultos.
