3530 5656
542 681 589 731 ott
613 679 707 749 June
733 679 921 728 suntuna.
945 679 1028 726 cnr.
1052 678 1109 726 111.
1371 674 1413 741 35

237 843 281 910 ris
300 843 352 910 sui
370 809 494 924 partem
514 839 548 906 in
567 858 606 905 eo
616 848 887 916 consumserunt,
911 848 949 899 ut
959 832 1099 917 praemia
1108 831 1269 914 fortibus,
1293 851 1412 916 poenas

236 953 364 1042 ignavis
384 953 608 1019 decernerent.
653 949 700 1015 Et
718 945 985 1031 quandoquidem
1002 948 1057 1031 jus
1080 947 1266 1011 Romanum
1286 942 1412 1027 imperii

236 1064 460 1152 magnitudine
479 1079 511 1129 et
536 1062 750 1129 diuturnitate
768 1057 1039 1143 perfectissimum
1058 1056 1173 1124 merito
1193 1057 1353 1138 habetur,
1378 1055 1411 1122 in

237 1199 275 1245 eo
302 1178 329 1245 si
355 1174 649 1262 jurisprudentium
680 1171 893 1238 auctoritates
922 1171 1141 1237 Caesarumve
1159 1167 1411 1236 constitutiones

237 1287 454 1372 requirimus,
478 1285 597 1372 integri
616 1299 742 1352 exstant
760 1282 849 1350 tituli
868 1283 907 1348 de
926 1282 1064 1366 captivis
1083 1298 1115 1348 et
1128 1280 1353 1366 postliminio,
1371 1279 1411 1345 de

237 1417 271 1467 re
295 1399 445 1479 militari,
469 1398 508 1464 de
534 1397 717 1478 veteranis,
741 1411 773 1462 et
797 1394 853 1461 alii
880 1390 939 1477 qui
963 1393 1103 1460 militurn
1126 1392 1298 1480 privilegia
1322 1411 1410 1457 com-

238 1511 445 1595 prehendunt
462 1519 492 1574 ¹:
516 1509 543 1576 si
567 1507 764 1575 Pontificum
787 1503 881 1573 etiam
898 1507 1027 1572 decreta
1043 1505 1236 1589 respicimus
1252 1503 1286 1587 ¹,
1309 1507 1411 1571 multa

239 1639 316 1690 sunt
338 1625 391 1690 vel
417 1623 457 1688 ab
481 1621 561 1705 ipsis
587 1620 692 1701 edita,
715 1622 770 1688 vel
795 1639 812 1685 e
837 1633 985 1685 veterum
1002 1617 1197 1702 scriptorum
1214 1616 1311 1684 dictis
1331 1633 1410 1683 con-

236 1734 387 1815 cinnata,
412 1753 494 1816 quae
511 1732 589 1799 satis
609 1732 727 1799 diserte
746 1732 905 1798 bellorum
922 1730 1081 1816 justitiam
1101 1730 1276 1798 declarant.
1307 1729 1409 1794 Nunc

239 1847 280 1912 ad
300 1842 430 1913 divinas
452 1845 662 1913 auctoritates
674 1843 860 1910 veniamus:
886 1841 977 1925 quod
989 1841 1122 1924 quidem
1135 1859 1238 1928 genus
1249 1838 1408 1926 probandi
1420 1838 1577 1950 334,ῑὲζῶ

239 1971 289 2025 est
312 1960 452 2044 ἄπχνον,
476 1977 539 2024 non
559 1977 600 2023 ex
619 1969 696 2022 arte
708 1959 926 2041 proveniens,
949 1951 1006 2021 sed
1023 1969 1130 2021 tamen
1148 1956 1247 2041 longe
1267 1945 1565 2021 emissi-¹¹⁸¹·⁴'⁸·¹·

238 2089 338 2138 mum.
390 2066 440 2135 Ut
463 2069 548 2135 enirn
574 2088 631 2152 per
656 2081 826 2150 naturam,
850 2065 894 2132 ita
918 2084 976 2149 per
995 2065 1186 2150 scripturam
1209 2067 1273 2132 Dei
1292 2069 1412 2135 volun-

240 2198 289 2249 tas
304 2181 402 2250 nobis
418 2177 642 2268 significatur,
666 2193 839 2262 quaeest,
863 2178 913 2244 uti
938 2176 1100 2260 diximus,
1121 2178 1271 2263 justitiae
1289 2197 1413 2252 norma.

239 2293 328 2359 Bella
362 2309 470 2362 autem
502 2308 540 2360 ut
558 2291 723 2359 voluntati
744 2307 820 2357 suae
839 2289 1051 2375 congruentia
1072 2290 1164 2358 Deus
1190 2291 1363 2374 imperavit
1379 2292 1413 2373 ³,

241 2407 393 2489 ultraque
409 2427 445 2472 se
466 2421 632 2473 auctorem
650 2417 682 2470 et
702 2403 881 2489 adiutorem
902 2400 914 2436 ⁴
932 2400 1100 2486 professus
1123 2417 1187 2468 est:
1219 2421 1414 2488 cognomen·

239 2531 310 2583 tum
332 2517 427 2582 etiam
449 2517 697 2602 Bellipotentis,
718 2530 756 2581 ut
770 2515 930 2601 majestati
942 2534 1018 2581 suae
1027 2514 1368 2601 conveniensagnovit
1385 2521 1413 2581 ⁵:

241 2647 310 2710 quo
329 2641 456 2711 spectat
477 2641 509 2693 et
525 2627 609 2693 illud
625 2627 666 2692 ad
682 2626 905 2692 Abrahamum
920 2625 1015 2708 primi
1034 2626 1212 2693 sacerdotis
1231 2629 1413 2709 oraculum,

243 2738 313 2802 Deo
334 2739 490 2804 tradente
510 2741 613 2804 hostes
634 2741 757 2806 uenisse
775 2740 811 2802 in
832 2738 899 2823 ejus
922 2749 1118 2822 potestatem
1134 2735 1171 2802 ⁶:
1196 2752 1229 2803 et
1245 2737 1416 2821 prudentis

242 2847 384 2915 feminae
407 2854 505 2917 'vox
526 2849 567 2915 ad
587 2848 711 2934 regern:
729 2848 867 2934 praelia
888 2848 1027 2913 Domini
1040 2848 1239 2935 praeliaris.
1272 2849 1342 2916 Imo
1363 2852 1416 2916 vel

242 2960 306 3032 hoc
331 2979 456 3042 unum,
481 2961 573 3044 quod
590 2959 787 3043 reipublicae
802 2981 820 3024 a
834 2981 869 3025 se
888 2960 1057 3026 institutae
1076 2960 1165 3027 istud
1182 2961 1276 3044 quasi
1296 2962 1417 3046 praesi-

243 3072 333 3137 dium
357 3073 438 3140 deus
458 3072 656 3157 apposuit⁸,
673 3072 751 3137 satis
773 3071 897 3139 evincit
913 3073 1040 3158 iustum
1060 3092 1129 3140 esse
1148 3088 1181 3139 et
1192 3073 1323 3156 quoties
1333 3076 1417 3142 ratio

243 3184 354 3249 eadem
377 3200 446 3266 est,
470 3184 605 3250 caeteris
628 3183 780 3269 gentibus
800 3183 1002 3252 imitandum.
1031 3185 1161 3253 Rursus
1180 3201 1212 3252 et
1231 3186 1315 3253 illud
1334 3187 1418 3253 inter

243 3295 392 3362 homines
404 3316 471 3363 non
482 3297 613 3363 insanos
630 3310 779 3362 constare
795 3295 955 3378 arbitror,
981 3317 1054 3363 eum
1076 3297 1134 3380 qui
1144 3297 1264 3366 actioni
1276 3298 1418 3383 cuipiam

243 3407 332 3492 leges
342 3407 554 3490 praescribit,
574 3407 734 3474 actionem
747 3406 849 3492 ipsam
859 3427 926 3476 non
936 3408 1136 3494 improbare,
1157 3410 1264 3476 Deum
1276 3430 1418 3493 praeser-

243 3518 321 3602 tim,
341 3519 399 3601 qui
411 3519 494 3585 nihil
505 3518 643 3600 frustra,
659 3517 743 3585 nihil
750 3540 916 3604 perperam
926 3520 1034 3588 faciat.
1058 3521 1200 3588 Modum
1213 3537 1320 3589 autern
1332 3523 1418 3590 mili-

242 3630 307 3697 tiae
324 3651 381 3714 per
400 3631 530 3698 Mosem
550 3632 642 3697 Deus
653 3630 755 3696 edixit
766 3635 798 3712 ⁸,
811 3631 996 3714 iterumque
1008 3652 1066 3716 per
1079 3632 1204 3700 Christi
1215 3635 1418 3701 ante-ambu-

245 3742 510 3809 loneminNovo
522 3743 665 3810 Foedere
677 3739 711 3810 ¹⁰.
735 3743 789 3808 Ex
798 3763 866 3832 quo
884 3745 958 3809 loco
971 3743 1182 3828 Augustinus
1194 3747 1239 3828 ¹¹,
1263 3749 1292 3811 si
1304 3745 1419 3812 Chris-

281 4049 289 4082 ¹
307 4053 339 4100 de
355 4049 432 4100 milit.
447 4059 545 4100 tertam.
561 4052 632 4100 etde
648 4061 723 4100 castr.
737 4061 794 4111 pec.
810 4049 842 4112 [l.
856 4063 878 4099 e.
899 4063 936 4098 11.
952 4062 977 4099 et
991 4052 1021 4098 D.
1034 4064 1076 4114 49.
1093 4051 1145 4114 17.]
1164 4063 1188 4100 et
1207 4052 1233 4100 in
1246 4064 1344 4114 poster.
1354 4055 1418 4104 Cod.

246 4140 330 4191 multi.
365 4139 375 4173 ²
393 4155 468 4190 causa
485 4153 525 4198 23.
541 4154 588 4202 per
601 4151 681 4189 totam
696 4153 720 4190 et
737 4155 760 4190 c.
774 4139 814 4198 ius
830 4143 950 4191 naturale.
967 4141 1054 4204 [Dect.
1071 4144 1138 4191 Grat.
1154 4157 1179 4205 p.
1198 4157 1220 4192 1.
1236 4143 1295 4192 dist.
1317 4158 1339 4194 1.
1349 4146 1418 4208 c.7.]

247 4232 332 4296 ‘Jud
353 4247 391 4282 ao.
417 4235 454 4281 18.
470 4244 496 4281 et
514 4234 575 4281 sam.
599 4245 619 4280 r.
636 4244 676 4291 ns.
692 4246 716 4281 a.
731 4244 756 4281 et
773 4246 796 4282 a.
814 4245 838 4290 s.
855 4246 893 4296 19.
911 4248 938 4282 v.
954 4234 1010 4296 Joh.
1028 4234 1059 4281 de
1075 4233 1146 4295 Lign.
1164 4234 1191 4282 in
1206 4246 1278 4283 tract.
1294 4237 1325 4284 de
1341 4236 1420 4284 bello.

246 4335 272 4372 c.
294 4336 331 4372 rr.
354 4323 393 4385 [tn
414 4325 517 4374 Oceano
537 4323 615 4386 Juris.
635 4325 689 4373 vol.
711 4323 749 4373 1⁶.
766 4337 793 4384 p.
816 4325 886 4386 ayn]
920 4322 932 4355 ⁴
950 4326 988 4374 Ps.
1014 4327 1052 4372 18.
1069 4339 1106 4374 vs.
1122 4337 1162 4383 35·
1178 4337 1203 4374 et
1216 4327 1255 4374 Pe.
1272 4337 1326 4388 144·
1341 4326 1367 4376 in
1381 4341 1419 4388 pr.

248 4412 456 4472 ⁵Exod.1s.s.
490 4412 585 4464 ⁸Gen.
610 4428 649 4477 14.
673 4427 715 4464 ao.
749 4411 838 4464 ⁷Satn.
861 4418 999 4471 1.2s.o8.
1033 4415 1156 4465 ⁸Passim
1174 4416 1201 4465 iu
1219 4417 1326 4468 historia
1342 4431 1421 4468 sucre.

248 4501 408 4553 incusso.
423 4515 463 4554 ro.
497 4503 519 4537 ¹⁰
534 4507 598 4555 Luc.
615 4517 638 4564 s.
655 4517 693 4568 14
729 4503 749 4538 ¹¹
767 4506 794 4555 in
807 4519 848 4567 ep.
865 4513 888 4563 s.
902 4509 934 4556 ad
953 4509 1070 4556 Marcell.
1088 4507 1187 4558 Citatur
1206 4508 1234 4557 in
1254 4522 1278 4558 c.
1300 4521 1339 4568 as.
1354 4524 1379 4571 q.
1398 4525 1420 4560 1.

248 4609 271 4644 c.
285 4609 309 4644 a.
326 4595 413 4657 [Dect.
432 4596 501 4644 Grac.
518 4609 544 4656 p.
562 4595 598 4658 4.]

1206 4689 1245 4772 3*
