3536 5692
560 709 606 755 uu
629 709 722 774 June
750 708 933 756 anatona.
958 707 1039 754 cnr.
1065 708 1124 752 xv.
1359 707 1422 772 325

255 875 288 925 et
311 863 379 946 ipse
409 879 442 929 et
461 862 574 948 regina
597 883 671 929 cum
692 862 804 929 liberis
825 862 973 948 Belgicas
995 882 1096 928 voces
1117 861 1284 927 addiscere
1305 882 1424 944 coepe-

255 990 349 1054 rant,
374 975 419 1040 ita
441 991 480 1041 ut
501 975 647 1041 dicerent
667 996 706 1039 ex
730 975 875 1040 Candiae
899 994 1000 1057 regno
1021 972 1136 1038 factam
1162 993 1231 1040 esse
1244 973 1421 1038 bataviam.

255 1086 409 1151 Addebat
420 1107 476 1152 rex
487 1088 572 1152 velie
594 1107 629 1150 se
650 1086 754 1151 filium
767 1100 846 1151 natu
865 1085 1061 1166 maximum,
1075 1084 1133 1149 ubi
1155 1084 1370 1165 adolevisset,
1384 1085 1424 1149 ad

253 1197 437 1280 Principem
470 1197 667 1264 Mauritium
701 1197 853 1278 mittere,
878 1211 1004 1262 utrem
1033 1195 1201 1261 militarem
1235 1195 1297 1261 sub
1331 1209 1422 1262 tanto

254 1307 336 1373 duce
357 1308 546 1374 addisceret.
593 1309 744 1393 Rogabat
763 1307 918 1392 eligerent
929 1307 1043 1372 Ratavi
1060 1307 1093 1372 in
1113 1326 1213 1391 regno
1234 1326 1294 1372 suo
1313 1308 1422 1372 locum

254 1417 319 1482 arci
342 1420 535 1494 struendae,
554 1419 744 1500 ubicunque
765 1419 848 1485 situs
868 1418 1044 1485 arrisisset:
1064 1417 1237 1500 ipsumque
1258 1437 1292 1482 se
1312 1417 1425 1499 potius

255 1545 287 1595 et
315 1550 449 1596 uxorem
481 1545 513 1594 et
545 1529 649 1596 filium
682 1530 849 1611 filiamque
873 1549 948 1595 saxa
979 1549 1017 1594 eo
1040 1530 1243 1610 collatumS,
1268 1548 1364 1610 quam
1386 1544 1425 1594 ut

254 1661 305 1707 res
337 1642 417 1706 adeo
449 1641 512 1706 sibi
546 1656 656 1724 optata
687 1641 970 1707 intermitteretur.
1025 1639 1127 1704 Venit
1155 1641 1255 1721 paulo
1277 1655 1353 1722 post
1384 1639 1424 1703 ad

255 1772 363 1836 regem
387 1753 535 1818 eumdem
560 1752 717 1818 Siboldus
740 1752 932 1831 Waertius,
955 1752 1017 1816 sub
1039 1749 1223 1815 Wibrando
1242 1749 1423 1815 Warwicio

255 1863 349 1929 classi
370 1862 580 1945 praefectus,
604 1883 702 1944 quem
726 1883 782 1928 rex
803 1865 952 1928 obsecrat
975 1876 1012 1927 ut
1034 1861 1097 1926 sibi
1118 1861 1241 1927 auxilio
1254 1881 1323 1928 esse
1343 1861 1425 1927 velit

253 1974 294 2039 ad
317 1975 568 2058 expugnandum
591 1975 760 2041 castellum
783 1974 1051 2054 Columbanum,
1072 1973 1162 2055 quod
1185 1973 1309 2058 ineius
1332 1973 1423 2056 regni

254 2083 376 2149 finibus
400 2085 552 2151 Lusitani
583 2087 763 2164 tenebant,
795 2100 827 2150 et
856 2085 918 2151 sibi
949 2085 1221 2168 expugnationem
1253 2084 1423 2166 deposcit,

253 2194 345 2260 illum
380 2210 496 2279 rogat,
529 2212 567 2261 ut
598 2217 672 2261 cum
704 2196 844 2262 navibus
867 2195 952 2260 adsit
975 2210 1007 2260 et
1030 2195 1105 2260 Goa
1129 2196 1349 2261 subventuros
1374 2216 1423 2258 ar-

253 2320 346 2386 ceat,
379 2305 559 2388 propositis
591 2306 620 2370 ei
653 2306 699 2370 rei
731 2305 884 2388 praemiis
915 2321 1013 2387 atque
1041 2306 1126 2371 inter
1149 2319 1272 2370 caetera
1291 2320 1424 2387 paratus

255 2432 365 2498 erepta
387 2415 476 2482 hosti
500 2418 573 2481 loca
596 2415 790 2482 ssatavorum
812 2415 975 2498 praesidio
998 2416 1194 2498 permittere.
1240 2415 1364 2481 Evenit
1387 2431 1424 2480 ut

255 2526 464 2607 siboldus,e
487 2526 610 2593 Celone
622 2527 790 2593 Achiuum
810 2526 976 2609 profectus
1000 2542 1038 2591 ut
1060 2526 1168 2592 socios
1188 2526 1329 2608 acciret,
1344 2548 1424 2608 qua·

254 2652 331 2703 tuor
364 2637 398 2703 in
433 2638 504 2720 ipso
536 2638 651 2703 itinere
686 2653 813 2720 caperet
843 2657 942 2704 naves
970 2638 1218 2704 Lusitanorum.
1267 2638 1425 2704 Oraverat

253 2764 359 2814 autem
384 2769 440 2814 rex
469 2764 669 2831 praesentem
694 2750 811 2833 etjam
833 2747 1018 2832 profectum
1050 2749 1153 2814 literis
1183 2764 1250 2814 erat
1281 2751 1423 2816 obtesta-

254 2875 307 2926 tus
339 2880 397 2943 per
429 2861 536 2926 Deum
573 2881 696 2943 perque
731 2860 893 2943 Principis
925 2860 1077 2926 Mauritii
1111 2861 1266 2926 virtutem
1300 2881 1424 2943 perque

253 2971 427 3037 amicitiam
451 2991 566 3052 suam,
599 2987 636 3038 ut
659 2972 687 3038 si
711 2991 795 3054 quos
818 2971 997 3036 Lusitanos
1019 2971 1259 3038 nancisceretur
1282 2991 1345 3037 eos.
1360 2971 1424 3036 sibi

254 3081 402 3147 traderet.
447 3082 494 3147 At
526 3083 580 3148 ille
613 3083 707 3164 quasi
740 3083 934 3148 dementiam
956 3081 1051 3149 facile
1073 3097 1309 3162 excusaturuS,
1338 3102 1423 3164 quos

253 3207 382 3274 ceperat
417 3193 525 3262 statim
559 3193 681 3260 liberos
716 3193 850 3261 dimisit.
904 3195 977 3259 Rex
1011 3208 1143 3273 autem,
1177 3193 1234 3275 qui
1268 3194 1332 3259 sibi
1367 3213 1424 3260 eos

253 3303 407 3369 traditum
431 3304 470 3368 iri
494 3324 560 3371 non
584 3305 774 3385 dubitabat,
798 3325 873 3371 cum
895 3306 936 3370 ad
957 3305 1068 3370 urbem
1089 3305 1271 3371 Vintanum
1292 3306 1422 3372 obviam

253 3433 287 3480 se
310 3429 486 3506 venturum
520 3416 747 3500 promisisset,
771 3419 859 3482 ultro
883 3416 980 3482 officii
1004 3437 1102 3483 causa
1125 3418 1324 3482 Matecalum
1346 3436 1422 3498 pro·

253 3525 373 3607 cessit,
398 3542 557 3608 quotum
581 3548 680 3595 naves
703 3528 875 3594 batavicae
899 3529 1107 3595 advenerant.
1156 3528 1205 3592 Ibi
1228 3546 1280 3593 res
1303 3526 1423 3592 accidit

253 3636 469 3718 miserabilis,
504 3653 542 3703 ut
575 3659 632 3704 rex
665 3641 720 3705 cui
752 3641 869 3705 mirum
901 3639 1074 3705 videbatur
1105 3639 1256 3704 homines
1281 3638 1421 3720 primum

250 3764 425 3828 nocentes,
450 3749 567 3815 deinde
590 3748 695 3814 victos
719 3750 912 3832 impunitate
934 3750 1066 3828 laetari,
1092 3768 1183 3813 suam
1206 3768 1286 3814 vero
1307 3763 1422 3832 postu·

253 3858 406 3924 lationem
437 3877 507 3922 esse
539 3859 742 3939 contemtui,
777 3858 949 3924 Siboldum
982 3859 1209 3924 contumacius
1242 3858 1304 3922 sibi
1328 3859 1421 3924 oblo-

254 3983 406 4050 quentem
431 3987 504 4032 cum
529 3968 602 4032 aliis
625 3966 691 4032 sere
714 3968 954 4052 quinquaginta
978 3969 1164 4034 obtruncari
1186 3970 1327 4053 juberet.
1373 3970 1423 4034 Ita

255 4079 345 4160 quod
364 4080 492 4144 inuitus
512 4092 685 4155 manserat,
706 4080 768 4144 hoc
789 4079 895 4161 ipsum
916 4081 1007 4143 ultus
1027 4093 1091 4145 est:
1105 4078 1281 4160 eademque
1292 4078 1421 4159 lenitas,

253 4190 281 4255 si
305 4204 411 4256 tamen
435 4189 551 4255 lenitas
574 4189 718 4254 vocanda
744 4204 816 4269 est,
840 4189 992 4254 hostibus
1015 4189 1182 4270 ludibrio,
1219 4189 1317 4256 sociis
1350 4209 1422 4255 sus·

254 4302 400 4382 picioni,
435 4301 564 4367 Batavis
588 4301 688 4366 exitio
712 4299 785 4366 fuit.
832 4302 918 4366 Cum
943 4301 1043 4385 igitur
1067 4315 1179 4384 gentes
1203 4300 1306 4380 istae,
1339 4321 1422 4382 quae

254 4412 337 4477 bella
368 4415 472 4478 multo
506 4433 602 4494 quam
634 4413 798 4494 Europaei
821 4412 965 4478 ferocius
990 4428 1161 4494 exercent,
1185 4412 1242 4477 vix
1265 4414 1347 4477 hanc
1370 4433 1423 4478 ac·

254 4521 376 4605 cipiunt
395 4524 493 4591 moris
513 4525 615 4590 nostri
636 4525 898 4601 excusationem,
923 4524 1014 4606 quod
1034 4525 1146 4591 hostes
1166 4544 1239 4589 cum
1259 4523 1423 4606 possimus
