3530 5656
216 4003 267 4068 Lep
296 4018 341 4070 ‘ro-

214 4068 267 4117 pree
291 4068 346 4104 scta.

378 701 419 745 22
691 697 738 744 DE
763 689 857 764 Jtltttt
883 695 1067 748 PRABDAE.
1091 697 1171 746 CAP.
1196 697 1236 746 ll.

377 851 465 936 apud
487 851 719 937 Thucydidem
744 853 754 897 ¹
778 852 936 920 concione
959 851 1098 938 intelligi
1121 867 1240 937 potest.
1265 851 1351 919 Sunt
1374 852 1550 920 enimhuee

377 965 495 1032 verbat
514 969 572 1046 ἐγὼ
592 968 652 1049 γαρ
672 968 800 1048 ἠγοῦμαι
816 967 899 1034 πόλιν
910 970 1000 1035 πλείου
1011 968 1171 1048 ξύμπασαν
1182 967 1343 1050 ὀρθουμένην
1353 971 1476 1054 ὠφελεῖν
1486 970 1551 1042 τοὺς

376 1081 504 1154 ἰδιώτας,
527 1079 543 1156 ἢ
567 1079 631 1145 καθ’
651 1075 772 1146 ἕκαστον
793 1086 848 1146 τῶν
868 1087 990 1146 πολιτῶν
1009 1081 1231 1160 εὐπραγοῦσαν,
1253 1078 1354 1160 οιόρόοιν
1376 1081 1551 1164 δδσφαλλο-

376 1192 471 1272 μένην.
501 1197 598 1264 καλῶς
629 1192 682 1270 μὲν
712 1193 772 1273 γὰρ
790 1191 945 1276 φερόμενος
967 1191 1037 1272 ανὴρ
1061 1193 1094 1257 τὸ
1116 1191 1180 1255 καθ’
1201 1191 1302 1257 ἑαυτὸν
1325 1191 1551 1274 διαφθειρομένης

376 1310 429 1377 τῆς
460 1305 593 1385 πατρίδος
624 1302 700 1368 οὐδὲν
732 1299 815 1378 ἧσσον
836 1301 1073 1381 ξυναπόλλυται,
1096 1305 1266 1383 κακοτυχῶν
1286 1301 1316 1367 δὲ
1338 1301 1366 1365 ἐν
1388 1302 1551 1384 εὐτυχούσῃ

377 1415 475 1496 πολλῷ
507 1417 623 1493 ροῖολλον
655 1414 834 1498 διασώζεται.
868 1407 1025 1479 irritetis
1045 1411 1129 1484 πόλις
1150 1413 1205 1491 μὲν
1225 1413 1281 1484 τας
1305 1413 1378 1484 iiiuc
1398 1413 1550 1496 ξυμφορὰς

375 1520 420 1590 οἵα
439 1549 473 1589 τε
491 1525 601 1608 φέρειν,
624 1521 665 1597 εἷς
686 1526 716 1592 δὲ
735 1521 855 1598 ἕκαστος
876 1525 933 1596 τας
955 1525 1061 1599 ἐκείνοις
1076 1523 1230 1596 ailitem,
1253 1529 1313 1596 πῶς
1325 1526 1355 1589 οὐ
1366 1524 1424 1605 χρὴ
1434 1522 1550 1596 πάντας

375 1635 494 1715 uiuitur
515 1637 592 1717 uticii
614 1635 664 1701 seui
687 1635 729 1715 ais
751 1629 766 1702 i
788 1639 836 1700 νῦν
858 1637 940 1714 ὑμεῖς
963 1637 1069 1716 δροῖτε,
1092 1641 1159 1707 ταῖς
1181 1630 1329 1700 κατόδιιον
1339 1635 1550 1715 κακοπραγίαις

376 1747 609 1827 ἐκπεπληγμένοι
642 1749 692 1813 τοῦ
724 1751 811 1813 κοινοῦ
843 1751 896 1820 τῆς
928 1747 1067 1825 σωτηρίας
1099 1743 1232 1829 οιῖφίεσθε.
1278 1741 1303 1806 l.
1335 1761 1362 1806 e.
1387 1741 1443 1806 Ita
1463 1745 1550 1808 enim

377 1856 546 1936 existimo,
576 1858 677 1920 etiam
699 1853 840 1943 singulis
861 1853 1045 1920 hominibus
1063 1852 1141 1940 plus
1164 1873 1234 1918 eam
1253 1851 1406 1940 prodesse
1428 1855 1550 1920 ciuita-

377 1978 459 2047 tem,
484 1987 568 2052 quae
586 1979 659 2031 tota
680 1981 767 2032 recte
788 1987 821 2032 se
842 1965 982 2048 habeat,
1006 1985 1106 2050 quam
1127 1966 1157 2029 si
1178 1986 1246 2051 qua
1261 1967 1412 2052 priuatis
1426 1965 1549 2050 floreat

378 2075 602 2159 utilitatibus,
634 2083 707 2166 ipsa
741 2091 852 2144 autem
885 2081 1066 2147 universim
1097 2055 1234 2142 laboret.
1281 2072 1349 2159 Qui
1379 2079 1463 2141 euim
1493 2073 1550 2140 do-

378 2187 532 2255 mesticas'
542 2191 707 2275 fortunas
728 2191 805 2256 bene
824 2190 1002 2256 collocatas
1023 2191 1141 2272 habet,
1159 2193 1282 2276 patria
1304 2202 1415 2254 tamen
1435 2209 1549 2257 euersa

372 2315 492 2388 ρεταιν
507 2316 538 2367 et
561 2306 629 2390 ipse
653 2323 774 2368 necesse
795 2317 866 2369 est:
889 2316 1009 2367 contra
1029 2321 1106 2370 uero
1130 2305 1230 2366 etiam
1254 2303 1283 2365 si
1303 2303 1376 2386 quis
1399 2303 1436 2364 iu
1451 2299 1549 2364 beata
1573 2301 1582 2316 ’

378 2412 550 2499 republica
574 2427 699 2500 parum
721 2413 814 2500 felix
846 2425 909 2493 est,
943 2413 1046 2479 multo
1078 2426 1189 2478 tameu
1202 2411 1347 2498 facilius
1366 2410 1548 2499 perillam

376 2523 549 2589 incolumis
583 2539 752 2593 seruatur.
798 2521 913 2608 Quare
945 2547 1018 2590 cum
1041 2528 1163 2593 ciuitas
1187 2523 1318 2610 quidem
1341 2522 1548 2610 singulorum

371 2638 477 2722 possit
509 2649 697 2701 sustentare
727 2637 958 2720 calamitates,
1002 2635 1128 2724 singuli
1162 2649 1272 2700 autem
1300 2634 1454 2721 publicas
1486 2656 1549 2698 non

376 2749 474 2829 item,
509 2746 594 2833 quid
625 2760 672 2812 est
704 2769 768 2813 cur
801 2769 865 2813 non
895 2751 1064 2816 uniuersos
1096 2751 1161 2833 ipsi
1191 2746 1359 2811 consulere
1381 2749 1550 2832 ipsamque

376 2863 467 2926 tueri
502 2873 672 2947 oporteat,
707 2881 763 2925 uec
794 2859 833 2926 id
841 2861 976 2945 facere,
1009 2857 1098 2946 quod
1117 2879 1171 2927 νον
1184 2860 1328 2945 facitis,
1351 2856 1427 2924 dam
1452 2861 1550 2944 quasi

377 2974 518 3035 attoniti
528 2972 676 3056 jactura
698 2974 749 3036 rei
772 2969 967 3056 familiaris
990 2969 1130 3035 salutem
1146 2969 1293 3058 proditis
1317 2970 1548 3056 reipublicae?

375 3082 496 3148 Livius
518 3078 531 3116 ¹
553 3083 696 3148 breviter
725 3081 770 3148 ita
798 3082 971 3165 concepitt
996 3082 1196 3169 Respublica
1228 3081 1401 3147 incolumis
1424 3095 1455 3145 et
1472 3085 1548 3167 pri-

376 3207 474 3261 tatas
496 3213 548 3258 res
562 3192 672 3278 facile
687 3193 799 3262 saluas
815 3208 995 3280 praestat:
1012 3194 1150 3281 publica
1166 3193 1334 3280 prodendo
1352 3207 1413 3258 tua
1426 3213 1549 3279 nequa-

376 3325 476 3390 quam
517 3325 634 3372 serres.
691 3305 776 3371 Cum
806 3320 913 3371 autem
945 3306 1099 3372 voluntas
1126 3306 1205 3370 boni
1237 3323 1386 3371 mensura
1416 3304 1476 3386 sit,
1511 3318 1549 3369 ut

375 3415 535 3494 diximus,
570 3416 720 3498 sequitur
752 3416 978 3484 universorum
1010 3419 1210 3484 voluntatem
1243 3418 1349 3482 valere
1387 3416 1478 3498 quod
1508 3415 1548 3480 ad

375 3529 497 3594 bonum
527 3546 699 3594 commune
727 3527 883 3611 pertinet,
917 3542 1015 3611 utque
1043 3528 1137 3594 etiam
1160 3527 1192 3594 in
1216 3528 1303 3593 bono
1326 3528 1546 3612 singulorum,

375 3654 536 3722 quatenus
566 3639 606 3705 ad
637 3640 758 3705 bonum
782 3660 953 3707 commune
976 3641 1155 3707 ordinatur.
1200 3640 1286 3706 Nam
1310 3640 1343 3706 in
1366 3642 1429 3705 hoc
1453 3638 1547 3704 etiam

376 3751 496 3836 singuli
521 3765 754 3819 consenserunt
775 3766 888 3834 estque
912 3752 994 3818 illud
1006 3753 1090 3818 inter
1102 3766 1227 3818 caetera
1238 3752 1357 3818 liberae
1368 3751 1548 3817 voluntatis

374 3883 512 3948 munus,
545 3884 641 3947 posse
670 3883 760 3930 suam
792 3866 993 3948 voluntatem
1026 3865 1058 3931 in
1088 3865 1221 3931 alterius
1241 3866 1443 3930 voluntatem
1470 3881 1547 3927 con·

377 3973 456 4042 ferre
477 3974 498 4042 ⁸.
523 3975 686 4044 Voluntas
702 3977 927 4044 universorum
947 3978 988 4044 ad
1010 3977 1180 4045 universos
1200 3976 1322 4044 directa
1342 3976 1396 4041 lex
1414 3974 1546 4052 dicitur;

376 4109 497 4170 quaet
520 4088 594 4154 Deo
615 4089 780 4172 procedit,
805 4089 891 4155 unde
908 4090 1019 4174 εὕρημα
1039 4094 1088 4158 καὶ
1110 4095 1190 4174 δῶρον
1209 4093 1283 4164 θεοῦ,
1317 4091 1486 4156 iuuentam
1508 4107 1548 4150 ac

376 4220 493 4264 manas
517 4199 584 4264 Dei
605 4200 635 4277 ⁴,
662 4215 890 4284 nuncupatur:
925 4200 1089 4266 communi
1112 4199 1317 4266 mortalitatis
1344 4198 1446 4266 totius
1468 4218 1547 4265 con-

409 4515 638 4580 1[Tnucyu1.2.
657 4529 679 4565 c.
697 4515 751 4578 όα]
786 4513 870 4566 'Liu
888 4519 904 4565 1.
923 4517 963 4566 26.
982 4517 1019 4580 [c.
1038 4517 1091 4578 su]
1126 4515 1171 4565 ³1.
1189 4515 1249 4566 item
1265 4520 1389 4576 eorum.§
1407 4529 1428 4565 1.
1443 4515 1547 4577 ffiquod

376 4607 427 4662 cul.
440 4607 511 4660 univ.
525 4621 593 4656 nom.
611 4607 655 4670 [Dt
673 4619 696 4666 s.
710 4621 734 4669 4.
749 4607 786 4670 o]
805 4609 895 4658 Thon.
908 4621 960 4658 ne.
970 4623 994 4669 q.
1004 4621 1045 4673 95.
1054 4619 1098 4657 ert.
1111 4623 1132 4662 ν,
1166 4606 1177 4642 ⁴
1193 4610 1210 4657 1.
1220 4608 1276 4657 off.
1285 4610 1317 4658 de
1325 4608 1401 4670 legib.
1420 4608 1463 4672 [D.
1476 4621 1496 4658 ι.
1508 4608 1544 4672 n]
