3546 5654
358 648 420 694 222
651 647 698 692 DE
721 645 815 714 JURE
841 645 1026 692 PRAEDAE·
1051 645 1133 692 cal).
1158 647 1226 694 ΧΠ.

356 801 426 883 plat
456 815 554 882 atque
586 799 641 894 ita¹
663 799 824 881 privatum
859 797 972 864 faciat:
997 799 1083 864 sicut
1115 796 1281 867 Lucullus
1308 801 1418 868 exciso
1443 803 1531 886 apud

355 911 530 994 Neapolim
558 924 669 976 monte
700 911 738 974 ad
771 907 883 978 villam
906 930 997 976 suam
1021 909 1120 976 maria
1142 911 1275 978 admisit
1297 922 1317 979 ¹.
1363 913 1408 979 Et
1430 914 1530 998 hujus

357 1021 484 1107 generis
503 1035 584 1104 puto
605 1019 709 1086 fuisse
731 1020 871 1104 piscinas
896 1021 1097 1104 maritimas,
1121 1042 1259 1104 quarum
1280 1024 1388 1090 Varro
1410 1039 1442 1090 et
1463 1024 1531 1091 Co-

355 1134 488 1199 lumella
510 1131 736 1198 meminerunt.
783 1131 855 1196 Nec
877 1131 1042 1198 Martialis
1064 1133 1075 1168 ²
1097 1133 1162 1198 alio
1186 1134 1367 1216 spectavit,
1391 1155 1465 1200 cum
1490 1135 1530 1200 de

356 1242 530 1309 Formiano
553 1240 755 1324 Apollinaris
776 1241 944 1322 loquitur:

553 1353 591 1416 Si
611 1351 743 1437 quando
765 1352 897 1416 Nereus
913 1356 1021 1417 naam
1043 1352 1142 1418 Aeoli
1165 1375 1326 1440 ragnum,

552 1462 656 1529 Ridet
673 1463 839 1548 procellas
861 1476 938 1528 tuta
962 1463 1001 1528 da
1025 1483 1082 1528 suo
1104 1485 1227 1530 mensa.

401 1574 446 1640 Et
468 1571 665 1639 Ambrdsius
685 1573 718 1636 ¹:
743 1572 878 1639 Indaeis
902 1595 995 1640 mare
1018 1578 1115 1640 intra
1132 1574 1279 1660 praedia
1303 1588 1389 1654 tua,
1413 1597 1452 1640 na
1476 1574 1529 1641 de-

357 1690 425 1752 sint
444 1685 582 1752 belluae.
629 1684 717 1766 Hinc
737 1703 891 1768 apparere
909 1699 1039 1767 potest,
1062 1705 1146 1767 quae
1166 1705 1256 1750 mens
1277 1685 1369 1752 Pauli
1384 1690 1396 1726 ⁴
1411 1684 1529 1763 fuerit,

357 1815 431 1862 cunt
464 1795 566 1878 dicit,
602 1795 630 1862 si
650 1795 749 1862 maris
772 1794 942 1877 proprium
963 1795 1018 1879 jus
1043 1796 1084 1864 ad
1106 1796 1250 1878 aliquem
1272 1796 1453 1880 pertineat,
1478 1800 1530 1862 uti

352 1907 527 1992 possidetis
560 1906 772 1974 interdictum
803 1905 833 1971 ei
864 1921 1060 1988 competere.
1106 1907 1190 1974 Esse
1224 1907 1357 1989 quidem
1389 1909 1452 1972 hoc
1482 1908 1530 1973 in·

358 2018 532 2084 terdictum
568 2016 607 2081 ad
640 2016 785 2099 privatas
819 2035 935 2082 causas
968 2032 1213 2100 comparatum,
1248 2037 1315 2085 non
1348 2033 1457 2085 autem
1489 2018 1529 2082 ad

242 2160 244 2165 ·
301 2168 304 2173 ·
357 2129 506 2212 publicas
539 2127 594 2211 (in
627 2126 751 2208 quibus
783 2126 879 2192 etiam
913 2147 949 2191 ea
983 2128 1326 2211 comprehenduntur,
1351 2151 1436 2211 quae
1458 2132 1530 2215 jure

359 2239 505 2324 gentium
538 2238 704 2304 communi
736 2236 840 2303 facere
873 2241 1093 2322 possumus),
1127 2239 1184 2306 sed
1216 2240 1269 2306 hic
1302 2240 1367 2324 jam
1403 2241 1455 2326 agi
1488 2242 1528 2308 de

356 2351 429 2435 jure
452 2348 610 2428 fruend0,
635 2349 725 2430 quod
748 2369 788 2413 ex
811 2368 908 2414 causa
932 2349 1060 2432 privata
1079 2350 1268 2434 contingat,
1291 2370 1357 2418 uon
1379 2352 1528 2435 publica,

358 2462 428 2529 sive
451 2459 627 2526 communi.
673 2459 759 2524 Nam
784 2474 867 2526 teste
890 2460 1060 2526 Marciano
1080 2458 1115 2542 ⁵,
1141 2461 1307 2543 quidquid
1332 2478 1529 2546 occupatum

359 2587 409 2638 est
431 2587 463 2638 et
486 2570 641 2653 occupari
674 2570 806 2652 potuit,
840 2570 956 2655 idjam
981 2591 1047 2638 non
1071 2585 1121 2638 est
1141 2572 1226 2656 juris
1247 2573 1417 2656 gentium,
1444 2575 1532 2642 sicut

249 2763 253 2769 Ι
359 2697 409 2748 est
426 2703 524 2748 mare.
570 2682 723 2764 Exempli
742 2701 859 2761 causa,
882 2681 910 2747 si
930 2681 1007 2764 quis
1026 2682 1204 2748 Lucullum
1224 2699 1283 2748 aut
1303 2683 1531 2767 Apollinarem

360 2795 394 2859 in
425 2793 555 2878 privato
589 2811 674 2873 suo,
708 2808 872 2874 quatenus
905 2792 1138 2860 diverticulum
1172 2794 1271 2860 maris
1306 2796 1530 2875 incluserant,

359 2906 479 2988 piscari
511 2902 760 2987 prohibuisset,
792 2904 935 2970 dandum
969 2904 1034 2970 illis
1058 2904 1271 2973 interdictam
1296 2906 1419 2973 Paulus
1437 2922 1532 2990 puta·

359 3016 434 3098 vit,
469 3035 536 3080 non
569 3016 675 3082 solum
711 3015 904 3100 iniuriarum
939 3015 1128 3098 actionem,
1164 3016 1207 3081 ob
1244 3037 1373 3084 causam
1407 3017 1535 3084 scilicet

359 3128 505 3210 privatae
533 3125 761 3209 possessionis.
808 3127 878 3190 Imo
907 3125 940 3192 in
961 3125 1158 3194 diverticulo
1178 3127 1298 3208 maris,
1322 3128 1409 3194 sicut
1432 3128 1465 3194 in
1484 3129 1534 3194 di-

359 3237 522 3305 verticulo
541 3236 687 3304 fluminis
699 3237 730 3315 ⁶,
754 3237 782 3304 si
801 3239 910 3304 locum
931 3239 1028 3314 talem
1048 3240 1235 3321 occuparint
1256 3239 1370 3320 ibique
1389 3240 1533 3322 piscatus

360 3349 444 3430 sim,
478 3347 616 3414 maxime
639 3348 667 3412 si
690 3347 834 3414 animum
868 3347 1021 3430 privatim
1051 3349 1241 3431 possidendi
1264 3351 1407 3432 plurium
1433 3371 1533 3416 anno-

360 3480 432 3526 rum
463 3459 709 3526 continuatione
743 3473 881 3526 testatus
913 3457 1058 3541 fuerim,
1088 3463 1226 3528 alterum
1250 3462 1365 3528 eodem
1387 3462 1460 3545 jure
1484 3463 1533 3528 uti

360 3570 567 3654 prohibebo,
599 3585 637 3636 ut
660 3590 699 3634 ex
723 3570 895 3636 Marciano
918 3570 1130 3656 colligimus,
1163 3591 1229 3638 non
1262 3572 1356 3638 aliter
1379 3593 1477 3654 quam
1500 3574 1534 3639 in

360 3684 457 3763 lacu,
492 3681 550 3764 qui
581 3681 645 3747 mei
677 3679 815 3748 dominii
849 3696 899 3748 est
917 3681 940 3748 ².
985 3683 1089 3770 Quod
1112 3703 1225 3750 verum
1256 3684 1414 3765 quamdiu
1439 3685 1535 3750 durat

361 3793 558 3876 occupatio,
593 3793 866 3874 quemadmodum
900 3793 933 3859 in
968 3793 1078 3858 littore
1110 3808 1202 3859 antea
1235 3794 1387 3860 diximus.
1433 3795 1534 3859 Extra

361 3905 592 3972 diverticulum
626 3904 711 3971 idem
743 3923 810 3971 non
844 3903 928 3986 erit,
953 3923 993 3970 ne
1016 3905 1143 3970 scilicet
1165 3905 1348 3972 communis
1370 3925 1449 3970 usus
1473 3905 1532 3968 im·

362 4049 555 4060 -.---—-

396 4117 485 4166 ¹Plin.
507 4121 526 4165 l.
548 4131 585 4165 10.
609 4131 631 4164 c.
656 4129 695 4176 54.
730 4114 843 4177 ²Epigr.
862 4119 878 4165 l.
900 4131 937 4165 ro.
957 4129 997 4174 30·
1033 4116 1100 4166 ³De
1123 4118 1249 4166 Nabuthe.
1273 4131 1294 4164 o.
1317 4129 1339 4172 3.
1372 4114 1416 4162 ⁴1.
1434 4113 1532 4162 sanesi

358 4195 443 4256 maris.
461 4209 486 4255 ff.
507 4209 538 4255 de
554 4206 663 4264 injuriis.
684 4207 728 4267 [D.
743 4219 784 4267 47.
803 4221 840 4254 ιο.
864 4206 913 4269 ¹4·]
952 4207 961 4238 ⁵
980 4210 996 4256 l.
1014 4221 1089 4255 nemo
1109 4207 1195 4267 igitur.
1213 4207 1239 4254 ff.
1258 4209 1289 4256 de
1307 4220 1355 4254 rer.
1374 4206 1427 4254 div.
1446 4207 1490 4266 [D.
1512 4219 1533 4252 1.

362 4303 385 4348 8.
403 4300 440 4360 4.]
475 4298 485 4330 ⁶
504 4301 521 4347 1.
540 4298 561 4346 si
580 4298 720 4358 quisquam.
738 4297 764 4344 ff.
784 4299 814 4345 de
833 4297 926 4346 divers.
945 4309 1024 4358 temp.
1041 4311 1153 4358 praescr.
1173 4299 1217 4360 [D.
1232 4311 1274 4359 44.
1293 4311 1315 4354 ³·
1332 4297 1368 4358 7.]
1405 4294 1451 4343 71.
1467 4294 1533 4352 iniu-

361 4390 462 4438 riarum.
480 4392 501 4447 ξ.
519 4391 564 4437 ult.
582 4389 608 4435 ff.
627 4389 659 4436 de
677 4385 787 4443 injuriis.
808 4386 851 4449 [D.
869 4383 919 4448 47(
932 4402 970 4436 10.
991 4401 1028 4445 ¹3·
1047 4392 1068 4446 ξ.
1086 4389 1125 4449 7.]
1139 4388 1349 4449 apraescrlptlo
1368 4386 1395 4434 ff.
1414 4388 1445 4435 dc
1464 4400 1550 4434 usuc-³

363 4480 465 4540 [D·41·
485 4492 507 4536 s·
525 4479 579 4539 aa]
