3536 5692
532 637 578 682 oo
602 638 695 702 Jouo
723 635 907 684 oneroso..
931 637 1013 684 cuo.
1038 638 1118 684 x111.
1341 637 1405 704 273

230 794 370 860 Romani
405 794 573 858 consulem
601 811 670 856 esse
698 792 881 857 Antonium
896 799 916 856 ¹.
963 791 1008 856 Et
1032 791 1087 856 illa
1110 812 1194 873 quae
1219 812 1259 856 ex
1282 792 1403 857 oratio-

231 906 328 972 nibus
361 903 489 969 Tiberii
523 903 668 968 Gracchi
700 902 897 969 Plutarchus
927 903 938 938 ²
968 903 1150 985 excerpsit,
1196 905 1293 987 longe
1326 919 1404 969 sunt

231 1017 417 1095 verissima,
440 1015 500 1081 etsi
521 1013 605 1079 forte
638 1015 677 1078 ab
705 1014 778 1096 ipso
802 1033 868 1078 non
891 1029 1165 1096 recteusurpata.
1212 1014 1330 1078 Latine
1357 1014 1403 1078 sic

231 1142 367 1192 sonant:
392 1128 632 1191 Seorosouotor
656 1139 704 1189 est
726 1125 907 1206 tribunus,
932 1129 1013 1209 quie
1032 1125 1123 1210 plebi
1143 1139 1299 1189 secretus
1318 1126 1402 1208 ejus-

232 1261 294 1322 que
325 1237 477 1321 defensor
508 1249 555 1301 est
567 1257 579 1300 .·
612 1234 701 1320 qood
729 1240 758 1300 si
793 1250 942 1301 motetus
972 1236 1097 1320 plebem
1121 1249 1217 1304 vexet
1240 1237 1402 1320 injuriis,

226 1363 422 1434 potestatem
446 1349 514 1432 ejus
526 1347 708 1426 dissoluat,
723 1347 782 1431 jos
796 1347 896 1411 tollat
908 1345 1093 1433 suffragii,
1117 1351 1403 1432 ipsemogistrolo

232 1481 264 1524 se
281 1462 459 1544 priuauit,
492 1457 569 1522 dum
602 1456 675 1522 olio
699 1460 809 1520 omnio
825 1457 944 1541 fecit,
978 1479 1077 1542 quam
1101 1478 1140 1522 eo
1164 1457 1200 1521 ob
1224 1479 1309 1542 quoe
1332 1480 1402 1522 mo-

228 1575 416 1657 gistrotom
439 1581 623 1652 occeperat.
669 1568 762 1632 Nam
786 1567 916 1652 alioqui
938 1571 968 1632 si
992 1566 1194 1652 Capitolium
1217 1571 1285 1632 iret
1306 1568 1402 1634 diru-

232 1696 326 1760 tum,
345 1681 498 1766 flammas
526 1678 672 1762 inferret
690 1679 835 1763 publicis
859 1680 1060 1761 noualibus,
1093 1679 1243 1744 adhucne
1260 1684 1402 1764 permit·

231 1790 347 1856 tendus
377 1804 458 1854 esset
478 1809 596 1875 gerere
619 1789 863 1854 tribunorum?
888 1789 938 1854 Et
961 1804 1071 1855 tomen
1095 1793 1174 1855 hoec
1198 1795 1227 1854 si
1242 1790 1400 1874 feceret,

230 1901 338 1966 molus
370 1914 449 1965 esset
481 1899 663 1964 tribunus:
696 1914 733 1963 ot
765 1921 838 1964 cum
861 1899 987 1985 plebem
1011 1905 1155 1983 evertit,
1180 1924 1220 1966 ne
1242 1902 1400 1967 tribunus

230 2012 371 2097 quidem.
417 2011 512 2097 Quae
545 2024 651 2075 autem
686 2029 755 2076 esse
787 2025 898 2094 potest
930 2026 987 2076 aut
1018 2012 1135 2078 celsior
1167 2027 1224 2077 aut
1258 2014 1400 2079 sanctior

229 2138 373 2206 potestas
387 2142 444 2202 ea,
469 2142 567 2202 quam
581 2121 680 2186 hodie
701 2121 853 2188 nonnulli
865 2120 876 2154 ³
888 2122 1038 2187 tribuunt
1057 2122 1212 2188 Pontifici
1233 2124 1400 2202 Romano,

230 2254 327 2315 quem
358 2248 477 2316 negant
508 2232 568 2297 ulli
601 2233 745 2296 humano
775 2231 880 2315 judici
913 2233 1105 2316 subjacere,
1140 2254 1214 2298 cum
1238 2254 1398 2299 summurn

229 2345 312 2450 illud
335 2343 507 2425 imperium
531 2361 597 2407 non
622 2341 835 2422 hominibus,
859 2343 918 2408 sed
941 2342 999 2407 uni
1020 2343 1094 2408 Deo
1107 2359 1273 2426 acceptum
1287 2344 1397 2410 ierat?

230 2455 276 2520 Et
308 2454 341 2519 hi
374 2469 481 2518 tamen
515 2451 660 2519 fatentur
693 2453 812 2536 Papam
846 2453 876 2519 si
898 2474 917 2518 a
938 2453 1002 2518 fide
1035 2454 1200 2535 declinet,
1234 2476 1268 2522 se
1292 2455 1399 2540 ipsum

230 2564 316 2631 facto
339 2585 400 2631 suo
413 2566 594 2647 deponere:
614 2583 711 2648 posse
725 2579 831 2630 autem
845 2586 862 2629 a
875 2565 1016 2631 concilio
1030 2543 1216 2650 depositum
1230 2567 1399 2633 declarari:

230 2677 308 2758 quia
331 2676 456 2742 scilicet
479 2676 620 2742 haeresis
642 2676 763 2742 directe
781 2691 941 2760 repugnat
953 2677 1154 2743 institutioni
1168 2678 1398 2745 Pontificatus.

230 2789 316 2854 Cum
341 2787 425 2853 enirn
449 2786 565 2869 capitis
588 2786 706 2852 habere
730 2786 848 2852 debeat
870 2787 1051 2869 rationem,
1085 2803 1122 2854 ut
1145 2789 1245 2855 vitam
1268 2791 1397 2872 corpori

228 2899 386 2978 instillet,
418 2919 484 2962 non
516 2912 626 2980 potest
649 2917 688 2964 eo
712 2899 813 2977 locu,
849 2897 1028 2980 inquiunt,
1064 2900 1199 2981 haberi,
1223 2916 1398 2983 postquam

228 3027 277 3078 est
311 3009 525 3094 spiritualiter
558 3023 719 3074 mortuus.
774 3010 861 3074 Nam
904 3011 1205 3093 quomodocunque
1244 3012 1396 3078 affectum

228 3137 349 3205 caput,
382 3121 443 3186 etsi
466 3123 638 3205 langueat,
668 3135 767 3204 caput
790 3135 914 3186 manet:
936 3122 1119 3204 praecisum
1142 3138 1276 3202 autern,
1300 3140 1399 3207 caput

228 3253 294 3298 non
316 3248 376 3299 est.
422 3233 499 3316 Ipso
522 3231 623 3316 igitur
646 3230 756 3311 facto,
781 3252 856 3296 cum
881 3247 994 3297 contra
1016 3232 1154 3298 formam
1179 3234 1398 3301 institutionis

227 3345 358 3426 veniat,
370 3344 543 3428 perditjus
566 3363 662 3409 omne
684 3358 716 3408 et
738 3357 931 3426 potestatem
945 3347 967 3410 ⁴.
992 3344 1094 3431 Quod
1117 3345 1144 3410 si
1169 3345 1223 3412 ille
1242 3347 1399 3412 Pontifex
1412 3387 1440 3432 V.
1455 3390 1559 3454 ,ΠΜ

226 3471 419 3539 potestatem
451 3457 514 3521 hoc
546 3454 645 3519 modo
678 3468 819 3536 ereptam
853 3456 948 3521 armis
981 3455 1149 3538 vindicet,
1184 3457 1265 3539 quin
1301 3458 1397 3524 armis
1412 3455 1559 3542 {ffssss'lfllffi

227 3567 431 3650 repellendus
460 3566 503 3633 sit
530 3565 662 3630 minime
691 3566 872 3638 dubitatur,
913 3568 1026 3633 lllulto
1047 3568 1148 3652 igitur
1165 3571 1247 3635 haec
1268 3569 1396 3637 facilius
1412 3549 1452 3595 ⁸³⁶·
1467 3549 1503 3596 Π·

140 3665 173 3748 J
228 3676 260 3743 in
292 3677 478 3760 principatu
511 3676 710 3758 procedent,
745 3677 802 3759 qui
833 3678 888 3761 jus
922 3680 1050 3743 nullum
1075 3679 1194 3759 habet,
1219 3680 1281 3744 nisi
1306 3683 1397 3763 quod

226 3811 244 3854 a
273 3788 440 3871 republica
473 3785 658 3868 profectum
691 3801 751 3852 est.
810 3788 923 3869 Atque
959 3788 1032 3854 idco
1066 3810 1105 3854 ex
1138 3790 1397 3874 Hispanorum⁵

232 3994 250 4002 μ
279 3994 425 4002 ----—--

260 4109 267 4140 ¹
287 4111 343 4158 Cic.
361 4110 471 4170 Philipp.
489 4124 513 4170 4.
533 4111 570 4171 [c.
590 4123 613 4166 3.
631 4114 654 4168 p.
664 4111 688 4158 6.
698 4110 765 4173 seq]
777 4122 801 4157 et
811 4111 913 4170 passim.
947 4109 957 4143 ²
976 4113 1034 4160 Vita
1044 4114 1101 4161 Tib.
1112 4116 1227 4163 Gracchi.
1241 4115 1278 4180 [p.
1289 4121 1345 4175 831.
1356 4119 1392 4180 d.]

227 4198 237 4230 ³
263 4203 293 4248 V.
308 4202 369 4248 silv.
385 4202 411 4248 in
429 4217 453 4249 v.
469 4203 535 4261 Papa
551 4215 576 4247 ιι.
593 4215 616 4261 4.
642 4201 782 4249 Cardinalis
808 4203 839 4250 de
858 4202 932 4250 Turni
951 4216 1075 4265 cremata,
1093 4209 1206 4254 Summae
1225 4208 1270 4256 lib.
1288 4222 1312 4270 4.
1330 4223 1355 4270 p.
1374 4225 1397 4258 2.

228 4305 250 4338 c.
281 4305 317 4353 ¹9·
344 4303 370 4338 et
397 4306 437 4339 20.
470 4291 522 4339 ⁴c.
540 4291 655 4340 Acutius.
677 4306 698 4339 1.
717 4303 742 4339 et
761 4306 784 4342 a.
803 4305 826 4339 c.
844 4293 996 4342 audivimus.
1015 4308 1037 4342 c.
1056 4295 1201 4346 didicimus.
1221 4297 1310 4362 [Dect.
1327 4303 1398 4350 Grat.

227 4395 252 4440 p.
271 4394 294 4428 o.
313 4395 352 4443 24.
374 4395 395 4430 1.
414 4396 436 4430 c.
458 4396 479 4430 1.
499 4395 522 4439 ³·
542 4397 566 4442 4.
585 4382 637 4446 su]
674 4382 778 4442 ⁵Vasq.
798 4397 820 4430 c.
842 4397 863 4431 1.
881 4398 905 4432 ιι.
925 4388 948 4432 8.
968 4399 1027 4435 casu
1045 4388 1140 4449 tertio,
1158 4391 1247 4449 allegat
1266 4392 1397 4454 iserniam,

227 4473 349 4520 Thomam
367 4485 393 4522 et
411 4474 583 4522 Hosticnsem.

1228 4575 1264 4636 18
