3536 5692
530 654 693 720 DE'JURE
719 652 901 699 PRAEDAE.
927 652 1006 698 CAP.
1030 652 1110 698 x111.
1331 650 1394 716 295

221 835 238 878 a
258 827 349 897 parte
368 811 604 878 Lusitanorum
627 807 777 887 steterit,
802 807 886 873 bona
907 823 1015 873 autem
1030 807 1112 874 fides
1125 807 1259 873 omnino
1271 829 1288 874 a
1300 823 1390 890 parte

221 926 441 1005 Batavorum,
463 922 491 987 si
510 921 655 988 eamdem
679 939 781 1003 ponas
805 919 838 982 in
853 919 1047 1002 Lusitanis,
1061 940 1145 1001 quae
1163 939 1214 984 res
1227 919 1394 1001 utrimque

222 1050 335 1119 captae
364 1049 443 1100 sunt
472 1054 537 1098 non
569 1034 667 1099 modo
697 1031 828 1098 retineri
852 1031 977 1114 integra
1001 1030 1203 1098 conscientia
1222 1030 1392 1114 potuisse,

222 1147 280 1213 sed
303 1167 342 1212 ex
362 1147 437 1230 jure
460 1144 556 1211 etiam
579 1143 725 1229 gentium
742 1144 933 1210 secundario
946 1143 1049 1211 factas
1062 1163 1173 1208 revera
1184 1140 1392 1226 capientium.
1405 1161 1451 1259 ir't
1460 1163 1537 1208 aaron.

223 1258 343 1339 Neque
362 1257 447 1321 enim
474 1257 596 1321 bellum
621 1257 683 1321 hoc
703 1255 801 1322 civile
820 1256 1068 1322 sedexternum
1091 1269 1163 1336 est,
1188 1274 1261 1319 curn
1286 1247 1473 1319 diver-Vlia.
1487 1228 1536 1278 ΜΡ·

224 1389 277 1435 sae
309 1367 373 1433 sint
396 1367 598 1449 respublicae
620 1367 817 1433 Batavorum
842 1381 874 1431 et
895 1364 1147 1432 Lusitanorum.
1195 1365 1265 1429 Imo
1286 1363 1393 1446 ipsum
1406 1383 1527 1482 {Tum

225 1480 320 1545 etiam
344 1479 377 1544 in
399 1477 587 1561 Philippum
611 1479 733 1544 bellum
756 1477 908 1544 nonfuit
931 1477 1054 1558 civile,
1079 1497 1118 1542 ex
1131 1497 1198 1559 quo
1215 1495 1289 1559 pars
1303 1477 1395 1542 nulia
1441 1469 1448 1483 '

225 1590 426 1675 reipublicae
455 1589 670 1657 Hollandicae
701 1588 793 1655 stetit
823 1608 840 1654 a
870 1588 1024 1671 Phiiippo
1048 1603 1089 1659 ,et
1117 1589 1187 1671 ipse
1209 1587 1395 1671 principatu
1477 1585 1481 1594 ’

225 1702 391 1768 cecidisse·
398 1677 566 1786 judicatus
588 1715 646 1768 est.
693 1699 827 1768 Cassius
848 1704 856 1736 ¹
879 1699 913 1764 in
933 1699 1080 1766 oratione
1091 1700 1132 1766 ad
1144 1699 1296 1767 Rhodios
1309 1699 1396 1782 apud

224 1812 412 1895 Appianum
430 1827 528 1896 negat
550 1811 680 1878 civilem
703 1831 771 1876 esse
798 1810 1057 1892 dissensionem,
1081 1811 1139 1876 sed
1158 1811 1280 1876 bellum
1302 1831 1396 1894 aper·

224 1939 315 2007 tum,
339 1907 675 2006 quotiesrespublica
698 1943 759 2005 pro
778 1923 928 1988 libertate
948 1936 1059 1988 contra
1074 1911 1181 1988 'unius
1200 1922 1396 1989 dominatio·

224 2056 298 2102 nem
321 2049 433 2101 certat.
468 2035 595 2101 bellum
608 2035 834 2100 Romanorum
857 2034 1014 2100 adversus
1026 2033 1253 2116 Tarquinios²
1267 2055 1396 2102 eorum-

226 2169 290 2230 que
310 2147 419 2213 socios
440 2146 524 2212 nihil
545 2146 653 2240 minus
677 2144 744 2211 fuit
767 2165 864 2226 quam
888 2144 1005 2209 civile:
1031 2144 1171 2228 ideoque
1193 2160 1226 2210 et
1246 2146 1394 2229 praedam

226 2259 391 2340 utrimque
411 2271 534 2339 partam
555 2255 693 2340 legimus
717 2271 750 2320 et
771 2256 927 2339 spoliatos
950 2275 967 2320 a
987 2256 1146 2322 Romanis
1168 2256 1262 2321 etiam
1280 2257 1397 2323 Etrus·

226 2389 306 2450 cos,
332 2369 389 2451 qui
424 2368 457 2448 in
491 2367 641 2450 partibus
672 2382 763 2434 erant
797 2366 1079 2448 Tarquiniorum,
1115 2366 1203 2432 sicut
1241 2367 1397 2434 Lusitani

227 2481 260 2547 in
282 2479 430 2564 partibus
453 2478 609 2562 Philippi.
655 2478 778 2544 Noster
802 2479 897 2545 etiam
919 2478 1070 2544 Bartoius
1090 2477 1124 2560 ³,
1143 2499 1240 2559 quem
1253 2497 1398 2560 sequun-

228 2606 282 2657 tur
314 2590 390 2672 alii,
423 2609 497 2656 cum
526 2589 662 2657 dixisset
690 2592 789 2672 paulo
811 2605 887 2656 ante
909 2589 1058 2655 civitates
1082 2590 1226 2656 Tusciae
1249 2590 1397 2658 subditas

229 2723 299 2770 esse
331 2701 545 2785 Imperatori,
575 2704 650 2786 Jure
680 2701 837 2782 omnino,
870 2701 987 2784 partim
1022 2701 1117 2767 etiam
1149 2700 1259 2783 facto,
1291 2717 1397 2767 tamen

229 2813 340 2880 subdit
364 2813 398 2879 in
421 2815 524 2892 bello,
547 2813 575 2880 si
600 2813 690 2894 quod
710 2812 850 2878 oriretur
873 2812 957 2880 inter
975 2812 1205 2896 Imperatorem
1230 2826 1263 2878 et
1282 2813 1398 2881 civita·

228 2941 292 2991 tem
322 2945 406 3006 quae
431 2942 464 2988 se
487 2943 547 3006 pro
570 2923 670 2989 libera
694 2923 798 3008 gerit,
817 2923 1037 2989 Florentinam
1058 2938 1136 3006 puta
1157 2926 1210 2990 vel
1231 2924 1397 3005 Pisanam,

226 3037 299 3121 jure
320 3035 454 3118 publico
478 3034 613 3118 praedae
634 3036 743 3101 locum
764 3034 833 3101 fore
854 3033 875 3100 ⁴.
908 3034 1132 3118 'Propositum
1153 3049 1259 3102 autem
1284 3037 1317 3102 in
1337 3035 1397 3102 hac
1424 3057 1471 3102 aa·
1485 3060 1555 3124 confr.

230 3169 263 3213 re
276 3162 333 3213 aut
344 3147 512 3224 societati,
535 3127 593 3212 aut
603 3146 654 3212 his
665 3196 673 3225 ‚
686 3145 744 3227 qui
755 3146 827 3212 vice
839 3147 1004 3214 societatis
1016 3147 1157 3214 navibus
1166 3148 1396 3231 praefuerunt,
1410 3115 1474 3211 IIH'
1483 3122 1554 3158 ‘'m‘'

229 3257 319 3323 aliud
339 3255 440 3322 fuisse
460 3274 556 3322 nemo
579 3254 831 3340 imaginabitur,
857 3277 953 3338 quam
977 3272 1014 3322 ut
1037 3277 1167 3342 operam
1187 3259 1397 3343 obsequium·

230 3389 294 3452 que
317 3367 560 3434 commodarent
590 3366 795 3448 Ordinibus,
820 3388 893 3433 curn
924 3369 1075 3451 publicae
1110 3371 1228 3437 ultioni
1250 3386 1321 3437 tum
1345 3391 1397 3437 so·

230 3479 358 3545 rietatis
393 3479 498 3562 ipsius
524 3479 590 3561 juri
623 3480 794 3546 consulere
823 3479 1028 3548 volentibus.
1075 3481 1128 3546 Ex
1162 3482 1212 3546 his
1245 3482 1398 3549 omnibus

229 3605 362 3674 apparet
384 3591 506 3656 beilum
537 3591 720 3673 (quatenus
748 3590 802 3656 hic
824 3591 1021 3658 considerari
1042 3595 1169 3678 potest)
1190 3593 1397 3660 subditorum
1412 3610 1448 3708 ᾗ
1473 3611 1543 3655 canu.

230 3703 354 3768 ratione
374 3703 500 3786 justum
521 3720 591 3768 esse
611 3717 643 3767 et
662 3702 811 3785 praedam
831 3704 919 3786 juste
939 3717 1073 3786 partam.
1109 3704 1260 3790 Quorum
1273 3720 1399 3770 utrum·
1445 3695 1451 3708 '

231 3834 296 3896 que
328 3813 473 3878 fatentur
503 3811 614 3878 literae
642 3811 796 3894 praefecti
823 3814 1039 3879 Malaccensis
1067 3815 1311 3897 Albuquercii,
1336 3815 1456 3925 viriffi
1472 3828 1543 3873 concl-

231 3923 495 4009 prudentissimi,
519 3923 561 3988 ad
572 3922 846 3989 Hemskerckium
859 3916 1016 4008 scriptae:
1041 3926 1175 3989 Nactus
1194 3947 1250 4006 es,
1266 3930 1398 4011 inquit,
1413 3912 1491 4003 1202„
1505 3958 1557 4016 q,

231 4059 346 4105 narem
368 4035 567 4122 opulentam.
613 4035 765 4116 Fruere,
789 4035 1053 4121 quandoquidem
1063 4037 1158 4121 justo
1181 4037 1263 4101 bello
1282 4052 1400 4102 nactus
1412 4026 1441 4110 'Z'
1450 4011 1568 4122 ,313ῗωῖ

266 4323 309 4369 ¹1.
325 4335 350 4383 4.
368 4321 446 4371 civil.
467 4319 503 4384 [c.
519 4321 560 4383 69.
579 4323 632 4369 vol.
653 4335 676 4368 α.
695 4334 720 4380 p.
739 4322 796 4383 619.
814 4321 967 4383 Schweigb.]
1003 4319 1013 4353 ²
1030 4321 1131 4383 Livius,
1147 4323 1164 4369 l.
1182 4336 1204 4370 a.
1222 4322 1324 4381 passim.
1342 4322 1355 4355 ³
1370 4324 1402 4371 ad

231 4416 248 4460 l.
273 4415 366 4462 hostes.
393 4414 423 4461 de
452 4424 518 4472 capt.
542 4426 567 4460 n.
593 4424 615 4469 3.
642 4422 667 4459 et
687 4425 712 4473 4.
739 4412 784 4473 [D.
807 4426 848 4474 49.
869 4425 907 4469 15·
926 4411 978 4475 24]
998 4415 1057 4460 Pan.
1077 4413 1102 4461 in
1121 4427 1143 4461 c.
1161 4413 1233 4462 siout.
1251 4415 1282 4462 de
1296 4411 1401 4472 jureiur.

232 4501 348 4566 [Decret.
364 4517 387 4552 2.
406 4517 446 4564 24·
462 4502 515 4566 29.]
551 4502 562 4534 ⁴
579 4505 646 4551 Bart.
665 4501 701 4552 ibi
717 4515 742 4550 n.
760 4503 799 4552 16.
