<?xml version="1.0" encoding="UTF-8"?>
<!DOCTYPE html PUBLIC "-//W3C//DTD XHTML 1.0 Transitional//EN"
    "http://www.w3.org/TR/xhtml1/DTD/xhtml1-transitional.dtd">
<html xmlns="http://www.w3.org/1999/xhtml" xml:lang="en" lang="en">
 <head>
  <title>
</title>
<meta http-equiv="Content-Type" content="text/html;charset=utf-8" />
  <meta name='ocr-system' content='tesseract 3.04.00' />
  <meta name='ocr-capabilities' content='ocr_page ocr_carea ocr_par ocr_line ocrx_word'/>
</head>
<body>
  <div class='ocr_page' id='page_1' title='image "./ledroitdeprised00hamagoog_0097.png"; bbox 0 0 3552 5654; ppageno 0'>
   <div class='ocr_carea' id='block_1_1' title="bbox 561 621 1424 697">
    <p class='ocr_par' dir='ltr' id='par_1_1' title="bbox 561 621 1424 697">
     <span class='ocr_line' id='line_1_1' title="bbox 561 621 1424 697; baseline 0 -23"><span class='ocrx_word' id='word_1_1' title='bbox 561 627 607 675; x_wconf 78' lang='lat' dir='ltr'><strong>DE</strong></span> <span class='ocrx_word' id='word_1_2' title='bbox 632 627 725 694; x_wconf 79' lang='lat' dir='ltr'><strong>Jutttt</strong></span> <span class='ocrx_word' id='word_1_3' title='bbox 750 627 935 677; x_wconf 78' lang='lat' dir='ltr'><strong>PRABDAE·</strong></span> <span class='ocrx_word' id='word_1_4' title='bbox 960 626 1041 676; x_wconf 77' lang='lat' dir='ltr'>CAP.</span> <span class='ocrx_word' id='word_1_5' title='bbox 1064 627 1131 676; x_wconf 86' lang='lat' dir='ltr'><strong>vtt.</strong></span> <span class='ocrx_word' id='word_1_6' title='bbox 1383 621 1424 697; x_wconf 74' lang='grc'><strong>77</strong></span> 
     </span>
    </p>
   </div>
   <div class='ocr_carea' id='block_1_2' title="bbox 249 781 1428 2973">
    <p class='ocr_par' dir='ltr' id='par_1_2' title="bbox 249 781 1428 2973">
     <span class='ocr_line' id='line_1_2' title="bbox 251 781 1426 872; baseline -0.002 -19"><span class='ocrx_word' id='word_1_7' title='bbox 251 782 412 872; x_wconf 79' lang='lat' dir='ltr'><strong>justitiam</strong></span> <span class='ocrx_word' id='word_1_8' title='bbox 448 797 532 864; x_wconf 87' lang='lat' dir='ltr'><strong>quae</strong></span> <span class='ocrx_word' id='word_1_9' title='bbox 560 781 594 849; x_wconf 92' lang='lat' dir='ltr'><strong>in</strong></span> <span class='ocrx_word' id='word_1_10' title='bbox 622 783 876 850; x_wconf 86' lang='lat' dir='ltr'><strong>commutatione</strong></span> <span class='ocrx_word' id='word_1_11' title='bbox 903 797 975 865; x_wconf 85' lang='lat' dir='ltr'><strong>est,</strong></span> <span class='ocrx_word' id='word_1_12' title='bbox 1011 781 1096 849; x_wconf 81' lang='lat' dir='ltr'><strong>inter&#39;</strong></span> <span class='ocrx_word' id='word_1_13' title='bbox 1128 795 1258 866; x_wconf 81' lang='lat' dir='ltr'><strong>partes,</strong></span> <span class='ocrx_word' id='word_1_14' title='bbox 1286 782 1426 866; x_wconf 80' lang='lat' dir='ltr'><strong>quaein</strong></span> 
     </span>
     <span class='ocr_line' id='line_1_3' title="bbox 253 894 1425 978; baseline -0.002 -14"><span class='ocrx_word' id='word_1_15' title='bbox 253 895 509 976; x_wconf 73' lang='lat' dir='ltr'><strong>distributione,</strong></span> <span class='ocrx_word' id='word_1_16' title='bbox 534 916 552 959; x_wconf 89' lang='lat' dir='ltr'><strong>a</strong></span> <span class='ocrx_word' id='word_1_17' title='bbox 574 909 646 962; x_wconf 91' lang='lat' dir='ltr'><strong>toto</strong></span> <span class='ocrx_word' id='word_1_18' title='bbox 669 895 711 961; x_wconf 84' lang='lat' dir='ltr'><strong>ad</strong></span> <span class='ocrx_word' id='word_1_19' title='bbox 732 911 863 978; x_wconf 87' lang='lat' dir='ltr'><strong>partes,</strong></span> <span class='ocrx_word' id='word_1_20' title='bbox 888 894 931 960; x_wconf 86' lang='lat' dir='ltr'><strong>ita</strong></span> <span class='ocrx_word' id='word_1_21' title='bbox 951 897 1035 962; x_wconf 83' lang='lat' dir='ltr'><strong>hanc</strong></span> <span class='ocrx_word' id='word_1_22' title='bbox 1054 894 1238 978; x_wconf 79' lang='lat' dir='ltr'><strong>apartibus</strong></span> <span class='ocrx_word' id='word_1_23' title='bbox 1258 896 1425 964; x_wconf 83' lang='lat' dir='ltr'><strong>adtoturu</strong></span> 
     </span>
     <span class='ocr_line' id='line_1_4' title="bbox 253 1005 1427 1093; baseline 0 -19"><span class='ocrx_word' id='word_1_24' title='bbox 253 1007 440 1075; x_wconf 84' lang='lat' dir='ltr'><strong>consistere.</strong></span> <span class='ocrx_word' id='word_1_25' title='bbox 492 1005 636 1072; x_wconf 88' lang='lat' dir='ltr'><strong>Primum</strong></span> <span class='ocrx_word' id='word_1_26' title='bbox 670 1005 772 1092; x_wconf 85' lang='lat' dir='ltr'><strong>igitur</strong></span> <span class='ocrx_word' id='word_1_27' title='bbox 803 1007 894 1088; x_wconf 92' lang='lat' dir='ltr'><strong>quod</strong></span> <span class='ocrx_word' id='word_1_28' title='bbox 927 1006 1019 1089; x_wconf 86' lang='lat' dir='ltr'><strong>dixi,</strong></span> <span class='ocrx_word' id='word_1_29' title='bbox 1051 1006 1178 1093; x_wconf 85' lang='lat' dir='ltr'><strong>justum</strong></span> <span class='ocrx_word' id='word_1_30' title='bbox 1211 1026 1253 1073; x_wconf 89' lang='lat' dir='ltr'><strong>ne</strong></span> <span class='ocrx_word' id='word_1_31' title='bbox 1285 1007 1427 1076; x_wconf 84' lang='lat' dir='ltr'><strong>subditis</strong></span> 
     </span>
     <span class='ocr_line' id='line_1_5' title="bbox 253 1113 1427 1204; baseline -0.001 -18"><span class='ocrx_word' id='word_1_32' title='bbox 253 1117 385 1202; x_wconf 90' lang='lat' dir='ltr'><strong>quidem</strong></span> <span class='ocrx_word' id='word_1_33' title='bbox 409 1113 532 1186; x_wconf 87' lang='lat' dir='ltr'><strong>beilum</strong></span> <span class='ocrx_word' id='word_1_34' title='bbox 556 1135 646 1200; x_wconf 85' lang='lat' dir='ltr'><strong>esse,</strong></span> <span class='ocrx_word' id='word_1_35' title='bbox 669 1117 697 1184; x_wconf 93' lang='lat' dir='ltr'><strong>si</strong></span> <span class='ocrx_word' id='word_1_36' title='bbox 717 1116 862 1202; x_wconf 89' lang='lat' dir='ltr'><strong>ipsorum</strong></span> <span class='ocrx_word' id='word_1_37' title='bbox 879 1117 961 1185; x_wconf 89' lang='lat' dir='ltr'><strong>ratio</strong></span> <span class='ocrx_word' id='word_1_38' title='bbox 972 1117 1176 1204; x_wconf 82' lang='lat' dir='ltr'><strong>repugnet¹‚</strong></span> <span class='ocrx_word' id='word_1_39' title='bbox 1200 1117 1343 1186; x_wconf 88' lang='lat' dir='ltr'><strong>eamdem</strong></span> <span class='ocrx_word' id='word_1_40' title='bbox 1354 1137 1427 1185; x_wconf 76' lang='lat' dir='ltr'><strong>sen·</strong></span> 
     </span>
     <span class='ocr_line' id='line_1_6' title="bbox 252 1227 1426 1322; baseline -0.003 -24"><span class='ocrx_word' id='word_1_41' title='bbox 252 1231 388 1298; x_wconf 87' lang='lat' dir='ltr'><strong>tentiam</strong></span> <span class='ocrx_word' id='word_1_42' title='bbox 420 1229 567 1315; x_wconf 87' lang='lat' dir='ltr'><strong>theologi</strong></span> <span class='ocrx_word' id='word_1_43' title='bbox 590 1231 602 1270; x_wconf 83' lang='lat'><strong>¹</strong></span> <span class='ocrx_word' id='word_1_44' title='bbox 626 1229 673 1295; x_wconf 85' lang='lat' dir='ltr'><strong>sic</strong></span> <span class='ocrx_word' id='word_1_45' title='bbox 703 1227 861 1296; x_wconf 84' lang='lat' dir='ltr'><strong>efferunt:</strong></span> <span class='ocrx_word' id='word_1_46' title='bbox 897 1227 1072 1316; x_wconf 77' lang='lat' dir='ltr'><strong>Quidquid</strong></span> <span class='ocrx_word' id='word_1_47' title='bbox 1100 1249 1164 1295; x_wconf 87' lang='lat' dir='ltr'><strong>nun</strong></span> <span class='ocrx_word' id='word_1_48' title='bbox 1198 1249 1239 1322; x_wconf 76' lang='lat' dir='ltr'><strong>aaa</strong></span> <span class='ocrx_word' id='word_1_49' title='bbox 1265 1228 1334 1314; x_wconf 81' lang='lat' dir='ltr'><strong>fida</strong></span> <span class='ocrx_word' id='word_1_50' title='bbox 1356 1244 1426 1312; x_wconf 78' lang='lat' dir='ltr'><strong>est,</strong></span> 
     </span>
     <span class='ocr_line' id='line_1_7' title="bbox 249 1338 1425 1429; baseline -0.001 -22"><span class='ocrx_word' id='word_1_51' title='bbox 249 1355 422 1429; x_wconf 79' lang='lat' dir='ltr'><strong>peccatum</strong></span> <span class='ocrx_word' id='word_1_52' title='bbox 445 1354 516 1406; x_wconf 77' lang='lat' dir='ltr'><strong>est:</strong></span> <span class='ocrx_word' id='word_1_53' title='bbox 540 1343 623 1406; x_wconf 87' lang='lat' dir='ltr'><strong>maia</strong></span> <span class='ocrx_word' id='word_1_54' title='bbox 647 1341 983 1426; x_wconf 79' lang='lat' dir='ltr'><strong>estenimvoluntas‚</strong></span> <span class='ocrx_word' id='word_1_55' title='bbox 1007 1355 1045 1407; x_wconf 89' lang='lat' dir='ltr'><strong>ut</strong></span> <span class='ocrx_word' id='word_1_56' title='bbox 1065 1338 1425 1423; x_wconf 83' lang='lat' dir='ltr'><strong>dicuntschoiastici⁸,</strong></span> 
     </span>
     <span class='ocr_line' id='line_1_8' title="bbox 255 1448 1427 1535; baseline 0 -17"><span class='ocrx_word' id='word_1_57' title='bbox 255 1470 339 1535; x_wconf 88' lang='lat' dir='ltr'><strong>quae</strong></span> <span class='ocrx_word' id='word_1_58' title='bbox 362 1452 526 1518; x_wconf 86' lang='lat' dir='ltr'><strong>aratione</strong></span> <span class='ocrx_word' id='word_1_59' title='bbox 549 1451 645 1518; x_wconf 85' lang='lat' dir='ltr'><strong>etiam</strong></span> <span class='ocrx_word' id='word_1_60' title='bbox 669 1467 792 1518; x_wconf 83' lang='lat' dir='ltr'>errante</span> <span class='ocrx_word' id='word_1_61' title='bbox 815 1451 975 1520; x_wconf 82' lang='lat' dir='ltr'><strong>dissentit.</strong></span> <span class='ocrx_word' id='word_1_62' title='bbox 1020 1448 1119 1518; x_wconf 88' lang='lat' dir='ltr'><strong>Tunc</strong></span> <span class='ocrx_word' id='word_1_63' title='bbox 1141 1467 1247 1518; x_wconf 89' lang='lat' dir='ltr'><strong>autem</strong></span> <span class='ocrx_word' id='word_1_64' title='bbox 1270 1450 1353 1518; x_wconf 89' lang='lat' dir='ltr'><strong>ratio</strong></span> <span class='ocrx_word' id='word_1_65' title='bbox 1376 1471 1427 1518; x_wconf 81' lang='lat' dir='ltr'><strong>re·</strong></span> 
     </span>
     <span class='ocr_line' id='line_1_9' title="bbox 253 1559 1427 1648; baseline 0 -20"><span class='ocrx_word' id='word_1_66' title='bbox 253 1577 402 1647; x_wconf 82' lang='lat' dir='ltr'><strong>pugnat,</strong></span> <span class='ocrx_word' id='word_1_67' title='bbox 431 1581 505 1628; x_wconf 89' lang='lat' dir='ltr'><strong>cum</strong></span> <span class='ocrx_word' id='word_1_68' title='bbox 527 1561 627 1629; x_wconf 84' lang='lat' dir='ltr'><strong>dictat</strong></span> <span class='ocrx_word' id='word_1_69' title='bbox 648 1563 775 1648; x_wconf 87' lang='lat' dir='ltr'><strong>jussum</strong></span> <span class='ocrx_word' id='word_1_70' title='bbox 798 1559 996 1647; x_wconf 83' lang='lat' dir='ltr'><strong>reipublicae</strong></span> <span class='ocrx_word' id='word_1_71' title='bbox 1017 1579 1074 1629; x_wconf 83' lang='lat' dir='ltr'><strong>aur</strong></span> <span class='ocrx_word' id='word_1_72' title='bbox 1094 1559 1303 1647; x_wconf 81' lang='lat' dir='ltr'><strong>magistratus</strong></span> <span class='ocrx_word' id='word_1_73' title='bbox 1325 1562 1427 1629; x_wconf 83' lang='lat' dir='ltr'><strong>etsie</strong></span> 
     </span>
     <span class='ocr_line' id='line_1_10' title="bbox 254 1665 1428 1759; baseline 0 -19"><span class='ocrx_word' id='word_1_74' title='bbox 254 1674 342 1759; x_wconf 87' lang='lat' dir='ltr'><strong>leges</strong></span> <span class='ocrx_word' id='word_1_75' title='bbox 366 1665 517 1740; x_wconf 87' lang='lat' dir='ltr'><strong>ordinum</strong></span> <span class='ocrx_word' id='word_1_76' title='bbox 541 1673 731 1740; x_wconf 82' lang='lat' dir='ltr'><strong>inferiorum</strong></span> <span class='ocrx_word' id='word_1_77' title='bbox 755 1689 821 1740; x_wconf 91' lang='lat' dir='ltr'><strong>non</strong></span> <span class='ocrx_word' id='word_1_78' title='bbox 845 1669 1027 1740; x_wconf 86' lang='lat' dir='ltr'><strong>consentite</strong></span> <span class='ocrx_word' id='word_1_79' title='bbox 1050 1691 1124 1740; x_wconf 87' lang='lat' dir='ltr'><strong>cum</strong></span> <span class='ocrx_word' id='word_1_80' title='bbox 1148 1671 1350 1758; x_wconf 85' lang='lat' dir='ltr'><strong>superiorum</strong></span> <span class='ocrx_word' id='word_1_81' title='bbox 1374 1692 1428 1742; x_wconf 70' lang='grc' dir='ltr'><strong>οι·</strong></span> 
     </span>
     <span class='ocr_line' id='line_1_11' title="bbox 253 1783 1427 1871; baseline 0.001 -21"><span class='ocrx_word' id='word_1_82' title='bbox 253 1785 366 1851; x_wconf 90' lang='lat' dir='ltr'><strong>dinum</strong></span> <span class='ocrx_word' id='word_1_83' title='bbox 398 1783 549 1868; x_wconf 81' lang='lat' dir='ltr'><strong>iegibus,</strong></span> <span class='ocrx_word' id='word_1_84' title='bbox 583 1797 616 1849; x_wconf 89' lang='lat' dir='ltr'><strong>et</strong></span> <span class='ocrx_word' id='word_1_85' title='bbox 649 1799 888 1866; x_wconf 84' lang='lat' dir='ltr'><strong>consequenter</strong></span> <span class='ocrx_word' id='word_1_86' title='bbox 910 1783 1048 1871; x_wconf 82' lang='lat' dir='ltr'><strong>injustas</strong></span> <span class='ocrx_word' id='word_1_87' title='bbox 1072 1803 1142 1852; x_wconf 83' lang='lat' dir='ltr'><strong>esse</strong></span> <span class='ocrx_word' id='word_1_88' title='bbox 1164 1785 1348 1870; x_wconf 77' lang='lat' dir='ltr'><strong>perlegam</strong></span> <span class='ocrx_word' id='word_1_89' title='bbox 1372 1784 1427 1851; x_wconf 83' lang='lat' dir='ltr'><strong>de-</strong></span> 
     </span>
     <span class='ocr_line' id='line_1_12' title="bbox 253 1893 1427 1981; baseline 0.001 -20"><span class='ocrx_word' id='word_1_90' title='bbox 253 1895 367 1962; x_wconf 87' lang='lat' dir='ltr'><strong>cimam</strong></span> <span class='ocrx_word' id='word_1_91' title='bbox 399 1893 547 1961; x_wconf 78' lang='lat' dir='ltr'><strong>tertiamt</strong></span> <span class='ocrx_word' id='word_1_92' title='bbox 580 1895 671 1976; x_wconf 90' lang='lat' dir='ltr'><strong>quod</strong></span> <span class='ocrx_word' id='word_1_93' title='bbox 703 1907 736 1960; x_wconf 88' lang='lat' dir='ltr'><strong>et</strong></span> <span class='ocrx_word' id='word_1_94' title='bbox 766 1896 896 1980; x_wconf 86' lang='lat' dir='ltr'><strong>regulae</strong></span> <span class='ocrx_word' id='word_1_95' title='bbox 927 1895 1130 1962; x_wconf 82' lang='lat' dir='ltr'><strong>convincunt</strong></span> <span class='ocrx_word' id='word_1_96' title='bbox 1161 1894 1248 1961; x_wconf 84' lang='lat' dir='ltr'><strong>unde</strong></span> <span class='ocrx_word' id='word_1_97' title='bbox 1281 1895 1427 1981; x_wconf 83' lang='lat' dir='ltr'><strong>singulae</strong></span> 
     </span>
     <span class='ocr_line' id='line_1_13' title="bbox 253 1997 1428 2093; baseline -0.001 -19"><span class='ocrx_word' id='word_1_98' title='bbox 253 2007 342 2093; x_wconf 84' lang='lat' dir='ltr'><strong>leges</strong></span> <span class='ocrx_word' id='word_1_99' title='bbox 372 2006 534 2074; x_wconf 86' lang='lat' dir='ltr'><strong>oriuntur.</strong></span> <span class='ocrx_word' id='word_1_100' title='bbox 580 1997 712 2071; x_wconf 87' lang='lat' dir='ltr'><strong>Tritum</strong></span> <span class='ocrx_word' id='word_1_101' title='bbox 745 2003 851 2086; x_wconf 88' lang='lat' dir='ltr'><strong>iilud,</strong></span> <span class='ocrx_word' id='word_1_102' title='bbox 883 2006 987 2071; x_wconf 85' lang='lat' dir='ltr'><strong>satius</strong></span> <span class='ocrx_word' id='word_1_103' title='bbox 1017 2001 1090 2072; x_wconf 89' lang='lat' dir='ltr'><strong>Deo</strong></span> <span class='ocrx_word' id='word_1_104' title='bbox 1113 2021 1223 2090; x_wconf 85' lang='lat' dir='ltr'><strong>parere</strong></span> <span class='ocrx_word' id='word_1_105' title='bbox 1247 2025 1353 2088; x_wconf 86' lang='lat' dir='ltr'><strong>quam</strong></span> <span class='ocrx_word' id='word_1_106' title='bbox 1367 2008 1428 2073; x_wconf 81' lang='lat' dir='ltr'><strong>ho-</strong></span> 
     </span>
     <span class='ocr_line' id='line_1_14' title="bbox 252 2113 1426 2200; baseline 0.002 -18"><span class='ocrx_word' id='word_1_107' title='bbox 252 2117 397 2184; x_wconf 89' lang='lat' dir='ltr'><strong>minibus</strong></span> <span class='ocrx_word' id='word_1_108' title='bbox 414 2115 450 2200; x_wconf 82' lang='lat'><strong>⁴,</strong></span> <span class='ocrx_word' id='word_1_109' title='bbox 484 2115 575 2200; x_wconf 86' lang='lat' dir='ltr'><strong>quod</strong></span> <span class='ocrx_word' id='word_1_110' title='bbox 606 2117 647 2182; x_wconf 88' lang='lat' dir='ltr'><strong>ad</strong></span> <span class='ocrx_word' id='word_1_111' title='bbox 679 2131 823 2183; x_wconf 87' lang='lat' dir='ltr'><strong>nostram</strong></span> <span class='ocrx_word' id='word_1_112' title='bbox 855 2115 1109 2200; x_wconf 87' lang='lat' dir='ltr'><strong>disputationem</strong></span> <span class='ocrx_word' id='word_1_113' title='bbox 1133 2115 1178 2182; x_wconf 89' lang='lat' dir='ltr'><strong>ita</strong></span> <span class='ocrx_word' id='word_1_114' title='bbox 1200 2113 1330 2200; x_wconf 80' lang='lat' dir='ltr'><strong>adaptat</strong></span> <span class='ocrx_word' id='word_1_115' title='bbox 1352 2137 1426 2184; x_wconf 90' lang='lat' dir='ltr'><strong>cum</strong></span> 
     </span>
     <span class='ocr_line' id='line_1_15' title="bbox 252 2221 1427 2317; baseline -0.001 -23"><span class='ocrx_word' id='word_1_116' title='bbox 252 2231 401 2312; x_wconf 81' lang='lat' dir='ltr'><strong>exemplo</strong></span> <span class='ocrx_word' id='word_1_117' title='bbox 433 2227 632 2295; x_wconf 89' lang='lat' dir='ltr'><strong>Ambrosius</strong></span> <span class='ocrx_word' id='word_1_118' title='bbox 660 2227 691 2293; x_wconf 79' lang='lat' dir='ltr'><strong>‘t</strong></span> <span class='ocrx_word' id='word_1_119' title='bbox 732 2228 897 2317; x_wconf 79' lang='lat' dir='ltr'><strong>Julianus</strong></span> <span class='ocrx_word' id='word_1_120' title='bbox 941 2221 1131 2312; x_wconf 82' lang='lat' dir='ltr'><strong>imperator</strong></span> <span class='ocrx_word' id='word_1_121' title='bbox 1164 2229 1315 2311; x_wconf 80' lang='lat' dir='ltr'><strong>quamuis</strong></span> <span class='ocrx_word' id='word_1_122' title='bbox 1347 2241 1427 2293; x_wconf 81' lang='lat' dir='ltr'><strong>esset</strong></span> 
     </span>
     <span class='ocr_line' id='line_1_16' title="bbox 252 2335 1427 2426; baseline -0.001 -21"><span class='ocrx_word' id='word_1_123' title='bbox 252 2353 409 2426; x_wconf 84' lang='lat' dir='ltr'><strong>apostata</strong></span> <span class='ocrx_word' id='word_1_124' title='bbox 442 2339 561 2405; x_wconf 82' lang='lat' dir='ltr'><strong>habuit</strong></span> <span class='ocrx_word' id='word_1_125' title='bbox 596 2351 707 2404; x_wconf 77' lang='lat' dir='ltr'><strong>tamen</strong></span> <span class='ocrx_word' id='word_1_126' title='bbox 740 2339 799 2404; x_wconf 87' lang='lat' dir='ltr'><strong>sub</strong></span> <span class='ocrx_word' id='word_1_127' title='bbox 833 2359 866 2404; x_wconf 80' lang='lat' dir='ltr'><strong>sa</strong></span> <span class='ocrx_word' id='word_1_128' title='bbox 899 2337 1109 2402; x_wconf 80' lang='lat' dir='ltr'><strong>Christianos</strong></span> <span class='ocrx_word' id='word_1_129' title='bbox 1138 2335 1285 2402; x_wconf 81' lang='lat' dir='ltr'><strong>militet:</strong></span> <span class='ocrx_word' id='word_1_130' title='bbox 1308 2336 1427 2422; x_wconf 85' lang='lat' dir='ltr'><strong>quibus</strong></span> 
     </span>
     <span class='ocr_line' id='line_1_17' title="bbox 252 2443 1425 2535; baseline 0 -21"><span class='ocrx_word' id='word_1_131' title='bbox 252 2469 325 2514; x_wconf 84' lang='lat' dir='ltr'><strong>aum</strong></span> <span class='ocrx_word' id='word_1_132' title='bbox 355 2450 509 2516; x_wconf 82' lang='lat' dir='ltr'><strong>dicabat:</strong></span> <span class='ocrx_word' id='word_1_133' title='bbox 548 2443 730 2515; x_wconf 80' lang='lat' dir='ltr'><strong>Producita</strong></span> <span class='ocrx_word' id='word_1_134' title='bbox 761 2452 864 2514; x_wconf 77' lang='lat' dir='ltr'><strong>acient</strong></span> <span class='ocrx_word' id='word_1_135' title='bbox 889 2463 954 2535; x_wconf 86' lang='lat' dir='ltr'><strong>pro</strong></span> <span class='ocrx_word' id='word_1_136' title='bbox 985 2443 1170 2532; x_wconf 71' lang='lat' dir='ltr'><strong>defensione</strong></span> <span class='ocrx_word' id='word_1_137' title='bbox 1199 2447 1425 2532; x_wconf 77' lang='lat' dir='ltr'><strong>reipublicae,</strong></span> 
     </span>
     <span class='ocr_line' id='line_1_18' title="bbox 253 2549 1427 2626; baseline 0.002 -4"><span class='ocrx_word' id='word_1_138' title='bbox 253 2549 445 2624; x_wconf 72' lang='lat' dir='ltr'><strong>obediebant</strong></span> <span class='ocrx_word' id='word_1_139' title='bbox 474 2562 527 2624; x_wconf 81' lang='lat' dir='ltr'><strong>ai:</strong></span> <span class='ocrx_word' id='word_1_140' title='bbox 558 2577 633 2624; x_wconf 79' lang='lat' dir='ltr'><strong>cuna</strong></span> <span class='ocrx_word' id='word_1_141' title='bbox 665 2571 775 2624; x_wconf 78' lang='lat' dir='ltr'><strong>autem</strong></span> <span class='ocrx_word' id='word_1_142' title='bbox 803 2558 931 2625; x_wconf 77' lang='lat' dir='ltr'><strong>dicaret</strong></span> <span class='ocrx_word' id='word_1_143' title='bbox 956 2561 1025 2626; x_wconf 80' lang='lat' dir='ltr'><strong>eis:</strong></span> <span class='ocrx_word' id='word_1_144' title='bbox 1059 2555 1241 2624; x_wconf 67' lang='lat' dir='ltr'><strong>prodactae</strong></span> <span class='ocrx_word' id='word_1_145' title='bbox 1269 2575 1369 2624; x_wconf 81' lang='lat' dir='ltr'><strong>arma</strong></span> <span class='ocrx_word' id='word_1_146' title='bbox 1389 2562 1427 2624; x_wconf 83' lang='lat' dir='ltr'><strong>in</strong></span> 
     </span>
     <span class='ocr_line' id='line_1_19' title="bbox 255 2667 1428 2756; baseline 0 -22"><span class='ocrx_word' id='word_1_147' title='bbox 255 2667 488 2751; x_wconf 82' lang='lat' dir='ltr'><strong>Christianos,</strong></span> <span class='ocrx_word' id='word_1_148' title='bbox 528 2683 608 2734; x_wconf 81' lang='lat' dir='ltr'><strong>tunc</strong></span> <span class='ocrx_word' id='word_1_149' title='bbox 642 2668 861 2756; x_wconf 80' lang='lat' dir='ltr'><strong>agnoscebant</strong></span> <span class='ocrx_word' id='word_1_150' title='bbox 891 2673 1092 2754; x_wconf 76' lang='lat' dir='ltr'><strong>imparatum</strong></span> <span class='ocrx_word' id='word_1_151' title='bbox 1126 2667 1216 2731; x_wconf 77' lang='lat' dir='ltr'><strong>coeli.</strong></span> <span class='ocrx_word' id='word_1_152' title='bbox 1271 2667 1362 2754; x_wconf 88' lang='lat' dir='ltr'><strong>Quin</strong></span> <span class='ocrx_word' id='word_1_153' title='bbox 1395 2683 1428 2734; x_wconf 85' lang='lat' dir='ltr'><strong>et</strong></span> 
     </span>
     <span class='ocr_line' id='line_1_20' title="bbox 250 2775 1423 2864; baseline -0.003 -19"><span class='ocrx_word' id='word_1_154' title='bbox 250 2778 512 2864; x_wconf 77' lang='lat' dir='ltr'><strong>jurisconsulti⁶</strong></span> <span class='ocrx_word' id='word_1_155' title='bbox 542 2797 654 2847; x_wconf 88' lang='lat' dir='ltr'><strong>omnes</strong></span> <span class='ocrx_word' id='word_1_156' title='bbox 684 2795 750 2844; x_wconf 90' lang='lat' dir='ltr'><strong>non</strong></span> <span class='ocrx_word' id='word_1_157' title='bbox 781 2791 851 2844; x_wconf 82' lang='lat' dir='ltr'><strong>esst</strong></span> <span class='ocrx_word' id='word_1_158' title='bbox 872 2776 1090 2844; x_wconf 87' lang='lat' dir='ltr'><strong>obediendum</strong></span> <span class='ocrx_word' id='word_1_159' title='bbox 1122 2775 1236 2842; x_wconf 84' lang='lat' dir='ltr'><strong>dicunt</strong></span> <span class='ocrx_word' id='word_1_160' title='bbox 1258 2776 1423 2861; x_wconf 82' lang='lat' dir='ltr'><strong>Principi,</strong></span> 
     </span>
     <span class='ocr_line' id='line_1_21' title="bbox 253 2879 1428 2973; baseline -0.001 -18"><span class='ocrx_word' id='word_1_161' title='bbox 253 2909 362 2972; x_wconf 87' lang='lat' dir='ltr'><strong>aquo</strong></span> <span class='ocrx_word' id='word_1_162' title='bbox 392 2887 599 2956; x_wconf 88' lang='lat' dir='ltr'><strong>manifestum</strong></span> <span class='ocrx_word' id='word_1_163' title='bbox 632 2889 676 2956; x_wconf 83' lang='lat' dir='ltr'><strong>sit</strong></span> <span class='ocrx_word' id='word_1_164' title='bbox 707 2889 742 2956; x_wconf 91' lang='lat' dir='ltr'><strong>id</strong></span> <span class='ocrx_word' id='word_1_165' title='bbox 785 2879 875 2970; x_wconf 85' lang='lat' dir='ltr'><strong>quod</strong></span> <span class='ocrx_word' id='word_1_166' title='bbox 905 2888 1063 2973; x_wconf 82' lang='lat' dir='ltr'><strong>injustum</strong></span> <span class='ocrx_word' id='word_1_167' title='bbox 1097 2900 1147 2952; x_wconf 85' lang='lat' dir='ltr'><strong>est</strong></span> <span class='ocrx_word' id='word_1_168' title='bbox 1174 2884 1336 2970; x_wconf 83' lang='lat' dir='ltr'><strong>imperari.</strong></span> <span class='ocrx_word' id='word_1_169' title='bbox 1381 2889 1428 2954; x_wconf 88' lang='lat' dir='ltr'><strong>Et</strong></span> 
     </span>
    </p>
   </div>
   <div class='ocr_carea' id='block_1_3' title="bbox 252 2979 1550 3079">
    <p class='ocr_par' dir='ltr' id='par_1_3' title="bbox 252 2979 1550 3079">
     <span class='ocr_line' id='line_1_22' title="bbox 252 2979 1550 3079; baseline 0.004 -13"><span class='ocrx_word' id='word_1_170' title='bbox 252 3000 286 3066; x_wconf 90' lang='lat' dir='ltr'><strong>in</strong></span> <span class='ocrx_word' id='word_1_171' title='bbox 318 3000 488 3068; x_wconf 82' lang='lat' dir='ltr'><strong>maleficiis</strong></span> <span class='ocrx_word' id='word_1_172' title='bbox 519 2998 681 3066; x_wconf 85' lang='lat' dir='ltr'><strong>neminem</strong></span> <span class='ocrx_word' id='word_1_173' title='bbox 713 2999 865 3066; x_wconf 85' lang='lat' dir='ltr'><strong>mandato</strong></span> <span class='ocrx_word' id='word_1_174' title='bbox 900 2997 1106 3079; x_wconf 73' lang='lat' dir='ltr'><strong>excusarit,</strong></span> <span class='ocrx_word' id='word_1_175' title='bbox 1140 3013 1214 3064; x_wconf 81' lang='lat' dir='ltr'><strong>nam</strong></span> <span class='ocrx_word' id='word_1_176' title='bbox 1238 3012 1271 3064; x_wconf 86' lang='lat' dir='ltr'><strong>et</strong></span> <span class='ocrx_word' id='word_1_177' title='bbox 1292 2989 1455 3072; x_wconf 52' lang='lat' dir='ltr'><strong>deminui</strong></span> <span class='ocrx_word' id='word_1_178' title='bbox 1547 2979 1550 2982; x_wconf 33' lang='lat'>¹</span> 
     </span>
    </p>
   </div>
   <div class='ocr_carea' id='block_1_4' title="bbox 252 3106 1427 3747">
    <p class='ocr_par' dir='ltr' id='par_1_4' title="bbox 252 3106 1427 3747">
     <span class='ocr_line' id='line_1_23' title="bbox 252 3106 1426 3194; baseline 0 -18"><span class='ocrx_word' id='word_1_179' title='bbox 252 3110 420 3194; x_wconf 84' lang='lat' dir='ltr'><strong>piraticam</strong></span> <span class='ocrx_word' id='word_1_180' title='bbox 454 3106 589 3178; x_wconf 84' lang='lat' dir='ltr'><strong>facienti</strong></span> <span class='ocrx_word' id='word_1_181' title='bbox 619 3124 676 3177; x_wconf 87' lang='lat' dir='ltr'><strong>aut</strong></span> <span class='ocrx_word' id='word_1_182' title='bbox 697 3108 803 3177; x_wconf 83' lang='lat' dir='ltr'><strong>simile</strong></span> <span class='ocrx_word' id='word_1_183' title='bbox 826 3109 908 3192; x_wconf 90' lang='lat' dir='ltr'><strong>quid</strong></span> <span class='ocrx_word' id='word_1_184' title='bbox 930 3109 1088 3194; x_wconf 86' lang='lat' dir='ltr'><strong>injustum</strong></span> <span class='ocrx_word' id='word_1_185' title='bbox 1111 3121 1247 3192; x_wconf 83' lang='lat' dir='ltr'><strong>natura,</strong></span> <span class='ocrx_word' id='word_1_186' title='bbox 1268 3127 1335 3175; x_wconf 88' lang='lat' dir='ltr'><strong>non</strong></span> <span class='ocrx_word' id='word_1_187' title='bbox 1356 3109 1426 3177; x_wconf 84' lang='lat' dir='ltr'><strong>sint</strong></span> 
     </span>
     <span class='ocr_line' id='line_1_24' title="bbox 252 3216 1427 3306; baseline -0.003 -17"><span class='ocrx_word' id='word_1_188' title='bbox 252 3237 357 3306; x_wconf 81' lang='lat' dir='ltr'><strong>poena</strong></span> <span class='ocrx_word' id='word_1_189' title='bbox 389 3239 520 3290; x_wconf 84' lang='lat' dir='ltr'><strong>servum</strong></span> <span class='ocrx_word' id='word_1_190' title='bbox 554 3222 645 3288; x_wconf 88' lang='lat' dir='ltr'><strong>dicto</strong></span> <span class='ocrx_word' id='word_1_191' title='bbox 677 3220 862 3288; x_wconf 76' lang='lat' dir='ltr'><strong>audientem</strong></span> <span class='ocrx_word' id='word_1_192' title='bbox 892 3237 963 3286; x_wconf 88' lang='lat' dir='ltr'><strong>esse</strong></span> <span class='ocrx_word' id='word_1_193' title='bbox 984 3216 1008 3287; x_wconf 87' lang='lat'><strong>⁸.</strong></span> <span class='ocrx_word' id='word_1_194' title='bbox 1052 3219 1099 3285; x_wconf 91' lang='lat' dir='ltr'><strong>Et</strong></span> <span class='ocrx_word' id='word_1_195' title='bbox 1121 3219 1244 3286; x_wconf 79' lang='lat' dir='ltr'><strong>Seneca</strong></span> <span class='ocrx_word' id='word_1_196' title='bbox 1266 3219 1302 3284; x_wconf 76' lang='grc' dir='ltr'><strong>’τ</strong></span> <span class='ocrx_word' id='word_1_197' title='bbox 1346 3219 1427 3306; x_wconf 76' lang='lat' dir='ltr'><strong>Nau</strong></span> 
     </span>
     <span class='ocr_line' id='line_1_25' title="bbox 253 3332 1426 3419; baseline 0 -21"><span class='ocrx_word' id='word_1_198' title='bbox 253 3337 338 3398; x_wconf 81' lang='lat' dir='ltr'><strong>anian</strong></span> <span class='ocrx_word' id='word_1_199' title='bbox 359 3346 421 3399; x_wconf 79' lang='lat' dir='ltr'><strong>aut</strong></span> <span class='ocrx_word' id='word_1_200' title='bbox 442 3352 499 3399; x_wconf 85' lang='lat' dir='ltr'><strong>nos</strong></span> <span class='ocrx_word' id='word_1_201' title='bbox 518 3335 628 3398; x_wconf 81' lang='lat' dir='ltr'><strong>omnia</strong></span> <span class='ocrx_word' id='word_1_202' title='bbox 639 3333 762 3418; x_wconf 78' lang='lat' dir='ltr'><strong>jubere</strong></span> <span class='ocrx_word' id='word_1_203' title='bbox 776 3345 965 3419; x_wconf 83' lang='lat' dir='ltr'><strong>possumus,</strong></span> <span class='ocrx_word' id='word_1_204' title='bbox 989 3333 1107 3396; x_wconf 84' lang='lat' dir='ltr'><strong>autin</strong></span> <span class='ocrx_word' id='word_1_205' title='bbox 1126 3332 1236 3396; x_wconf 86' lang='lat' dir='ltr'><strong>omnia</strong></span> <span class='ocrx_word' id='word_1_206' title='bbox 1255 3333 1345 3400; x_wconf 77' lang='lat' dir='ltr'><strong>serui</strong></span> <span class='ocrx_word' id='word_1_207' title='bbox 1363 3345 1426 3417; x_wconf 82' lang='lat' dir='ltr'><strong>pa·</strong></span> 
     </span>
     <span class='ocr_line' id='line_1_26' title="bbox 253 3441 1425 3531; baseline 0 -24"><span class='ocrx_word' id='word_1_208' title='bbox 253 3458 329 3509; x_wconf 77' lang='lat' dir='ltr'><strong>rere</strong></span> <span class='ocrx_word' id='word_1_209' title='bbox 355 3457 535 3531; x_wconf 80' lang='lat' dir='ltr'><strong>coguntur.</strong></span> <span class='ocrx_word' id='word_1_210' title='bbox 581 3442 708 3509; x_wconf 81' lang='lat' dir='ltr'><strong>Contra·</strong></span> <span class='ocrx_word' id='word_1_211' title='bbox 742 3441 977 3529; x_wconf 80' lang='lat' dir='ltr'><strong>rempublicam</strong></span> <span class='ocrx_word' id='word_1_212' title='bbox 998 3444 1167 3528; x_wconf 77' lang='lat' dir='ltr'><strong>imparata</strong></span> <span class='ocrx_word' id='word_1_213' title='bbox 1189 3458 1253 3507; x_wconf 81' lang='lat' dir='ltr'><strong>non</strong></span> <span class='ocrx_word' id='word_1_214' title='bbox 1267 3441 1425 3526; x_wconf 76' lang='lat' dir='ltr'><strong>faciani,</strong></span> 
     </span>
     <span class='ocr_line' id='line_1_27' title="bbox 253 3548 1425 3637; baseline 0.001 -19"><span class='ocrx_word' id='word_1_215' title='bbox 253 3554 341 3619; x_wconf 86' lang='lat' dir='ltr'><strong>nulli</strong></span> <span class='ocrx_word' id='word_1_216' title='bbox 362 3554 479 3620; x_wconf 79' lang='lat' dir='ltr'><strong>sceleri</strong></span> <span class='ocrx_word' id='word_1_217' title='bbox 501 3573 619 3620; x_wconf 80' lang='lat' dir='ltr'><strong>manus</strong></span> <span class='ocrx_word' id='word_1_218' title='bbox 641 3552 902 3620; x_wconf 82' lang='lat' dir='ltr'><strong>commodabunt.</strong></span> <span class='ocrx_word' id='word_1_219' title='bbox 939 3553 1045 3637; x_wconf 87' lang='lat' dir='ltr'><strong>Supra</strong></span> <span class='ocrx_word' id='word_1_220' title='bbox 1057 3548 1082 3586; x_wconf 85' lang='lat'><strong>¹⁰</strong></span> <span class='ocrx_word' id='word_1_221' title='bbox 1093 3567 1200 3620; x_wconf 86' lang='lat' dir='ltr'><strong>autem</strong></span> <span class='ocrx_word' id='word_1_222' title='bbox 1223 3550 1425 3632; x_wconf 69' lang='lat' dir='ltr'><strong>ostenderat,</strong></span> 
     </span>
     <span class='ocr_line' id='line_1_28' title="bbox 253 3659 1425 3747; baseline -0.002 -17"><span class='ocrx_word' id='word_1_223' title='bbox 253 3683 337 3746; x_wconf 88' lang='lat' dir='ltr'><strong>quae</strong></span> <span class='ocrx_word' id='word_1_224' title='bbox 361 3665 447 3742; x_wconf 87' lang='lat' dir='ltr'><strong>servi</strong></span> <span class='ocrx_word' id='word_1_225' title='bbox 471 3664 577 3732; x_wconf 89' lang='lat' dir='ltr'><strong>estin</strong></span> <span class='ocrx_word' id='word_1_226' title='bbox 600 3663 794 3747; x_wconf 86' lang='lat' dir='ltr'><strong>dominum,</strong></span> <span class='ocrx_word' id='word_1_227' title='bbox 819 3679 887 3729; x_wconf 86' lang='lat' dir='ltr'><strong>eam</strong></span> <span class='ocrx_word' id='word_1_228' title='bbox 911 3680 982 3731; x_wconf 83' lang='lat' dir='ltr'><strong>esse</strong></span> <span class='ocrx_word' id='word_1_229' title='bbox 1004 3659 1118 3730; x_wconf 86' lang='lat' dir='ltr'><strong>militis</strong></span> <span class='ocrx_word' id='word_1_230' title='bbox 1141 3663 1175 3728; x_wconf 91' lang='lat' dir='ltr'><strong>in</strong></span> <span class='ocrx_word' id='word_1_231' title='bbox 1198 3663 1314 3730; x_wconf 87' lang='lat' dir='ltr'><strong>ducem</strong></span> <span class='ocrx_word' id='word_1_232' title='bbox 1337 3662 1425 3731; x_wconf 88' lang='lat' dir='ltr'><strong>etin</strong></span> 
     </span>
    </p>
   </div>
   <div class='ocr_carea' id='block_1_5' title="bbox 254 3855 443 3866">
    <p class='ocr_par' dir='ltr' id='par_1_5' title="bbox 254 3855 443 3866">
     <span class='ocr_line' id='line_1_29' title="bbox 254 3855 443 3866; baseline -0.005 0"><span class='ocrx_word' id='word_1_233' title='bbox 254 3855 443 3866; x_wconf 71' lang='lat' dir='ltr'>——n———n-</span> 
     </span>
    </p>
   </div>
   <div class='ocr_carea' id='block_1_6' title="bbox 251 3963 1427 4569">
    <p class='ocr_par' dir='ltr' id='par_1_6' title="bbox 251 3963 1427 4569">
     <span class='ocr_line' id='line_1_30' title="bbox 284 3963 1426 4029; baseline 0.001 -13"><span class='ocrx_word' id='word_1_234' title='bbox 284 3965 403 4017; x_wconf 87' lang='lat' dir='ltr'><strong>¹Summ.</strong></span> <span class='ocrx_word' id='word_1_235' title='bbox 429 3968 494 4029; x_wconf 83' lang='lat' dir='ltr'><strong>Aug.</strong></span> <span class='ocrx_word' id='word_1_236' title='bbox 516 3967 542 4016; x_wconf 92' lang='lat' dir='ltr'><strong>in</strong></span> <span class='ocrx_word' id='word_1_237' title='bbox 564 3983 590 4017; x_wconf 92' lang='lat' dir='ltr'><strong>v.</strong></span> <span class='ocrx_word' id='word_1_238' title='bbox 612 3967 718 4016; x_wconf 88' lang='lat' dir='ltr'><strong>Bellum.</strong></span> <span class='ocrx_word' id='word_1_239' title='bbox 736 3981 761 4015; x_wconf 90' lang='lat' dir='ltr'><strong>n.</strong></span> <span class='ocrx_word' id='word_1_240' title='bbox 778 3969 801 4016; x_wconf 88' lang='lat'><strong>8.</strong></span> <span class='ocrx_word' id='word_1_241' title='bbox 836 3963 940 4016; x_wconf 81' lang='lat' dir='ltr'><strong>¹Rom.</strong></span> <span class='ocrx_word' id='word_1_242' title='bbox 957 3980 995 4029; x_wconf 91' lang='lat'><strong>14.</strong></span> <span class='ocrx_word' id='word_1_243' title='bbox 1011 3978 1050 4024; x_wconf 76' lang='lat' dir='ltr'><strong>aa.</strong></span> <span class='ocrx_word' id='word_1_244' title='bbox 1068 3966 1136 4016; x_wconf 90' lang='lat' dir='ltr'><strong>Vict.</strong></span> <span class='ocrx_word' id='word_1_245' title='bbox 1154 3979 1179 4014; x_wconf 91' lang='lat' dir='ltr'><strong>n.</strong></span> <span class='ocrx_word' id='word_1_246' title='bbox 1195 3977 1235 4024; x_wconf 78' lang='lat'><strong>2³·</strong></span> <span class='ocrx_word' id='word_1_247' title='bbox 1269 3963 1389 4016; x_wconf 69' lang='lat' dir='ltr'><strong>⁸Tironi.</strong></span> <span class='ocrx_word' id='word_1_248' title='bbox 1405 3979 1426 4018; x_wconf 80' lang='lat' dir='ltr'><strong>t.</strong></span> 
     </span>
     <span class='ocr_line' id='line_1_31' title="bbox 251 4051 1426 4120; baseline 0.001 -15"><span class='ocrx_word' id='word_1_249' title='bbox 251 4069 275 4106; x_wconf 77' lang='lat' dir='ltr'><strong>a.</strong></span> <span class='ocrx_word' id='word_1_250' title='bbox 284 4071 310 4118; x_wconf 84' lang='lat' dir='ltr'><strong>q.</strong></span> <span class='ocrx_word' id='word_1_251' title='bbox 322 4065 359 4120; x_wconf 68' lang='lat' dir='ltr'><strong>to</strong></span> <span class='ocrx_word' id='word_1_252' title='bbox 377 4065 425 4106; x_wconf 76' lang='lat' dir='ltr'><strong>art.</strong></span> <span class='ocrx_word' id='word_1_253' title='bbox 440 4071 465 4120; x_wconf 76' lang='grc'><strong>4.</strong></span> <span class='ocrx_word' id='word_1_254' title='bbox 475 4056 553 4106; x_wconf 83' lang='lat' dir='ltr'><strong>Arist·</strong></span> <span class='ocrx_word' id='word_1_255' title='bbox 563 4058 594 4106; x_wconf 86' lang='lat' dir='ltr'><strong>de</strong></span> <span class='ocrx_word' id='word_1_256' title='bbox 603 4069 667 4105; x_wconf 90' lang='lat' dir='ltr'><strong>mor.</strong></span> <span class='ocrx_word' id='word_1_257' title='bbox 674 4058 705 4104; x_wconf 86' lang='lat' dir='ltr'><strong>ad</strong></span> <span class='ocrx_word' id='word_1_258' title='bbox 713 4051 817 4105; x_wconf 73' lang='lat' dir='ltr'><strong>Ni‘com.</strong></span> <span class='ocrx_word' id='word_1_259' title='bbox 827 4059 844 4106; x_wconf 89' lang='lat'><strong>1.</strong></span> <span class='ocrx_word' id='word_1_260' title='bbox 852 4057 875 4106; x_wconf 79' lang='lat'><strong>6.</strong></span> <span class='ocrx_word' id='word_1_261' title='bbox 886 4068 908 4106; x_wconf 87' lang='lat' dir='ltr'><strong>c.</strong></span> <span class='ocrx_word' id='word_1_262' title='bbox 919 4069 942 4106; x_wconf 73' lang='lat' dir='ltr'><strong>a„</strong></span> <span class='ocrx_word' id='word_1_263' title='bbox 953 4054 991 4118; x_wconf 86' lang='lat' dir='ltr'><strong>[p.</strong></span> <span class='ocrx_word' id='word_1_264' title='bbox 1008 4067 1079 4118; x_wconf 73' lang='lat'><strong>¹¹³9·</strong></span> <span class='ocrx_word' id='word_1_265' title='bbox 1090 4069 1111 4105; x_wconf 88' lang='lat' dir='ltr'><strong>r.</strong></span> <span class='ocrx_word' id='word_1_266' title='bbox 1120 4056 1220 4117; x_wconf 74' lang='lat' dir='ltr'><strong>asan]</strong></span> <span class='ocrx_word' id='word_1_267' title='bbox 1235 4054 1246 4088; x_wconf 90' lang='lat'><strong>⁴</strong></span> <span class='ocrx_word' id='word_1_268' title='bbox 1264 4053 1337 4108; x_wconf 75' lang='lat' dir='ltr'><strong>Acta.</strong></span> <span class='ocrx_word' id='word_1_269' title='bbox 1353 4069 1375 4112; x_wconf 86' lang='lat' dir='ltr'><strong>s.</strong></span> <span class='ocrx_word' id='word_1_270' title='bbox 1386 4069 1426 4120; x_wconf 77' lang='lat'><strong>29.</strong></span> 
     </span>
     <span class='ocr_line' id='line_1_32' title="bbox 251 4145 1426 4213; baseline 0.001 -17"><span class='ocrx_word' id='word_1_271' title='bbox 251 4162 275 4196; x_wconf 85' lang='lat' dir='ltr'><strong>c.</strong></span> <span class='ocrx_word' id='word_1_272' title='bbox 291 4147 312 4196; x_wconf 82' lang='lat' dir='ltr'><strong>ti</strong></span> <span class='ocrx_word' id='word_1_273' title='bbox 329 4147 456 4198; x_wconf 85' lang='lat' dir='ltr'><strong>dominus.</strong></span> <span class='ocrx_word' id='word_1_274' title='bbox 476 4147 565 4213; x_wconf 79' lang='lat' dir='ltr'><strong>[Dect.</strong></span> <span class='ocrx_word' id='word_1_275' title='bbox 591 4149 659 4196; x_wconf 80' lang='lat' dir='ltr'><strong>Grat.</strong></span> <span class='ocrx_word' id='word_1_276' title='bbox 680 4157 706 4208; x_wconf 81' lang='lat' dir='ltr'><strong>p.</strong></span> <span class='ocrx_word' id='word_1_277' title='bbox 724 4159 748 4196; x_wconf 80' lang='lat' dir='ltr'><strong>a.</strong></span> <span class='ocrx_word' id='word_1_278' title='bbox 773 4161 810 4196; x_wconf 89' lang='grc' dir='ltr'><strong>ιι.</strong></span> <span class='ocrx_word' id='word_1_279' title='bbox 830 4159 853 4206; x_wconf 75' lang='lat'><strong>³.</strong></span> <span class='ocrx_word' id='word_1_280' title='bbox 867 4145 919 4210; x_wconf 63' lang='grc' dir='ltr'><strong>ρει]</strong></span> <span class='ocrx_word' id='word_1_281' title='bbox 940 4149 1040 4196; x_wconf 77' lang='lat' dir='ltr'><strong>Eccita.</strong></span> <span class='ocrx_word' id='word_1_282' title='bbox 1056 4157 1079 4195; x_wconf 84' lang='lat' dir='ltr'><strong>c.</strong></span> <span class='ocrx_word' id='word_1_283' title='bbox 1095 4149 1117 4195; x_wconf 79' lang='lat'><strong>8.</strong></span> <span class='ocrx_word' id='word_1_284' title='bbox 1133 4157 1171 4196; x_wconf 81' lang='lat' dir='ltr'><strong>vt.</strong></span> <span class='ocrx_word' id='word_1_285' title='bbox 1191 4159 1212 4194; x_wconf 90' lang='lat' dir='ltr'><strong>r.</strong></span> <span class='ocrx_word' id='word_1_286' title='bbox 1246 4145 1257 4177; x_wconf 79' lang='lat'>⁸</span> <span class='ocrx_word' id='word_1_287' title='bbox 1275 4159 1298 4196; x_wconf 85' lang='lat' dir='ltr'><strong>e.</strong></span> <span class='ocrx_word' id='word_1_288' title='bbox 1313 4145 1426 4210; x_wconf 78' lang='lat' dir='ltr'><strong>Julianus</strong></span> 
     </span>
     <span class='ocr_line' id='line_1_33' title="bbox 253 4235 1427 4302; baseline 0.001 -17"><span class='ocrx_word' id='word_1_289' title='bbox 253 4237 342 4298; x_wconf 80' lang='lat' dir='ltr'><strong>[Dect.</strong></span> <span class='ocrx_word' id='word_1_290' title='bbox 360 4240 429 4287; x_wconf 82' lang='lat' dir='ltr'><strong>Grat.</strong></span> <span class='ocrx_word' id='word_1_291' title='bbox 446 4254 472 4300; x_wconf 86' lang='lat' dir='ltr'><strong>p.</strong></span> <span class='ocrx_word' id='word_1_292' title='bbox 488 4251 511 4288; x_wconf 81' lang='lat' dir='ltr'><strong>a.</strong></span> <span class='ocrx_word' id='word_1_293' title='bbox 531 4251 568 4288; x_wconf 87' lang='grc' dir='ltr'><strong>ιι.</strong></span> <span class='ocrx_word' id='word_1_294' title='bbox 585 4249 608 4296; x_wconf 77' lang='lat'><strong>³·</strong></span> <span class='ocrx_word' id='word_1_295' title='bbox 622 4239 675 4302; x_wconf 63' lang='lat'><strong>94]</strong></span> <span class='ocrx_word' id='word_1_296' title='bbox 702 4236 713 4269; x_wconf 81' lang='lat'><strong>⁶</strong></span> <span class='ocrx_word' id='word_1_297' title='bbox 730 4239 806 4298; x_wconf 82' lang='lat' dir='ltr'><strong>Vasq.</strong></span> <span class='ocrx_word' id='word_1_298' title='bbox 822 4250 846 4287; x_wconf 85' lang='lat' dir='ltr'><strong>c.</strong></span> <span class='ocrx_word' id='word_1_299' title='bbox 866 4250 890 4286; x_wconf 73' lang='grc' dir='ltr'><strong>α.</strong></span> <span class='ocrx_word' id='word_1_300' title='bbox 903 4250 928 4286; x_wconf 88' lang='lat' dir='ltr'><strong>tt.</strong></span> <span class='ocrx_word' id='word_1_301' title='bbox 947 4249 984 4286; x_wconf 81' lang='lat' dir='ltr'><strong>ta.</strong></span> <span class='ocrx_word' id='word_1_302' title='bbox 1010 4235 1056 4286; x_wconf 86' lang='lat'><strong>⁷1.</strong></span> <span class='ocrx_word' id='word_1_303' title='bbox 1074 4249 1126 4286; x_wconf 90' lang='lat' dir='ltr'><strong>non</strong></span> <span class='ocrx_word' id='word_1_304' title='bbox 1142 4238 1225 4286; x_wconf 82' lang='lat' dir='ltr'><strong>solum</strong></span> <span class='ocrx_word' id='word_1_305' title='bbox 1242 4237 1263 4298; x_wconf 57' lang='grc' dir='ltr'><strong>ς</strong></span> <span class='ocrx_word' id='word_1_306' title='bbox 1279 4235 1427 4286; x_wconf 75' lang='lat' dir='ltr'><strong>rimandum</strong></span> 
     </span>
     <span class='ocr_line' id='line_1_34' title="bbox 252 4307 1426 4392; baseline 0.001 -17"><span class='ocrx_word' id='word_1_307' title='bbox 252 4327 278 4375; x_wconf 83' lang='lat' dir='ltr'><strong>tt.</strong></span> <span class='ocrx_word' id='word_1_308' title='bbox 294 4329 325 4376; x_wconf 85' lang='lat' dir='ltr'><strong>de</strong></span> <span class='ocrx_word' id='word_1_309' title='bbox 340 4325 440 4385; x_wconf 80' lang='lat' dir='ltr'><strong>iniuriis</strong></span> <span class='ocrx_word' id='word_1_310' title='bbox 457 4330 511 4392; x_wconf 71' lang='lat' dir='ltr'><strong>ets.</strong></span> <span class='ocrx_word' id='word_1_311' title='bbox 527 4307 644 4390; x_wconf 86' lang='lat' dir='ltr'><strong>idemque</strong></span> <span class='ocrx_word' id='word_1_312' title='bbox 660 4327 695 4378; x_wconf 89' lang='lat' dir='ltr'><strong>ib.</strong></span> <span class='ocrx_word' id='word_1_313' title='bbox 713 4331 758 4392; x_wconf 83' lang='grc'><strong>[1).</strong></span> <span class='ocrx_word' id='word_1_314' title='bbox 772 4341 814 4391; x_wconf 84' lang='lat'><strong>47.</strong></span> <span class='ocrx_word' id='word_1_315' title='bbox 832 4341 869 4378; x_wconf 87' lang='lat'><strong>10.</strong></span> <span class='ocrx_word' id='word_1_316' title='bbox 888 4341 926 4378; x_wconf 87' lang='lat' dir='ltr'><strong>tr.</strong></span> <span class='ocrx_word' id='word_1_317' title='bbox 943 4331 964 4388; x_wconf 69' lang='grc' dir='ltr'><strong>ς.</strong></span> <span class='ocrx_word' id='word_1_318' title='bbox 982 4339 1004 4386; x_wconf 75' lang='lat'><strong>3.</strong></span> <span class='ocrx_word' id='word_1_319' title='bbox 1018 4340 1042 4376; x_wconf 91' lang='lat' dir='ltr'><strong>et</strong></span> <span class='ocrx_word' id='word_1_320' title='bbox 1059 4325 1093 4391; x_wconf 84' lang='lat'><strong>5.]</strong></span> <span class='ocrx_word' id='word_1_321' title='bbox 1114 4327 1125 4361; x_wconf 76' lang='lat'>⁸</span> <span class='ocrx_word' id='word_1_322' title='bbox 1142 4330 1160 4376; x_wconf 87' lang='lat' dir='ltr'><strong>i.</strong></span> <span class='ocrx_word' id='word_1_323' title='bbox 1172 4339 1239 4376; x_wconf 84' lang='lat' dir='ltr'><strong>serv.</strong></span> <span class='ocrx_word' id='word_1_324' title='bbox 1254 4339 1307 4376; x_wconf 91' lang='lat' dir='ltr'><strong>non</strong></span> <span class='ocrx_word' id='word_1_325' title='bbox 1322 4327 1426 4376; x_wconf 67' lang='lat' dir='ltr'><strong>inomn*</strong></span> 
     </span>
     <span class='ocr_line' id='line_1_35' title="bbox 253 4414 1426 4485; baseline 0.003 -22"><span class='ocrx_word' id='word_1_326' title='bbox 253 4416 278 4463; x_wconf 80' lang='lat' dir='ltr'><strong>ff.</strong></span> <span class='ocrx_word' id='word_1_327' title='bbox 293 4419 324 4465; x_wconf 84' lang='lat' dir='ltr'><strong>de</strong></span> <span class='ocrx_word' id='word_1_328' title='bbox 341 4429 389 4466; x_wconf 82' lang='lat' dir='ltr'><strong>act.</strong></span> <span class='ocrx_word' id='word_1_329' title='bbox 405 4432 429 4467; x_wconf 84' lang='lat' dir='ltr'><strong>et</strong></span> <span class='ocrx_word' id='word_1_330' title='bbox 448 4420 501 4469; x_wconf 90' lang='lat' dir='ltr'><strong>obl.</strong></span> <span class='ocrx_word' id='word_1_331' title='bbox 519 4421 563 4482; x_wconf 85' lang='lat' dir='ltr'><strong>[D.</strong></span> <span class='ocrx_word' id='word_1_332' title='bbox 583 4434 625 4483; x_wconf 87' lang='lat'><strong>44.</strong></span> <span class='ocrx_word' id='word_1_333' title='bbox 644 4431 668 4479; x_wconf 85' lang='lat'><strong>7.</strong></span> <span class='ocrx_word' id='word_1_334' title='bbox 687 4419 740 4482; x_wconf 82' lang='lat' dir='ltr'><strong>ao]</strong></span> <span class='ocrx_word' id='word_1_335' title='bbox 760 4421 777 4468; x_wconf 90' lang='lat' dir='ltr'><strong>i.</strong></span> <span class='ocrx_word' id='word_1_336' title='bbox 792 4423 823 4470; x_wconf 87' lang='lat' dir='ltr'><strong>ad</strong></span> <span class='ocrx_word' id='word_1_337' title='bbox 839 4433 868 4469; x_wconf 85' lang='lat' dir='ltr'><strong>ea</strong></span> <span class='ocrx_word' id='word_1_338' title='bbox 884 4420 994 4480; x_wconf 78' lang='lat' dir='ltr'><strong>quaeii‘.</strong></span> <span class='ocrx_word' id='word_1_339' title='bbox 1013 4421 1044 4468; x_wconf 85' lang='lat' dir='ltr'><strong>de</strong></span> <span class='ocrx_word' id='word_1_340' title='bbox 1057 4431 1108 4479; x_wconf 82' lang='lat' dir='ltr'><strong>reg.</strong></span> <span class='ocrx_word' id='word_1_341' title='bbox 1120 4416 1171 4485; x_wconf 72' lang='lat' dir='ltr'><strong>jur.</strong></span> <span class='ocrx_word' id='word_1_342' title='bbox 1193 4414 1235 4480; x_wconf 86' lang='lat' dir='ltr'><strong>[D.</strong></span> <span class='ocrx_word' id='word_1_343' title='bbox 1251 4429 1340 4476; x_wconf 59' lang='grc' dir='ltr'><strong>ξοην.</strong></span> <span class='ocrx_word' id='word_1_344' title='bbox 1358 4417 1426 4482; x_wconf 56' lang='lat'><strong>¹⁵73</strong></span> 
     </span>
     <span class='ocr_line' id='line_1_36' title="bbox 253 4505 1157 4569; baseline 0.002 -15"><span class='ocrx_word' id='word_1_345' title='bbox 253 4518 279 4554; x_wconf 85' lang='lat' dir='ltr'><strong>et</strong></span> <span class='ocrx_word' id='word_1_346' title='bbox 291 4505 328 4554; x_wconf 90' lang='lat' dir='ltr'><strong>ibi</strong></span> <span class='ocrx_word' id='word_1_347' title='bbox 346 4509 399 4556; x_wconf 84' lang='lat' dir='ltr'><strong>Pet.</strong></span> <span class='ocrx_word' id='word_1_348' title='bbox 416 4509 504 4557; x_wconf 82' lang='lat' dir='ltr'><strong>Faber.</strong></span> <span class='ocrx_word' id='word_1_349' title='bbox 538 4509 549 4542; x_wconf 77' lang='lat'><em>⁰</em></span> <span class='ocrx_word' id='word_1_350' title='bbox 567 4513 668 4560; x_wconf 84' lang='lat' dir='ltr'><strong>sende</strong></span> <span class='ocrx_word' id='word_1_351' title='bbox 686 4511 771 4559; x_wconf 83' lang='lat' dir='ltr'><strong>benef.</strong></span> <span class='ocrx_word' id='word_1_352' title='bbox 789 4513 807 4559; x_wconf 89' lang='lat' dir='ltr'><strong>i.</strong></span> <span class='ocrx_word' id='word_1_353' title='bbox 824 4524 847 4569; x_wconf 80' lang='lat' dir='ltr'><strong>s.</strong></span> <span class='ocrx_word' id='word_1_354' title='bbox 865 4525 888 4559; x_wconf 89' lang='lat' dir='ltr'><strong>c.</strong></span> <span class='ocrx_word' id='word_1_355' title='bbox 906 4523 945 4559; x_wconf 83' lang='lat' dir='ltr'><strong>ao.</strong></span> <span class='ocrx_word' id='word_1_356' title='bbox 980 4507 1002 4542; x_wconf 82' lang='lat'><strong>¹⁰</strong></span> <span class='ocrx_word' id='word_1_357' title='bbox 1019 4511 1043 4558; x_wconf 87' lang='lat' dir='ltr'><strong>d.</strong></span> <span class='ocrx_word' id='word_1_358' title='bbox 1061 4511 1078 4556; x_wconf 92' lang='lat' dir='ltr'><strong>l.</strong></span> <span class='ocrx_word' id='word_1_359' title='bbox 1096 4521 1118 4557; x_wconf 86' lang='lat' dir='ltr'><strong>c.</strong></span> <span class='ocrx_word' id='word_1_360' title='bbox 1134 4511 1157 4556; x_wconf 89' lang='lat'><strong>8.</strong></span> 
     </span>
    </p>
   </div>
   <div class='ocr_carea' id='block_1_7' title="bbox 0 0 1780 5654">
    <p class='ocr_par' dir='ltr' id='par_1_7' title="bbox 0 0 1780 5654">
     <span class='ocr_line' id='line_1_37' title="bbox 0 0 1780 5654; baseline 0 0"><span class='ocrx_word' id='word_1_361' title='bbox 0 0 1780 5654; x_wconf 95' lang='lat' dir='ltr'><strong> </strong></span> 
     </span>
    </p>
   </div>
  </div>
 </body>
</html>
