3546 5654
504 660 550 706 DE
574 661 668 726 JURE
694 660 881 707 PRAEDAE.
907 661 989 706 CAP.
1015 661 1081 707 XII.
1315 661 1376 724 241

205 831 331 881 cuntur
360 817 505 900 flumen,
541 835 604 878 nort
636 818 689 878 itu
720 819 756 879 itt
780 819 894 880 mari:
919 797 995 901 ergo
1019 819 1055 878 in
1079 829 1221 900 utroque
1245 837 1308 879 non
1332 829 1380 880 est

200 931 390 1013 parratio.
426 927 498 990 Nec
518 925 565 991 ad
584 946 652 991 rem
671 930 848 1013 pertinet,
869 927 957 1012 quod
978 940 1081 1011 supra
1102 927 1274 1007 diximus,
1295 949 1379 992 com-

206 1061 332 1104 munem
366 1059 430 1103 esse
461 1059 553 1102 usum
591 1059 784 1122 aquarum,
809 1039 960 1121 fontium
994 1042 1094 1102 etiam
1128 1052 1159 1102 et
1186 1039 1376 1124 fluminum.

207 1151 299 1214 Nam
329 1150 540 1236 intelligitur
563 1149 674 1234 quoad
695 1149 867 1215 bibendum
892 1163 923 1214 et
947 1149 1099 1229 similia,
1124 1170 1209 1234 quae
1227 1150 1378 1235 fluminis

207 1260 386 1326 dominium
417 1275 479 1325 aut
501 1261 561 1345 jus
593 1262 729 1324 habenti
758 1260 812 1328 rel
830 1264 963 1326 minime
985 1261 1040 1328 tel
1060 1260 1221 1328 lenissime
1240 1275 1378 1326 nocent:

208 1377 346 1438 minima
369 1377 453 1436 enim
475 1375 511 1436 iu
533 1372 796 1437 consideratione
818 1394 881 1437 non
903 1386 980 1436 sunt
1003 1380 1023 1438 ¹.
1070 1373 1138 1436 Pro
1163 1376 1286 1436 nostris
1309 1393 1385 1436 sen-r

208 1489 322 1550 tentiis
344 1489 462 1565 sumt,
492 1489 574 1570 quia
596 1487 716 1568 iniqua
740 1483 831 1550 nullo
855 1497 997 1568 tempore
1014 1484 1323 1568 praescribuntur,
1347 1497 1379 1548 et

208 1594 278 1661 ideo
303 1595 356 1660 lex
375 1600 495 1681 iniqua
516 1595 607 1660 nullo
627 1609 770 1680 ternpore
783 1595 1036 1679 praescribitur
1055 1609 1116 1659 aut
1126 1594 1344 1679 justificatur
1354 1601 1379 1662 ².

208 1707 314 1772 Mox:
340 1707 389 1770 Et
412 1729 497 1792 quat
520 1720 597 1770 sunt
620 1704 980 1790 impraescriptibilia,
1005 1727 1045 1770 cx
1067 1705 1147 1791 legis
1170 1706 1380 1791 dispositione

208 1841 264 1882 nec
281 1833 345 1903 per
367 1817 458 1882 mille
487 1837 589 1881 annos
614 1816 894 1900 praescribentur
917 1819 953 1880 ⁸:
981 1816 1071 1898 quod
1094 1816 1275 1883 innumeris
1298 1818 1377 1882 doc-

208 1944 314 1994 torum
347 1927 545 1994 testimoniis
568 1924 677 1991 fulcit.
723 1927 832 1992 Nemo
854 1928 919 2011 jam
949 1947 1016 1993 non
1039 1928 1131 1994 videt
1154 1929 1193 1994 ad
1215 1949 1310 1994 usum
1334 1927 1379 1996 rei

208 2041 390 2106 communis
420 2038 691 2122 intercipiendum
715 2040 838 2104 nullam
863 2037 1033 2121 quantivis
1054 2039 1211 2123 temporis
1242 2060 1380 2122 usurpa-

207 2152 329 2217 tionem
362 2152 538 2234 prodesse:
575 2150 630 2216 cui
662 2149 906 2235 adjungendum
939 2165 1011 2229 est,
1045 2149 1140 2215 etiam
1174 2171 1285 2216 eorum
1320 2151 1378 2232 qui

209 2263 406 2330 dissentiunt
421 2263 647 2328 auctoritatem
670 2261 751 2348 huic
778 2261 963 2343 quaestioni
986 2281 1052 2325 non
1076 2279 1172 2344 posse
1196 2281 1380 2327 accommo-

209 2374 288 2439 dari.
336 2375 389 2438 Illi
422 2374 506 2439 enim
531 2373 570 2438 de
593 2371 830 2437 mediterraneo
854 2374 1063 2453 loquuntur,
1087 2391 1149 2437 nos
1172 2372 1211 2436 de
1235 2392 1378 2439 oceano:

209 2485 257 2549 illi
277 2485 317 2550 de
350 2486 443 2566 sinu,
468 2504 530 2550 nos
553 2484 592 2549 de
616 2483 773 2548 immenso
797 2483 900 2563 mari,
925 2503 1008 2563 quae
1032 2483 1065 2548 in
1088 2483 1214 2549 ratione
1237 2505 1380 2567 occupa·

209 2594 311 2661 tionis
342 2595 518 2677 plurimum
552 2593 720 2659 differunt.
776 2595 822 2658 Et
853 2593 977 2676 quibus
1008 2594 1056 2659 illi
1089 2595 1261 2680 indulgent
1290 2617 1381 2679 prae·

209 2706 442 2788 scriptionem,
466 2705 502 2770 hi
532 2705 643 2770 littora
673 2703 753 2768 mari
777 2705 932 2770 continua
954 2704 1125 2789 possident
1145 2722 1183 2772 ut
1202 2707 1325 2774 Veneti
1349 2723 1381 2774 et

204 2819 408 2902 Januenses,
432 2814 443 2850 ⁴
464 2816 556 2899 quod
581 2817 620 2881 de
641 2815 812 2881 Lusitanis
835 2816 900 2881 dici
923 2837 989 2882 non
1022 2836 1119 2900 posse
1142 2818 1240 2883 modo
1261 2819 1380 2902 patuit.

208 2931 278 2994 Imo
309 2944 341 2994 et
364 2928 391 2996 si
414 2929 567 3012 prodesse
588 2942 700 3010 posset
719 2942 871 3010 tempus,
903 2943 942 2992 ut
963 2946 1060 3011 posse
1084 2929 1216 3010 quidam
1241 2944 1379 3013 putant,

208 3042 242 3106 in
266 3040 408 3124 publicis
441 3060 525 3122 quae
560 3055 640 3105 sunt
674 3039 811 3122 populi,
845 3054 952 3104 tamen
976 3059 1043 3105 non
1067 3060 1103 3106 ea
1127 3041 1265 3122 adsunt,
1295 3063 1380 3124 quae

208 3152 389 3220 necessario
421 3151 659 3234 requiruntur.
700 3151 844 3218 Primum
877 3151 962 3216 enim
1000 3152 1120 3218 docent
1153 3134 1264 3221 omnes
1294 3153 1380 3220 desi·

209 3264 334 3345 derasi,
366 3278 404 3328 ut
437 3262 464 3327 is
500 3263 558 3345 qui
590 3263 781 3345 praescribit
814 3263 1005 3347 hujusmodi
1029 3279 1157 3346 actum,
1191 3285 1264 3331 eum
1289 3286 1381 3331 exer·

210 3377 315 3442 cuerit
336 3394 403 3442 non
425 3377 525 3458 longo
547 3374 705 3439 duntaxat
716 3389 883 3457 tempore,
909 3375 965 3442 sed
977 3376 1163 3442 memoriam
1177 3376 1379 3461 egrediente:

210 3488 325 3554 deinde
337 3503 375 3553 ut
386 3502 478 3552 tanto
499 3501 645 3568 tempore
667 3486 814 3552 eumdem
837 3501 944 3552 actum
966 3507 1062 3554 nemo
1083 3488 1166 3555 alius
1178 3489 1379 3568 exercuerit,

209 3599 272 3665 nisi
296 3599 507 3665 concessione
531 3598 622 3663 illius
645 3600 699 3663 vel
722 3597 942 3684 clandestine:
972 3614 1137 3681 praeterea
1165 3615 1202 3665 ut
1224 3599 1306 3666 alios
1330 3599 1379 3665 uti

209 3713 359 3777 volentes
381 3709 612 3793 prohibuerit,
637 3708 818 3775 scientibus
842 3708 976 3790 quidem
1000 3724 1032 3775 et
1051 3710 1254 3792 patientibus
1278 3711 1319 3777 iis
1340 3711 1381 3776 ad

209 3843 294 3905 quos
317 3842 353 3886 ea
376 3840 428 3885 res
449 3820 650 3903 pertinebat:
675 3840 748 3885 nam
773 3819 834 3886 etsi
858 3819 1059 3886 exercuisset
1079 3839 1206 3903 semper
1228 3835 1261 3886 et
1279 3841 1381 3904 quos-

212 3979 285 3986 ἡκ-.
292 3978 409 3986 ..α-ι...-

245 4060 252 4093 ¹
270 4064 287 4109 1.
304 4060 410 4110 scioli.
426 4060 457 4107 de
474 4055 593 4104 minorib.
615 4053 658 4118 [D.
673 4067 698 4116 4.
717 4068 739 4102 1.
753 4053 789 4118 4.]
806 4055 883 4114 Vasq.
900 4057 918 4102 l.
940 4068 962 4102 r.
979 4056 1010 4104 de
1028 4069 1082 4104 suc.
1100 4069 1167 4104 reso.
1186 4069 1209 4104 c.
1227 4067 1253 4114 7.
1279 4053 1290 4088 ²
1307 4057 1379 4105 Balb.

210 4154 241 4201 de
258 4163 408 4213 praesens.
426 4164 451 4210 q.
468 4146 550 4208 princ.
569 4146 636 4206 inq.
657 4159 696 4193 11.
712 4144 782 4193 illius
800 4157 823 4201 5.
833 4157 927 4205 quaest.
945 4145 1028 4212 prinp.
1048 4148 1089 4194 Gi.
1105 4147 1132 4195 in
1148 4160 1171 4195 c.
1187 4146 1254 4195 inter
1272 4158 1379 4196 caetera.

211 4245 299 4305 [Decr.
316 4244 384 4292 Grat.
403 4256 428 4302 p.
447 4254 470 4288 2.
490 4253 528 4288 ιο.
546 4251 569 4296 3.
588 4237 623 4299 8.]
640 4239 717 4298 Alph.
734 4239 765 4286 de
781 4238 888 4295 Castro,
903 4239 934 4286 de
952 4249 1046 4297 potest.
1061 4241 1109 4298 leg.
1128 4219 1241 4299 poeni.
1257 4253 1282 4286 2.
1298 4253 1321 4288 c.
1342 4252 1380 4301 14.

209 4333 307 4383 ³Balb.
334 4332 420 4382 infin.
445 4344 469 4381 et
495 4330 531 4379 ibi
556 4333 621 4390 Ang.
642 4329 668 4376 in
694 4330 710 4376 l.
735 4341 831 4376 omnes.
850 4329 879 4375 C.
898 4329 929 4376 de
947 4342 1057 4388 praescr.
1072 4329 1129 4390 trig.
1146 4343 1275 4378 annorum.
1295 4328 1339 4393 [C.
1357 4343 1381 4388 7.

211 4440 251 4488 ³9·
269 4424 305 4489 4.]
342 4423 353 4456 ⁴
370 4440 396 4474 v.
418 4427 482 4484 ang.
503 4423 529 4471 in
549 4423 573 4471 d.
595 4422 616 4482 §.
641 4419 759 4469 littorum
778 4433 890 4479 quoque.
909 4421 971 4469 Inst.
989 4421 1021 4469 de
1039 4434 1087 4468 rer.
1104 4420 1156 4470 div.
1173 4421 1207 4483 [Ι.
1226 4435 1249 4469 2.
1267 4435 1288 4470 1.
1307 4425 1328 4480 ξ.
1346 4421 1380 4482 5.]

211 4529 236 4566 et
254 4516 318 4565 alios
334 4529 409 4576 supra
425 4517 497 4574 alleg.
1131 4515 1132 4518 ’

1192 4607 1231 4667 16
