3530 5656
576 627 623 674 DE
646 627 744 694 Juxta
764 626 947 674 Pnnssnnn.
972 627 1052 673 CAP.
1077 626 1117 673 11.
1390 627 1432 690 29

265 781 459 847 devolvitur.
504 781 584 846 Non
607 781 707 866 igitur
729 782 816 848 sicut
837 782 870 848 in
893 781 1059 865 republica
1076 781 1252 866 unajudex
1262 781 1317 866 jus
1333 778 1434 862 lacit,
1507 790 1511 802 ’

264 893 308 957 ita
329 893 382 958 hic
404 893 498 959 etiam
522 894 822 976 quomodocunque
844 894 1007 979 judicasse
1029 892 1178 960 sufficiet.
1223 893 1325 959 Nulla
1347 893 1433 958 enim

263 1019 311 1071 est
333 1005 528 1088 reipublicae
560 1005 594 1072 in
626 1006 857 1088 rempublicam
880 1020 1026 1089 potestas
1050 1025 1090 1070 ex
1109 1003 1352 1084 conventione,
1376 1004 1434 1069 sed

263 1136 302 1180 ex
321 1131 457 1198 natura,
481 1137 564 1199 quae
584 1117 639 1201 jus
665 1137 760 1184 suum
784 1117 936 1201 persequi
957 1117 1139 1199 unicuique
1160 1115 1329 1200 permittit.
1372 1115 1434 1200 Jus

263 1229 363 1314 igitur
393 1231 560 1314 praecedat
588 1249 718 1297 necesse
749 1244 813 1297 est.
859 1229 935 1294 Huc
966 1228 1049 1295 illud
1075 1228 1240 1311 pertinet,
1274 1228 1365 1309 quod
1392 1229 1432 1293 ab

263 1341 413 1407 omnibus
436 1343 445 1376 ¹
467 1341 621 1408 traditum
642 1356 714 1423 est,
738 1343 869 1406 alteram
878 1340 1110 1424 rempublicam
1122 1338 1255 1406 alterius
1267 1339 1431 1405 subditam

263 1451 331 1516 fieri
351 1453 581 1535 delinquendo.
624 1454 711 1519 Nam
729 1453 880 1536 quisquis
899 1455 1023 1540 justum
1043 1454 1164 1519 bellurn
1187 1452 1283 1538 gerit,
1292 1471 1432 1520 ‚necesse

263 1579 312 1630 est
342 1580 473 1632 eatenus
502 1566 603 1651 iudex
634 1565 693 1632 srat
725 1566 922 1648 adversarii,
956 1565 1050 1647 sive,
1082 1581 1121 1632 ut
1151 1566 1244 1632 Plato
1279 1566 1291 1602 ¹
1324 1564 1431 1645 dixit,

260 1682 469 1764 σωφρονιστής,
492 1699 605 1744 censor
625 1693 724 1760 atque
746 1683 947 1766 castigator.
995 1677 1230 1744 Rediturenim
1250 1676 1431 1744 necessario

261 1787 300 1852 ad
317 1788 372 1872 jus
391 1804 542 1870 naturae,
565 1809 632 1873 quo
652 1790 881 1872 unusquisque
902 1791 935 1855 in
957 1810 1015 1857 sua
1038 1789 1288 1874 causajudicare
1301 1788 1434 1872 permit·

260 1901 398 1966 rebatur.
431 1900 600 1967 Hactenus
623 1903 711 1987 leges
733 1901 884 1969 instituto
907 1902 1137 1969 convenientes
1149 1900 1432 1986 praescripsimus:

261 2028 438 2095 quaesunt
461 2033 572 2079 omnes
598 2017 760 2100 generales
781 2030 814 2080 et
835 2014 1056 2095 necessariae,
1081 2013 1144 2080 nisi
1167 2014 1258 2095 quod
1280 2033 1345 2078 una
1366 2013 1431 2078 illis

261 2126 408 2210 exceptio
439 2126 627 2192 naturaliter
659 2126 743 2193 inest
771 2128 809 2208 ⁸,
844 2142 882 2193 ut
915 2126 942 2194 si
975 2127 1107 2210 quando
1140 2121 1275 2207 aliquod
1308 2124 1431 2190 factum

260 2237 388 2303 eveniat
410 2237 443 2302 in
467 2258 535 2319 quo
557 2240 645 2323 leges
667 2239 750 2304 inter
780 2259 815 2305 se
838 2239 1014 2324 confligere
1037 2239 1231 2319 videantur,
1256 2258 1353 2320 quam
1372 2258 1432 2303 vo-

260 2363 333 2413 cant
362 2349 507 2416 rhetores
538 2355 590 2428 rlr
618 2357 698 2420 κατὰ
726 2357 891 2436 περίστασιν
910 2355 1037 2436 μάχην,
1056 2365 1205 2437 pugnam
1227 2371 1268 2415 ex
1290 2354 1432 2416 circum·

258 2464 406 2539 stantia,
440 2476 509 2526 tum
540 2463 717 2546 superioris
748 2463 831 2529 ratio
861 2464 1018 2529 habeatur
1051 2460 1203 2528 inferiore
1235 2462 1429 2546 postposita.

259 2570 384 2656 Legum
406 2572 506 2656 igitur
527 2589 715 2641 cunctarum
737 2575 830 2658 quasi
853 2576 906 2640 lex
928 2573 989 2638 erit
1011 2573 1092 2640 ista:
1116 2574 1162 2639 Ut
1185 2575 1242 2640 ubi
1266 2574 1368 2641 simul
1378 2575 1431 2639 ob·
1451 2588 1582 2635 reexrrr.

258 2687 390 2750 serrari
404 2699 541 2770 possunt
563 2687 800 2754 observentur:
825 2687 882 2750 ubi
904 2684 943 2750 id
950 2683 1030 2766 fieri
1051 2707 1114 2750 non
1128 2700 1259 2771 potest,
1283 2700 1354 2750 tum
1373 2700 1432 2771 po·

258 2797 325 2858 tior
348 2800 391 2860 sit
412 2817 497 2881 quae
517 2813 564 2863 cst
584 2797 730 2885 dignior.
777 2796 850 2862 Hoc
873 2796 980 2880 ipsum
1002 2816 1104 2876 ver0,
1128 2816 1211 2878 quae
1223 2795 1352 2881 dignior
1363 2796 1430 2877 sit,

257 2919 326 2970 tum
350 2927 389 2972 ex
401 2909 548 2994 origine,
572 2926 641 2976 tum
655 2930 695 2976 ex
706 2908 771 2974 fine
783 2907 921 2993 intelligi
933 2922 1052 2991 potest.
1075 2905 1125 2972 Ex
1136 2907 1262 2993 origine
1275 2906 1359 2972 enim
1374 2909 1430 2992 jus

257 3017 404 3085 divinum
425 3022 490 3105 juri
512 3023 679 3104 humano,
700 3023 755 3107 jus
776 3024 953 3088 humanum
972 3020 1038 3108 juri
1062 3020 1151 3086 civili
1169 3034 1308 3104 praestat
1329 3027 1352 3086 ⁵.
1377 3019 1430 3084 Ex

206 3137 213 3146 '
257 3129 321 3196 line
352 3131 408 3214 id,
443 3134 533 3216 quod
562 3134 602 3199 ad
623 3135 746 3200 bonurn
770 3133 891 3216 cuique
914 3154 1010 3201 suum
1032 3133 1196 3216 pertinet,
1221 3132 1251 3199 ei
1274 3132 1367 3214 quod
1390 3131 1431 3197 ad

257 3242 396 3309 alienum
427 3244 630 3328 praefertur,
665 3260 696 3310 et
729 3246 852 3310 bonum
875 3246 979 3329 majus
1001 3243 1119 3310 minori
1143 3259 1175 3310 et
1203 3243 1278 3310 mali
1299 3243 1430 3327 majoris

255 3355 392 3420 remotio
408 3356 525 3422 minori
547 3357 645 3422 bono.
691 3356 842 3440 Exempli
867 3355 969 3441 gratia
991 3355 1019 3422 si
1043 3356 1077 3421 in
1097 3355 1277 3422 solitudine
1301 3354 1429 3421 insultu

256 3466 393 3551 alicujus
415 3468 454 3533 de
474 3467 543 3534 vita
574 3467 788 3551 pericliteris,
811 3467 867 3533 hic
887 3487 960 3532 cum
984 3467 1065 3533 adiri
1086 3467 1228 3551 judicem
1254 3486 1360 3548 neque
1381 3468 1430 3531 lo·

256 3597 312 3642 cus
342 3597 448 3660 neque
476 3593 607 3662 tempus
630 3578 734 3660 ferat,
762 3581 907 3664 neglecta
928 3580 998 3663 lege
1019 3599 1104 3644 nona
1123 3579 1162 3645 de
1182 3577 1338 3664 judiciis,
1363 3597 1430 3643 me-

256 3689 318 3754 rito
340 3704 439 3756 temet
460 3691 529 3774 ipse
550 3690 705 3758 defendes
729 3686 754 3757 ⁶.
801 3693 871 3757 Imo
891 3711 931 3758 ne
955 3689 1049 3756 tertia
1071 3690 1203 3773 quidem
1225 3692 1279 3756 lex
1301 3689 1429 3754 obstare

207 4038 217 4050 ,
288 3997 297 4028 ²
315 4000 402 4048 Innoc.
419 3999 445 4048 in
458 4014 481 4049 c.
494 4001 636 4060 postulasti.
651 4004 683 4050 de
695 4002 754 4050 foro
769 4015 854 4062 comp.
871 4002 1009 4063 [Decretal.
1028 4015 1051 4050 a.
1068 4015 1091 4050 a.
1108 4001 1158 4064 14]
1184 3997 1265 4057 Caiet.
1283 3999 1314 4048 ad
1334 4000 1425 4046 Summ.

254 4089 345 4138 Thom.
371 4103 394 4141 a.
419 4104 442 4139 a.
459 4105 484 4151 q.
501 4105 542 4153 40.
558 4104 603 4140 art.
628 4106 649 4141 r.
667 4093 763 4153 etipse
779 4093 869 4141 Thom.
888 4107 911 4142 a.
930 4106 952 4140 2.
970 4107 995 4152 q.
1011 4093 1052 4150 67.
1070 4103 1115 4140 art.
1136 4105 1158 4140 1.
1175 4093 1206 4140 ad
1223 4089 1334 4139 tertium.
1351 4090 1424 4136 Bald.

254 4180 324 4238 quib.
341 4183 409 4230 mod
428 4182 496 4231 feud.
523 4176 657 4233 amittatur.
682 4197 707 4232 n.
731 4197 755 4245 4.
781 4183 820 4245 [F.
847 4197 868 4232 1.
892 4195 915 4240 5.
941 4183 992 4244 17.]
1016 4184 1102 4231 Franc.
1129 4183 1197 4231 Vict.
1223 4183 1254 4230 de
1277 4179 1332 4238 iure
1356 4179 1427 4227 belli.

253 4282 278 4317 n.
303 4283 340 4328 17·
363 4285 401 4334 19.
424 4273 466 4334 46.
489 4285 514 4321 et
538 4274 577 4330 56.
611 4265 671 4322 lde
688 4287 742 4335 rep.
756 4276 774 4322 1.
792 4285 815 4330 5.
831 4274 869 4336 [p.
883 4287 941 4336 471.
958 4275 991 4337 a]
1027 4272 1116 4323 ³silv.
1133 4274 1159 4322 in
1177 4289 1202 4323 v.
1218 4274 1279 4321 Lex.
1298 4275 1310 4330 5
1331 4273 1354 4320 θ.
1372 4270 1425 4328 lbi,

253 4363 303 4410 hoc
316 4374 406 4411 tamen.
438 4362 450 4395 ⁴
467 4367 555 4414 scotus
575 4379 614 4414 21.
636 4365 695 4414 dist.
714 4378 756 4427 41.
778 4365 834 4414 Cic.
855 4367 886 4414 de
903 4366 1001 4420 invent.
1023 4368 1040 4414 l.
1060 4379 1083 4414 a.
1107 4365 1143 4426 [c.
1163 4364 1216 4426 49.]
1261 4361 1271 4394 ⁵
1289 4363 1321 4411 V.
1340 4375 1363 4411 c.
1381 4361 1425 4422 qm

253 4453 356 4501 resistit.
375 4453 462 4515 [Dect.
487 4457 555 4504 Grat.
572 4469 598 4516 p.
616 4470 639 4504 2.
660 4469 698 4504 11.
716 4469 740 4513 s.
757 4455 809 4520 97.]
846 4456 892 4505 ⁶1.
909 4470 933 4519 4
960 4468 985 4505 et
1011 4468 1033 4512 5.
1050 4455 1077 4504 ff.
1095 4456 1127 4505 ad
1144 4458 1161 4504 l.
1177 4453 1262 4515 nquit.
1282 4453 1326 4516 [D.
1345 4467 1369 4516 9.
1387 4453 1423 4515 a.]

253 4545 313 4592 etl.
333 4543 473 4594 scientiam.
488 4549 501 4604 5
519 4560 543 4609 4.
561 4559 593 4594 eo
610 4547 649 4595 tit.
667 4547 711 4610 [D.
729 4561 752 4609 9.
768 4561 791 4595 a.
806 4548 860 4610 4⁵·]
880 4547 936 4597 Cic.
952 4561 1001 4608 pro
1019 4547 1128 4598 Milone.
1148 4545 1184 4609 [c.
1200 4559 1226 4608 4.
1242 4549 1256 4605 5
1277 4558 1315 4594 10.
1331 4545 1382 4607 sq]
