3546 5654
563 649 609 696 ur
633 647 727 713 June
752 649 935 696 rnnuunr·
958 650 1039 696 cnr.
1063 650 1113 696 xr.
1374 637 1433 711 187

264 802 460 868 Lusitanos:
494 802 762 894 commerciorum
794 817 888 884 pacta
923 801 1127 869 sanciuntur.
1170 801 1270 886 Jusso
1303 821 1435 868 exscen-

263 913 338 978 dere
368 912 528 980 Cordesio
547 933 620 978 cum
640 912 870 996 promtissimis
887 926 1081 994 nautarum,
1113 927 1150 978 ut
1173 914 1330 978 bubalum
1353 913 1435 996 ipsis

263 1023 369 1090 victui
400 1024 592 1090 attributum
624 1027 798 1104 tollerent,
829 1024 884 1089 alii
915 1024 1043 1089 interim
1067 1023 1131 1088 cibi
1161 1023 1371 1088 aLusitanis
1394 1025 1435 1090 ad

265 1155 379 1201 navem
402 1136 497 1216 quasi
516 1136 604 1216 dono
624 1135 800 1217 feruntur,
824 1135 881 1204 sed
901 1133 1114 1218 rapidissimis
1133 1133 1269 1204 venenis
1290 1133 1434 1216 illibuti,

195 1229 199 1232 ’
264 1245 398 1328 proviso
423 1245 549 1311 scilicet
570 1244 718 1312 subsidio
740 1246 767 1311 si
791 1244 878 1311 forte
898 1244 1090 1326 fefellisset,
1114 1243 1173 1326 qui
1185 1244 1283 1310 simul
1296 1245 1436 1313 instrue-

265 1358 360 1424 batur
388 1371 525 1422 conatus
557 1356 724 1422 audacior.
771 1355 870 1423 Petiti
898 1356 1027 1423 duabus
1052 1356 1212 1422 mortibus
1235 1355 1268 1422 in
1291 1357 1433 1440 pejorem

264 1467 471 1548 inciderunt,
504 1468 567 1534 hoc
589 1483 661 1548 est,
692 1467 725 1532 in
746 1487 861 1534 manus
882 1467 1126 1534 Lusitanorum.
1172 1467 1324 1549 Namque
1344 1467 1379 1533 hi
1402 1467 1435 1532 in

263 1599 379 1644 navem
400 1577 531 1646 admissi
548 1576 717 1645 foederum
738 1577 880 1678 fiducia,
904 1597 979 1644 cum
1000 1593 1086 1645 tecta
1105 1580 1167 1645 sub
1179 1578 1328 1645 vestibus
1340 1578 1437 1646 tulis·

264 1704 338 1756 sent
358 1709 467 1770 arma,
492 1689 633 1774 digressi
657 1690 802 1756 diversas
823 1689 857 1754 in
878 1705 1012 1773 partes,
1036 1704 1073 1755 ut
1092 1710 1256 1772 quemque
1276 1689 1436 1756 confabu-

264 1804 382 1867 lantem
406 1802 707 1883 apprehenderant,
731 1800 941 1885 transfigunt.
988 1801 1111 1867 Orbam
1131 1799 1359 1869 defensoribus
1380 1821 1436 1867 rra-

265 1932 363 1992 vem,
389 1927 457 1978 tum
480 1912 643 1995 quidquid
663 1912 785 1990 inerat,
815 1927 980 1996 occupant
1003 1912 1096 1994 quasi
1120 1911 1273 1980 victores.
1320 1913 1436 1995 Atque

267 2023 395 2090 interim
428 2024 609 2092 Cordesius
631 2022 664 2090 in
693 2025 832 2108 cymba,
856 2045 921 2106 qua
944 2023 1027 2088 forte
1051 2025 1236 2104 remeabat,
1260 2022 1436 2090 confossus

265 2134 432 2218 primum,
456 2135 573 2201 deinde
595 2136 796 2201 decollatur:
817 2149 955 2202 truncus
978 2134 1011 2199 in
1035 2155 1121 2200 mare
1142 2134 1305 2218 dejicitur.
1330 2135 1436 2202 Idem-

266 2267 331 2328 que
364 2246 501 2312 aliorum
537 2245 641 2312 fatum
676 2244 768 2326 fuit,
801 2265 887 2326 quos
919 2264 936 2309 e
965 2245 1042 2310 navi
1065 2246 1159 2309 velut
1179 2245 1220 2310 ad
1247 2244 1435 2326 capiendam

266 2357 447 2424 merendam
478 2355 632 2422 Lusitani
659 2356 866 2422 exciveranta
890 2354 952 2421 nisi
973 2355 1064 2436 quod
1088 2353 1190 2419 saturi
1212 2355 1359 2422 caedium
1379 2354 1436 2421 uni

268 2483 301 2533 et
320 2469 412 2538 alteri
436 2482 652 2552 pepercerunt
675 2481 826 2550 respectu
850 2466 964 2532 aetatis
986 2465 1181 2545 tenerioris,
1206 2481 1263 2532 aut
1285 2465 1364 2548 quia
1386 2466 1436 2532 di·

265 2580 361 2646 vinae
400 2577 628 2662 providentiae
661 2578 706 2642 ita
737 2577 870 2659 visum,
904 2596 944 2642 ne
979 2591 1103 2642 tantum
1136 2577 1261 2643 facinus
1296 2576 1437 2644 testibus

266 2691 492 2757 fraudaretur:
517 2707 715 2771 quamquam
740 2708 799 2752 nec
828 2687 917 2770 ipsos
938 2688 1059 2770 jactare
1086 2688 1218 2771 puduit.
1265 2689 1341 2754 Scio
1367 2703 1437 2754 stu-

265 2801 376 2883 puisse
408 2801 582 2864 lectorem:
615 2797 684 2863 scio
714 2797 772 2864 vix
803 2798 893 2864 credi
924 2791 1033 2864 ausani
1065 2799 1144 2864 haec
1169 2817 1239 2863 esse
1271 2799 1435 2865 nationem

264 2911 405 2996 primum
426 2909 665 2991 Christianam,
685 2909 802 2976 deinde
822 2929 948 2974 morum
969 2908 1065 2974 etiam
1086 2909 1241 2991 vitaeque
1261 2911 1356 2975 cultu
1369 2928 1436 2975 non

265 3040 379 3104 parum
409 3021 675 3104 superbientem,
707 3035 739 3086 et
775 3040 884 3087 ausam
924 3035 1037 3086 contra
1064 3020 1170 3086 datam
1203 3035 1436 3104 acceptamque

266 3132 374 3198 fidem.
420 3131 513 3220 Quid
535 3132 664 3217 igitur?
690 3133 829 3198 Caetera
851 3131 974 3214 quibus
994 3131 1104 3198 verbis
1127 3133 1313 3214 exsequar?
1338 3133 1436 3199 Unde

264 3244 345 3310 mibi
365 3263 485 3326 voces,
504 3265 589 3327 quae
611 3264 676 3311 non
699 3258 756 3312 aut
776 3246 873 3326 longe
894 3257 971 3326 post
990 3241 1068 3308 facti
1092 3241 1318 3327 indignitatem
1337 3245 1436 3310 relin-

266 3371 432 3438 quantur,
466 3371 524 3423 aut
552 3375 618 3422 non
651 3375 747 3421 omne
771 3354 863 3436 quod
885 3354 974 3421 credi
997 3353 1126 3437 possit,
1152 3356 1280 3421 tametsi
1304 3357 1437 3424 verissi-

265 3487 358 3547 mae,
381 3467 603 3550 exsuperent?
629 3468 745 3534 Restat
765 3467 872 3548 enim,
896 3480 996 3534 restat
1015 3466 1158 3533 atrocius
1175 3467 1265 3534 aliud
1283 3483 1315 3532 et
1333 3468 1437 3554 magis

266 3578 493 3661 Hispanicum.
539 3579 633 3666 Quae
664 3580 762 3645 modo
790 3579 939 3666 diximus
971 3578 1026 3644 illa
1057 3577 1216 3661 fuerunt,
1248 3579 1281 3645 in
1314 3581 1438 3662 quibus

265 3690 501 3756 Lusitanorum
537 3688 582 3755 ira
611 3689 764 3772 prolusit.
809 3690 874 3756 Sex
896 3689 1069 3769 homines,
1105 3705 1278 3772 conspecta
1301 3710 1435 3757 suorum

265 3801 355 3867 clade
375 3815 407 3864 et
427 3801 586 3882 sanguine
607 3786 691 3866 terra
711 3800 883 3882 marique,
902 3800 935 3864 in
956 3800 1104 3884 cymbam
1126 3799 1355 3884 profugerant:
1369 3821 1436 3868 non

264 3927 350 3978 certa
370 3913 437 3976 ulla
455 3930 513 3993 spe
536 3910 701 3993 (undique
725 3911 810 3976 enim
827 3909 924 3989 remis
936 3910 1147 3976 imminebant
1159 3910 1354 3995 Lusitani),
1377 3913 1436 3978 sed

263 4023 387 4089 fluctus
415 4021 528 4105 potius
550 4035 583 4086 et
606 4022 761 4103 scopulos
785 4035 818 4086 et
839 4019 974 4103 quidvis
999 4019 1188 4102 experturi,
1212 4040 1309 4103 quam
1332 4021 1435 4088 Iberi·
1523 4076 1528 4085 .

265 4152 334 4198 cam
364 4132 604 4199 crudelitatem.
651 4132 698 4196 At
721 4131 769 4197 illi
793 4133 932 4196 clamant
962 4146 1000 4197 ut
1022 4130 1179 4197 dederent
1211 4149 1300 4198 sese:
1326 4135 1435 4216 exple·

264 4259 328 4310 tam
358 4246 422 4328 jam
454 4243 632 4312 ultionem:
658 4243 736 4326 ipsis
760 4243 861 4310 vitam
882 4263 918 4308 ac
942 4263 1061 4326 corpus
1085 4244 1212 4309 salvum
1235 4241 1314 4309 fore.
1338 4245 1435 4311 Prae·

265 4370 368 4421 statur
393 4355 648 4440 jusjurandum,
678 4355 770 4438 quod
801 4370 839 4424 ut
857 4355 929 4424 aliis
948 4354 1138 4425 hominibus
1156 4355 1340 4423 securitatis
1361 4356 1434 4424 vin-

263 4469 399 4570 culum,
423 4467 468 4534 ita
491 4467 556 4534 illis
579 4466 713 4536 fallendi
743 4467 996 4536 instrumentum
1027 4481 1086 4534 est.
1133 4467 1370 4552 Transgressus
1400 4471 1434 4537 in
