3546 5654
360 697 423 756 214
666 696 712 741 DE
736 694 830 763 Juuss
858 693 1040 739 PRAEDAE.
1066 693 1145 740 CAP.
1171 693 1237 738 x11.

359 850 513 928 debeant,
537 848 632 931 quasi
651 848 775 916 nullius
795 863 868 912 ante
888 847 1046 925 fuissent,
1069 867 1177 930 neque
1197 869 1273 914 cum
1285 849 1415 915 illorum
1428 864 1536 916 essent

359 961 432 1026 aliis
463 974 550 1025 recte
585 957 710 1042 acquiri
733 959 925 1041 potuerint,
949 958 1102 1040 sequitur
1125 959 1282 1025 Indorum
1305 962 1470 1043 populos,
1495 961 1535 1026 de

359 1071 481 1153 quibus
512 1089 573 1136 nos
605 1069 796 1152 loquimur,
828 1069 1063 1135 Lusitanorum
1098 1071 1249 1154 proprios
1273 1090 1339 1136 non
1363 1089 1455 1150 esse,
1479 1070 1536 1136 sed

359 1181 481 1248 liberos
504 1196 536 1246 et
557 1181 609 1248 sui
630 1180 738 1266 juris,
774 1181 813 1246 de
838 1200 905 1264 quo
928 1180 992 1264 ipsi
1016 1181 1167 1248 doctores
1193 1181 1334 1265 Hispani
1355 1193 1363 1227 ¹
1385 1199 1452 1246 non
1474 1182 1535 1247 du·

360 1293 479 1358 bitant.
526 1292 562 1357 Si
596 1310 673 1376 ergo
705 1292 740 1358 in
771 1293 914 1374 populos
945 1305 1113 1374 terrasque
1146 1306 1179 1357 et
1210 1292 1352 1358 ditiones
1383 1291 1534 1358 Lusitani

358 1403 414 1486 jus
435 1404 562 1468 nullum
586 1401 841 1484 quaesiverunt,
875 1401 1046 1468 videamus
1067 1422 1106 1467 an
1129 1423 1214 1468 mare
1237 1418 1270 1467 et
1293 1403 1533 1488 navigationem

203 1519 283 1564 Probl·
298 1517 347 1564 ur.
360 1527 417 1578 aut
447 1527 659 1579 mercaturam
689 1513 741 1579 sui
768 1513 852 1598 juris
881 1512 986 1579 facere
1016 1513 1194 1597 potuerint.
1240 1514 1293 1579 De
1318 1512 1397 1580 mari
1426 1528 1533 1579 autem

360 1623 462 1706 prima
485 1624 529 1690 sit
547 1624 788 1706 consideratio,
814 1624 906 1706 quod
928 1645 1003 1690 cum
1024 1624 1145 1707 passim
1167 1624 1200 1690 in
1220 1626 1293 1708 jure
1312 1639 1369 1691 aut
1386 1625 1533 1704 nullius,

361 1749 419 1800 aut
437 1754 633 1816 commune,
657 1749 714 1802 aut
736 1736 907 1818 publicum
928 1734 1012 1820 J'uris
1032 1734 1178 1820 gentium
1192 1734 1340 1817 dicatur,
1363 1736 1534 1802 haevoces

362 1845 445 1926 quid
470 1844 658 1930 significent
684 1847 730 1912 ita
760 1845 1023 1913 commodissime
1050 1846 1287 1928 explicabitur,
1312 1846 1338 1910 si
1360 1862 1473 1928 poetas
1492 1848 1532 1912 ab

362 1955 511 2021 Hesiodo
532 1975 644 2024 omnes
665 1972 697 2022 et
719 1957 938 2040 philosophos
949 1971 981 2022 et
997 1957 1253 2042 jurisconsultos
1274 1971 1400 2024 veteres
1414 1956 1532 2022 imitati

361 2067 394 2132 in
413 2081 560 2150 tempora
579 2068 820 2153 distinguamus
843 2088 903 2149 ea,
928 2087 1011 2150 quae
1031 2083 1175 2152 tempore
1194 2067 1281 2134 forte
1300 2069 1389 2134 haud
1408 2070 1532 2152 longo,

360 2193 447 2244 certa
466 2195 573 2245 tamen
592 2180 717 2245 ratione
736 2193 769 2244 et
786 2179 839 2246 sui
859 2194 975 2246 natura
994 2179 1135 2245 discreta
1156 2195 1244 2246 sunt.
1290 2180 1411 2262 Neque
1436 2179 1533 2246 nobis

360 2288 444 2356 vitio
472 2291 556 2356 verti
589 2290 709 2372 debet,
742 2290 770 2356 si
798 2291 832 2355 in
857 2291 941 2375 juris
972 2312 990 2356 a
1018 2306 1134 2356 natura
1162 2292 1373 2374 procedentis
1393 2291 1533 2374 explica·

360 2399 451 2467 tione
472 2401 667 2468 auctoritate
695 2417 728 2468 et
748 2402 858 2468 verbis
879 2422 991 2469 eorum
1014 2402 1161 2482 utimur,
1185 2422 1270 2484 quos
1290 2417 1420 2469 constat
1438 2417 1533 2469 natu·

203 2517 272 2562 nm
287 2516 324 2562 d·-
361 2509 419 2576 rali
446 2511 574 2596 judicio
603 2512 781 2596 plurimum
810 2513 965 2580 valuisse.
1012 2512 1188 2578 Sciendum
1218 2528 1269 2578 est
1294 2513 1395 2597 igitur
1414 2514 1448 2582 in
1466 2514 1533 2597 pri-

201 2570 310 2616 claratio.

207 2637 348 2737 [cama.
361 2621 497 2687 mordiis
518 2623 607 2690 vitae
635 2624 793 2690 humanae
812 2623 902 2690 aliud
924 2644 1021 2705 quam
1042 2643 1129 2690 nunc
1149 2639 1198 2691 est
1217 2624 1420 2705 dominium,
1443 2625 1534 2691 aliud

361 2733 622 2800 communionem
653 2734 768 2801 fuisse.
814 2736 901 2801 Nam
933 2735 1113 2801 dominium
1144 2754 1232 2800 nunc
1256 2735 1425 2818 proprium
1451 2735 1534 2818 quid

360 2844 524 2930 significat
543 2846 576 2930 ¹,
602 2847 693 2930 quod
713 2847 842 2915 scilicet
862 2847 907 2914 ita
928 2863 978 2913 est
999 2847 1161 2931 alicujus,
1185 2861 1224 2912 ut
1245 2846 1378 2912 alterius
1400 2865 1467 2913 non
1490 2847 1533 2913 sit

361 2941 476 3022 eodem
508 2958 620 3026 modo.
669 2960 853 3025 Commune
885 2974 993 3024 autem
1027 2957 1189 3040 dicimus,
1223 2958 1319 3042 cujus
1350 2958 1532 3042 proprietas

360 3067 446 3134 inter
479 3071 590 3151 plures
631 3069 799 3136 consortio
841 3069 984 3151 quodam
1018 3084 1076 3135 aut
1110 3088 1275 3135 consensu
1308 3071 1425 3134 collata
1459 3083 1532 3151 est,

361 3179 503 3246 exclusis
526 3180 609 3247 aliis.
656 3180 861 3265 Linguarum
894 3195 1068 3263 paupertas
1091 3181 1201 3264 coegit
1222 3200 1323 3247 voces
1345 3181 1473 3247 easdem
1498 3181 1532 3246 in

360 3309 394 3352 re
417 3309 483 3356 non
508 3292 617 3357 eadem
649 3312 817 3375 usurpare.
863 3293 909 3357 Et
931 3292 979 3359 sic
1002 3291 1065 3357 ista
1086 3291 1191 3358 nostri
1214 3291 1315 3359 moris
1336 3294 1468 3358 nomina
1491 3293 1534 3358 ad

358 3402 413 3485 jus
444 3402 528 3468 illud
557 3403 732 3484 pristinum
762 3403 978 3470 similitudine
1002 3403 1141 3484 quadam
1166 3417 1198 3468 et
1221 3402 1360 3488 imagine
1383 3403 1531 3470 referun-

360 3527 424 3579 tur.
472 3514 655 3579 Commune
677 3514 778 3599 igitur
800 3529 880 3580 tunc
904 3534 970 3580 non
995 3512 1086 3579 aliud
1108 3511 1193 3594 fuit,
1218 3533 1316 3595 quam
1340 3516 1431 3596 quod
1454 3516 1531 3582 sim·

360 3622 492 3706 pliciter
523 3625 657 3707 proprio
689 3625 879 3709 opponitur.
924 3623 1119 3690 Dorninium
1153 3639 1260 3690 autem
1295 3625 1436 3692 facultas
1463 3645 1530 3692 non

360 3734 483 3818 injusta
506 3735 620 3802 utendi
643 3756 677 3802 re
701 3735 867 3803 communi
887 3734 919 3817 ³,
955 3756 1052 3820 quem
1076 3755 1171 3801 usum
1197 3736 1402 3802 scholasticis
1422 3737 1530 3804 visum

361 3861 410 3912 est
440 3845 543 3928 facti,
577 3866 643 3913 non
673 3848 757 3932 J‘uris
788 3865 906 3915 vocare
925 3848 962 3928 ⁴,
997 3847 1076 3929 quia
1108 3846 1166 3928 qui
1189 3865 1277 3912 nunc
1299 3848 1333 3915 in
1353 3848 1426 3932 jure
1449 3868 1530 3915 usus

394 4154 402 4187 ¹
429 4155 497 4202 Vict.
524 4155 550 4202 in
579 4168 600 4202 1.
625 4157 713 4203 relect.
740 4156 771 4204 de
799 4155 875 4204 indis.
902 4155 928 4203 in
956 4154 1015 4204 linc.
1043 4154 1080 4219 [n.
1111 4153 1161 4218 16.]
1199 4152 1209 4186 ²
1236 4157 1266 4203 V.
1293 4158 1333 4204 Gl.
1360 4169 1385 4204 et
1404 4158 1529 4206 Castrens.

359 4246 385 4293 in
404 4248 420 4293 l.
438 4259 470 4293 ex
492 4247 542 4292 hoc
563 4243 627 4301 jure.
652 4245 695 4307 [D.
721 4258 742 4292 1.
767 4260 788 4294 1.
807 4245 843 4308 5.]
864 4256 888 4294 et
908 4260 930 4293 c.
948 4245 987 4302 jus
1006 4249 1127 4295 naturale.
1147 4247 1205 4294 dist.
1227 4261 1247 4294 r.
1269 4246 1357 4309 [Dect.
1376 4248 1444 4294 Grae.
1462 4263 1488 4308 p.
1510 4262 1530 4296 1.

362 4349 382 4383 1.
400 4337 437 4398 7.]
472 4333 535 4382 ³V.
558 4338 634 4395 Vasq.
658 4347 776 4385 controv.
802 4349 849 4386 usu
867 4337 931 4396 freq.
951 4351 972 4384 c.
994 4351 1015 4385 1.
1033 4351 1058 4386 n.
1079 4351 1116 4385 10.
1151 4336 1203 4385 ⁴c.
1222 4336 1284 4385 exiit
1303 4337 1346 4396 qui
1364 4338 1479 4386 seminat.
1498 4341 1529 4388 de

359 4427 430 4474 verb.
448 4427 510 4487 sign.
529 4428 554 4475 in
572 4425 608 4474 ⁶⁰.
628 4427 764 4488 [Decretal.
783 4427 809 4474 in
828 4425 863 4474 6⁶.
883 4439 906 4482 s.
927 4441 964 4476 12.
983 4428 1019 4490 ³·]
1039 4429 1119 4476 clem.
1138 4428 1211 4478 exivi
1227 4429 1258 4477 de
1276 4428 1403 4478 Paradiso.
1413 4431 1445 4478 de
1456 4429 1529 4478 verb.

358 4516 421 4576 sign.
441 4516 533 4580 [Clem.
552 4528 633 4565 const.
653 4529 675 4572 5.
697 4530 723 4564 11
755 4515 789 4580 u]
