3546 5654
371 677 432 740 170
675 677 723 724 DE
745 678 839 744 June
862 677 1047 726 PRAEDAE·
1070 679 1151 726 CAP.
1174 679 1224 728 x1.

367 829 561 898 verberibus
583 830 713 898 attritos
736 847 825 898 artus
849 832 891 898 ad
912 852 969 900 ora
991 832 1200 916 popularium
1225 835 1419 900 retulerunt.
1462 834 1541 902 Pars

368 957 461 1024 capta
484 961 588 1025 nuper
612 942 721 1040 Clusa
732 958 765 1010 et
785 942 973 1026 Spinolanis
992 945 1131 1012 navibus
1151 945 1240 1012 tristi
1258 945 1396 1014 servitio
1415 963 1541 1014 exemta

369 1067 428 1118 est.
473 1052 559 1140 Quis
591 1053 676 1120 enim
709 1074 775 1122 non
807 1055 893 1122 vidit
925 1055 1012 1122 illam
1044 1054 1260 1122 miserabilem
1292 1059 1445 1139 turbam,
1470 1058 1541 1126 sive

367 1183 442 1230 cum
463 1164 599 1248 optimis
621 1164 806 1232 Ordinibus
829 1187 889 1249 pro
901 1186 1026 1234 summa
1039 1166 1241 1252 benignitate
1254 1167 1374 1252 gratias
1386 1183 1541 1252 agerent,

369 1275 460 1356 quod
488 1274 613 1343 fessum
646 1291 696 1342 tot
722 1276 816 1344 malis
839 1277 989 1360 spiritum
1013 1279 1048 1343 in
1071 1278 1175 1361 patria
1199 1279 1312 1362 potius
1335 1300 1432 1362 quam
1456 1279 1543 1346 inter

368 1387 517 1452 crudeles
528 1401 691 1454 tortorum
704 1407 820 1454 manus
831 1388 1038 1469 emitterent,
1061 1389 1132 1456 sive
1141 1409 1218 1456 cum
1231 1404 1387 1474 cognatos
1398 1389 1542 1474 quisque

369 1516 448 1564 suos
469 1512 502 1563 et
522 1498 632 1565 affines
651 1513 803 1582 orarent,
826 1519 867 1566 ne
887 1500 951 1566 tale
972 1520 1128 1582 umquam
1149 1499 1277 1568 facinus
1289 1500 1431 1567 inultum
1443 1502 1541 1568 relin-

369 1609 551 1691 queretur?
582 1609 670 1696 Quis
693 1626 802 1678 autem
826 1625 876 1677 est
899 1631 996 1694 quern
1019 1632 1085 1679 non
1110 1626 1167 1678 aut
1187 1612 1335 1678 miseriae
1355 1628 1413 1678 aut
1431 1613 1540 1680 damni

368 1718 478 1802 portio
510 1717 646 1804 tetigit?
702 1721 788 1808 Quis
821 1741 888 1788 non
921 1721 954 1787 in
987 1723 1043 1790 illa
1075 1723 1275 1790 immanitate
1305 1735 1362 1790 aut
1392 1723 1542 1792 fortunas

369 1850 444 1898 suas
455 1845 513 1897 aut
524 1831 648 1898 amicos
659 1831 848 1898 desiderati
871 1834 1033 1900 Damnum
1047 1849 1132 1902 recte
1144 1835 1184 1900 ad
1195 1837 1299 1900 multa
1310 1835 1430 1902 millies
1439 1836 1542 1902 millia

368 1942 593 2024 aestimarem,
626 1942 690 2008 nisi
721 1944 827 2027 pluris
859 1960 967 2011 essent
999 1961 1182 2026 tormenta,
1206 1933 1353 2030 poenae,
1377 1947 1541 2014 cruciatus

369 2051 585 2136 ingenuorum
609 2074 806 2138 corporum,
831 2077 915 2138 quae
939 2056 1101 2122 aestimari
1124 2076 1190 2123 non
1214 2073 1364 2140 possunt.

209 2170 291 2218 Artic·
313 2171 355 2218 Vl·
411 2167 456 2230 At
476 2167 588 2231 saltern
608 2165 790 2232 Lusitanos
809 2168 920 2233 credet
931 2166 1052 2249 aliquis
1063 2167 1097 2232 in
1108 2168 1248 2235 coloniis
1259 2183 1291 2234 et
1301 2168 1438 2249 insulis,
1458 2188 1542 2251 quas

368 2275 524 2343 latissime
542 2295 669 2360 sparsas
689 2276 857 2357 obtinent,
877 2277 992 2344 mitius
1002 2298 1106 2362 agere.
1129 2278 1216 2344 Nam
1227 2279 1262 2344 in
1273 2279 1377 2362 patria
1388 2298 1542 2363 praesens

365 2388 480 2472 jussus
510 2387 618 2472 regis,
653 2389 757 2454 libido
790 2389 1037 2474 magistratuum
1072 2389 1201 2472 aliquid
1230 2389 1314 2456 forte
1348 2405 1444 2458 sunt:
1479 2391 1542 2460 etsi

368 2499 537 2580 quomodo
559 2499 719 2566 innocens
740 2503 905 2584 populus,
929 2501 988 2584 qui
1011 2501 1072 2567 ista
1094 2501 1187 2568 videt
1199 2517 1256 2568 aut
1265 2502 1417 2585 patitur?
1442 2523 1540 2586 quem

368 2630 448 2676 vero
477 2610 566 2694 juste
597 2609 816 2692 ulciscemur,
838 2611 866 2676 si
896 2612 958 2678 ista
984 2612 1141 2695 recipitur
1163 2613 1357 2680 excusatio?
1403 2614 1542 2698 Peregre

369 2736 501 2801 autem,
525 2735 599 2786 tuto
626 2720 775 2804 scilicet,
799 2723 950 2790 ostendet
975 2743 1010 2789 se
1029 2723 1197 2808 ingenium
1216 2745 1283 2790 non
1303 2724 1406 2792 totius
1426 2743 1542 2808 expers

369 2833 601 2913 humanitatis,
625 2847 739 2900 mutua
771 2834 966 2917 provocabit
995 2835 1123 2918 officia,
1156 2835 1190 2902 in
1219 2857 1345 2903 summa
1365 2837 1401 2902 id
1422 2835 1541 2916 faciet,

369 2943 638 3026 quandoquidem
658 2945 755 3025 licet,
780 2946 870 3028 quod
891 2945 923 3011 in
944 2966 978 3013 se
1000 2945 1071 3012 fieri
1090 2947 1183 3013 velit.
1229 2947 1458 3014 Testabuntur
1476 2949 1540 3013 hoc

370 3055 561 3138 quicunque
596 3055 792 3122 batavorum
822 3073 882 3122 aut
911 3058 947 3123 vi
974 3071 1229 3140 tempestatum,
1262 3073 1319 3124 aut
1353 3079 1428 3124 curn
1460 3059 1542 3142 ipsis

370 3166 540 3232 Lusitanis
569 3167 730 3233 mercandi
761 3168 864 3250 gratia
891 3183 923 3234 et
941 3168 1126 3253 ignorantia
1151 3185 1215 3234 tarn
1236 3168 1298 3235 feri
1318 3169 1439 3250 moris,
1463 3170 1543 3252 quia

370 3278 461 3359 quod
491 3277 598 3342 facere
627 3297 694 3344 non
723 3295 864 3362 possunt
891 3280 980 3346 baud
1007 3295 1127 3345 temere
1150 3281 1290 3346 credunt
1309 3281 1482 3363 homines,
1506 3282 1541 3346 in

369 3388 430 3454 ista
457 3388 569 3455 littora
598 3388 809 3455 advenerunt.
855 3391 961 3456 Pauca
995 3392 1153 3458 duntaxat
1178 3407 1211 3458 et
1233 3393 1376 3459 recentia
1399 3393 1541 3459 afferam.

210 3519 281 3566 Anno
294 3523 356 3578 1⁵9⁸·
369 3499 407 3564 In
429 3499 593 3582 Principis
615 3499 747 3581 insula,
775 3521 849 3566 cum
873 3520 913 3566 ex
937 3504 1038 3568 classe
1062 3502 1203 3569 Oliverii
1226 3504 1542 3586 Roterodamensis,

369 3631 452 3693 quae
474 3626 631 3676 terrarum
643 3613 756 3678 orbern
770 3627 883 3694 quarta
896 3612 1212 3698 circumnavigavit,
1235 3615 1404 3699 praeripui
1414 3616 1544 3698 aliquot

369 3723 401 3789 in
422 3737 539 3787 terram
558 3721 649 3787 missi
669 3722 822 3805 praelatis
831 3722 907 3788 hinc
919 3722 993 3790 inde
1003 3725 1093 3807 pacis
1104 3725 1287 3810 insignibus
1298 3726 1543 3810 exciperentur,

369 3833 522 3900 Lusitani
542 3833 616 3898 data
634 3854 732 3917 opera
755 3848 793 3900 ut
814 3835 924 3917 plures
948 3835 1137 3918 allicerent,
1163 3836 1221 3902 ubi
1243 3836 1277 3902 id
1296 3857 1364 3904 non
1384 3837 1543 3903 successit

370 3965 425 4011 eos
446 3945 554 4011 statim
572 3945 793 4027 obtruncant,
817 3959 962 4012 caeteros
975 3947 1015 4011 ad
1027 3967 1113 4012 mare
1125 3946 1288 4032 fugientes
1299 3963 1544 4031 persequuntur

370 4072 402 4122 et
424 4057 458 4122 in
490 4057 640 4138 scapham
671 4057 846 4140 jaculando
876 4058 960 4123 duos
983 4057 1158 4140 perimunt.
1204 4059 1329 4125 Eadem
1349 4058 1386 4122 in
1408 4057 1543 4142 naviga·

370 4169 478 4249 tione,
501 4169 543 4236 ad
566 4167 687 4233 flumen
709 4168 863 4252 Janerum
888 4167 1091 4248 inBrasilia,
1114 4169 1206 4236 missi
1216 4170 1257 4235 ad
1267 4169 1362 4236 littus
1371 4169 1438 4234 duo
1448 4188 1542 4250 prae-

371 4277 505 4344 structis
537 4277 771 4344 Lusitanorum
805 4278 933 4344 insidiis
967 4279 1074 4344 avecti
1108 4295 1195 4345 sunt.
1240 4280 1349 4346 Etiam
1383 4293 1544 4345 tormenta

371 4392 503 4473 explosa
535 4390 568 4455 in
599 4407 721 4470 naves,
755 4388 876 4471 quibus
907 4389 1003 4456 fernes
1036 4389 1187 4475 disjecti,
1215 4393 1315 4456 homo
1338 4391 1435 4478 etiam
1458 4409 1543 4457 unus

371 4499 561 4568 interfectus
585 4514 644 4566 est.
668 4499 754 4566 Nam
778 4501 819 4566 ad
843 4500 978 4568 Dolium
1001 4520 1126 4568 amnem
1150 4520 1284 4568 accessu
1308 4502 1404 4569 etiam
1419 4500 1546 4568 littoris
