3546 5654
368 654 430 737 196
671 673 716 718 nu
740 672 834 738 June
860 673 1044 720 ernnust.
1069 675 1148 721 cnr.
1173 675 1224 722 xr.

367 843 403 893 ut
424 827 550 892 scilicet
571 827 677 893 omnis
695 827 813 896 Oriens
830 846 949 895 nomen
964 829 1214 908 Hollandicum‚
1239 845 1277 894 ut
1289 844 1402 895 tetram
1413 845 1535 914 pestem

365 938 555 1020 fontemque
576 939 638 1005 sibi
662 956 694 1004 et
724 940 883 1025 originem
916 940 1135 1008 calamitatum
1173 941 1339 1022 omnium,
1375 957 1536 1024 perpetuo

366 1050 615 1116 abominaretur.
661 1051 710 1116 Ut
733 1050 834 1135 igitur
856 1051 896 1117 de
920 1051 977 1116 illo
1002 1052 1035 1117 in
1059 1053 1287 1118 Bantamenses
1311 1053 1418 1131 bello,
1442 1055 1539 1138 cujus

203 1148 352 1262 ,ζ’,ῐζξῲξξω
364 1163 429 1247 jam
454 1162 591 1228 historia
615 1162 776 1245 explicata
800 1177 871 1243 est,
896 1163 980 1228 nihil
1003 1163 1056 1228 hic
1080 1178 1245 1246 repetam,
1270 1183 1344 1228 cum
1369 1165 1540 1230 Ambonae

367 1288 453 1338 esset
472 1273 650 1339 Cornelius
670 1273 927 1339 Hemslcerclrius
947 1274 1124 1356 aliquoties
1144 1290 1217 1340 ante
1236 1275 1446 1355 nominatus,
1470 1277 1539 1340 Lu·

369 1384 466 1450 sitani
498 1385 771 1467 quemadmodum
806 1385 969 1468 BatavoS,
993 1385 1038 1449 ita
1062 1387 1134 1469 eJus
1156 1386 1300 1471 regionis
1323 1405 1478 1468 proceres
1500 1386 1541 1451 ad

368 1496 482 1562 caedes
505 1497 784 1578 proscripserant,
816 1496 969 1578 apposito
997 1496 1103 1578 pretio
1127 1495 1159 1560 in
1184 1496 1290 1579 capita
1315 1497 1443 1581 singula
1466 1517 1541 1562 cen-

369 1622 439 1673 tum
474 1607 654 1690 regalibus:
692 1607 725 1672 in
758 1621 913 1672 rectorem
949 1622 1057 1672 autem
1090 1606 1191 1686 arcis,
1225 1607 1283 1690 qui
1319 1607 1439 1673 ibidem
1475 1623 1539 1685 est,

369 1718 517 1784 mercede
551 1717 683 1799 eadem,
715 1738 780 1800 qua
815 1718 848 1782 iu
879 1717 1147 1784 Hollandicarum
1176 1718 1309 1783 navium
1343 1717 1539 1801 praefectum

369 1847 591 1911 percussorem
624 1829 860 1894 invitaverant:
895 1844 932 1894 ut
954 1828 1077 1894 scirent
1100 1831 1171 1913 ejus
1194 1829 1320 1895 insulae
1343 1829 1542 1895 habitatores

370 1959 573 2020 communem
616 1939 679 2004 sibi
723 1961 796 2004 cum
841 1940 970 2006 Batavis
1013 1939 1176 2006 fortunam
1220 1941 1423 2006 subeundam
1458 1960 1538 2006 esse.

370 2051 564 2134 Eodemque
597 2066 742 2134 tempore
776 2071 850 2118 cum
885 2052 1046 2117 adversus
1080 2070 1180 2117 naves
1214 2051 1296 2117 nihil
1331 2051 1540 2134 potuissent,
1583 2059 1591 2066 ’

370 2162 568 2228 Lusitellum
602 2162 780 2245 (oppidum
809 2177 860 2228 est
890 2162 1151 2228 Ambonensium
1181 2162 1323 2227 cinctum
1350 2162 1541 2245 moenibus)

370 2271 480 2339 infesti
503 2273 724 2338 contendunt:
750 2273 866 2359 dejecti
889 2274 929 2338 ab
952 2272 1199 2357 oppugnatione
1222 2272 1263 2338 ad
1283 2272 1447 2339 obsidium
1469 2293 1542 2338 ver-

370 2399 495 2450 tuntur.
531 2384 585 2450 Ob
606 2384 715 2450 victus
736 2385 878 2467 inopiam
898 2385 1000 2450 resin
1021 2385 1168 2466 periculo
1189 2399 1297 2464 erant,
1322 2404 1393 2449 cum
1416 2383 1541 2450 insulae

370 2497 528 2579 primores
548 2483 733 2578 supplicum
753 2496 821 2560 ritu
840 2495 935 2560 iidem
956 2515 1119 2578 opemque
1139 2496 1337 2562 Batavorum
1357 2496 1542 2578 implorant.

373 2608 531 2674 Adventu
561 2607 694 2673 navium
726 2607 775 2672 illi
808 2607 927 2673 exemti
961 2607 1114 2687 obsidio,
1148 2607 1200 2674 his
1231 2623 1323 2690 parta
1347 2607 1451 2692 gloria
1476 2621 1541 2671 est.

373 2719 437 2784 Sed
460 2739 572 2784 omnes
606 2718 710 2784 minae
734 2718 969 2784 Lusitanorum
992 2719 1026 2785 in
1050 2719 1084 2784 id
1107 2719 1198 2801 quod
1221 2718 1368 2800 proxime
1393 2732 1541 2783 secutum

372 2845 421 2898 est
439 2845 568 2913 tempus
589 2830 791 2896 inciderunt:
815 2850 888 2894 cum
908 2830 1027 2912 passim
1045 2831 1204 2914 jactarent
1222 2849 1256 2894 se
1274 2848 1341 2895 non
1361 2831 1424 2894 hoc
1444 2829 1542 2895 modo

372 2941 571 3021 effecturos,
594 2961 635 3006 ne
667 2962 821 3022 umquam
852 2956 967 3023 postea
997 2961 1054 3023 per
1087 2959 1141 3006 eas
1172 2956 1273 3006 terras
1302 2941 1541 3006 Hollandorum

372 3072 490 3118 nomen
509 3052 696 3133 audiretur,
710 3052 768 3118 sed
786 3066 972 3119 vastaturos
992 3052 1091 3117 urbes
1111 3052 1300 3134 insulasque
1320 3071 1450 3133 omnes,
1463 3071 1543 3132 quas

218 3165 503 3238 ,Ann01601illorum
544 3163 644 3245 pedes
686 3162 916 3247 contigissent.
963 3162 1088 3228 Classis
1122 3155 1241 3247 regia,
1267 3183 1350 3244 quae
1382 3160 1543 3227 Cunalam
1635 3209 1639 3213 -

213 3241 238 3271 m
251 3227 313 3283 fine,
336 3235 360 3270 et

208 3284 359 3394 libr-,iii
372 3275 528 3340 Indorum
550 3274 755 3340 Malabarum
788 3273 1032 3358 archipiratam,
1055 3273 1294 3358 quinquaginta
1316 3292 1472 3338 annorum
1494 3291 1544 3336 ra-

371 3386 458 3469 pinis
482 3401 514 3450 et
537 3384 715 3469 insignium
747 3385 912 3470 regiorum
934 3383 1147 3467 usurpatione
1166 3385 1327 3461 nobilem,
1352 3383 1384 3447 in
1409 3383 1542 3468 gratiam

372 3497 456 3582 regis
501 3497 720 3564 Calicutensis
764 3512 1029 3581 expugnaverat,
1071 3495 1222 3565 confecto
1258 3496 1368 3575 bellu,
1407 3509 1445 3560 ut
1478 3496 1543 3560 huc

372 3609 459 3675 vires
491 3607 654 3689 verteret,
687 3608 726 3674 ab
759 3608 834 3674 Goa
866 3612 962 3694 longe
994 3608 1034 3673 ad
1065 3607 1184 3674 fretum
1216 3607 1429 3686 Sundanum,
1453 3606 1546 3688 quod

369 3721 482 3806 Javam
516 3737 547 3786 et
579 3721 798 3803 Taprobanen
825 3721 982 3800 interest,
1014 3719 1217 3785 mittebatur.
1264 3717 1369 3783 Simul
1402 3719 1442 3783 ab
1475 3717 1545 3783 aliis

372 3832 606 3900 Lusitanorum
627 3831 767 3897 coloniis
790 3851 890 3897 naves
913 3831 1054 3897 coibant.
1100 3831 1146 3895 Et
1163 3830 1228 3913 jam
1248 3849 1349 3894 naves
1369 3843 1462 3894 erant
1479 3847 1546 3895 non

373 3947 477 4010 multo
501 3943 584 4010 infra
608 3944 751 4028 triginta.
793 3943 952 4029 Quinque
972 3944 1126 4026 galeones
1144 3962 1162 4005 e
1182 3940 1275 4006 Goa:
1301 3959 1396 4005 unam
1415 3939 1547 4004 tenebat

372 4057 520 4122 Andreas
534 4057 680 4121 Furtado
693 4056 883 4136 Mendoza,
895 4054 1008 4120 classis
1022 4071 1165 4119 summae
1176 4051 1399 4134 praepositus:
1413 4051 1545 4114 alteram

374 4165 522 4232 Thomas
546 4168 650 4233 Sousa
664 4167 704 4232 de
717 4167 875 4233 Roncha:
897 4141 1027 4232 tertiam
1040 4163 1232 4230 Franciscus
1245 4162 1337 4228 Silva
1349 4159 1544 4226 Menezius:

374 4293 520 4360 quartam
545 4278 712 4345 Antonius
738 4278 861 4344 Sousa:
886 4276 1034 4359 quintam
1058 4276 1168 4359 Lopes
1191 4273 1384 4358 Dalmeyda.
1420 4272 1449 4337 E
1471 4272 1546 4337 Ma·

373 4391 461 4454 lacca
493 4410 641 4454 caraccae
664 4390 765 4455 duae:
794 4402 963 4472 praeerant
985 4388 1149 4473 Trajanus
1182 4385 1368 4450 Rodericus
1393 4383 1545 4450 Castelli-

374 4499 545 4578 blancius,
570 4500 737 4585 Georgius
759 4499 905 4580 Pinteus.
931 4499 960 4564 E
983 4497 1126 4565 Cochini
1151 4517 1236 4576 una,
1260 4498 1343 4562 duce
1356 4496 1546 4562 Sebastiano
