3536 5692
551 679 597 728 me
620 680 715 746 June
740 679 926 727 russone.
952 680 1031 727 cun.
1056 682 1117 727 xv.
1349 678 1411 744 335

240 849 409 916 tenemus,
442 835 493 900 dis
525 855 582 902 nos
610 835 754 921 spoliari
770 836 945 920 patiemur
967 838 1069 922 inque
1091 856 1147 902 nos
1170 837 1254 922 ipsos
1277 855 1316 902 ea
1338 855 1414 900 eon-

242 949 439 1027 stituemus‚
473 966 558 1030 quae
588 949 624 1010 in
654 948 758 1011 hostes
789 948 949 1012 constitui
976 946 1109 1012 solent?
1132 945 1170 1012 In
1194 965 1352 1028 responso
1373 945 1414 1012 ad

241 1057 385 1124 Volscos
407 1055 442 1141 ¹,
473 1061 557 1140 sinric
588 1061 618 1126 δὲ
647 1061 805 1140 κρατίστας
834 1060 983 1140 ἡγούμεθα
1011 1061 1146 1136 κτήσεις,
1168 1056 1206 1132 itt
1228 1059 1265 1126 tu
1293 1059 1413 1142 τολέμῳ

240 1171 437 1252 κρατήσαντες
456 1169 619 1250 λάβωμεν,
640 1172 706 1236 οὔτε
727 1176 828 1252 πρῶτον
850 1170 1106 1250 καταστησάμενοι
1125 1169 1207 1250 νόμον
1229 1168 1327 1240 τόνδε,
1347 1168 1413 1234 οὔτε

240 1282 329 1349 αὐτὸν
350 1282 498 1361 ἀνθρώπων
520 1280 671 1360 ἡγούμενοι
691 1277 762 1346 εἶναι
784 1283 902 1360 μᾶλλον
921 1279 939 1356 ti
959 1280 1025 1363 οὐχ)
1046 1282 1129 1355 θεῶν,
1152 1278 1289 1352 r‘t'rruurrit
1308 1304 1343 1346 τι
1362 1279 1412 1346 καὶ

239 1388 388 1466 Ἕλληνας
400 1389 449 1457 terei
461 1388 627 1472 βαρβάρους
649 1391 754 1464 εἰδότες
774 1393 853 1474 αὐτῷ
874 1393 1034 1474 χρωμένους
1055 1393 1106 1458 οὐκ
1125 1391 1162 1458 ἂν
1183 1391 1325 1470 ἐνδοίημεν
1345 1392 1413 1470 ὑμῖν

240 1500 377 1580 μαλακὸν
410 1501 506 1573 οὐδέν.
538 1501 633 1572 οὐδ’ἂν
655 1502 857 1582 ἀποσταίημεν
884 1500 926 1570 ἔτι
955 1509 1011 1570 τῶν
1033 1502 1330 1583 somersetentem
1352 1501 1412 1580 uait

241 1611 278 1680 tu
308 1611 351 1686 siu
380 1611 505 1687 naritus
536 1612 564 1682 ti
586 1637 630 1684 rte
652 1606 674 1678 ti
695 1615 776 1692 uerit
792 1613 896 1694 riserit
914 1613 963 1680 out
986 1611 1115 1694 sitierint
1133 1613 1290 1688 irrisuro,
1312 1613 1410 1678 ταῦτα

242 1725 297 1794 ὑπὸ
319 1722 427 1794 δειλίας
447 1723 496 1788 καὶ
519 1724 628 1806 μωρίας
646 1725 822 1806 Quaesitis.
869 1719 941 1786 Nos
967 1732 1078 1786 autem
1102 1723 1259 1805 optimum
1273 1719 1414 1804 judica·

241 1853 313 1898 mus
331 1833 541 1916 possessionis
561 1850 688 1918 genus,
713 1829 802 1916 quod
821 1851 863 1896 eu
882 1832 972 1899 hoste
991 1845 1125 1916 raptum
1147 1833 1413 1916 acquisitumque

241 1955 313 2022 est,
346 1962 484 2027 cumque
516 1963 580 2008 non
612 1945 677 2026 ipsi
703 1945 812 2030 primi
844 1940 883 2009 id
893 1942 954 2027 jus
977 1955 1190 2022 statuamus,
1215 1941 1272 2008 sed
1289 1963 1312 2007 a
1334 1941 1412 2010 Diis

242 2056 355 2123 terius
390 2073 491 2138 quam
522 2052 564 2118 ab
595 2052 779 2118 hominibus
798 2053 1012 2138 profertum,
1036 2055 1243 2137 omniumque
1261 2055 1412 2138 gentium

242 2177 312 2234 tam
328 2161 560 2242 Graecarum,
573 2184 673 2249 quam
691 2162 921 2232 barbararum
944 2183 1006 2228 usu
1029 2162 1274 2247 comprobatum
1296 2183 1413 2247 sequa·

242 2295 343 2355 mur,
380 2273 471 2340 nihil
489 2274 579 2344 uobis
597 2287 662 2359 per
691 2277 865 2360 ignauiam
890 2276 1096 2341 remittemus
1119 2294 1176 2337 nec
1199 2271 1281 2337 bello
1297 2277 1413 2358 partis

243 2386 445 2454 absistemus.
491 2385 685 2453 Maximum
718 2388 804 2449 enim
827 2386 885 2448 hoc
903 2384 1065 2468 probrum
1082 2383 1202 2468 foret,
1226 2369 1319 2469 quae*
1341 2388 1413 2452 uir·

242 2510 315 2566 tute
337 2511 368 2564 et
384 2496 596 2580 fortitudine
618 2500 773 2580 quaesita
796 2508 898 2575 sunt,
923 2516 962 2560 ea
980 2510 1044 2581 per
1064 2499 1225 2561 inertiam
1248 2508 1310 2561 aut
1335 2494 1413 2579 for·

242 2606 397 2675 midinem
430 2611 597 2674 amittere.
654 2607 692 2671 In
726 2624 882 2689 responso
906 2605 1087 2674 Samnitum
1109 2608 1144 2686 ¹,
1166 2610 1285 2694 πολέμῳ
1307 2633 1414 2689 κρατη-

242 2721 354 2794 σοὶντον
383 2723 480 2801 ἡμῶν,
512 2716 595 2804 iente
622 2721 684 2788 ἐστὶ
717 2721 800 2800 νόμος
822 2723 947 2795 κτήσεως
969 2718 1157 2794 δικαιότατος.
1204 2715 1284 2782 Cum
1307 2721 1413 2782 armis

244 2830 504 2910 obtinuerimus,
524 2850 610 2914 quae
632 2829 687 2894 lert
710 2829 910 2914 acquirendi
923 2828 1117 2914 justissima
1136 2841 1192 2894 est.
1217 2827 1414 2894 Inoratione

244 2941 387 3016 Fabricii
409 2941 436 3022 ³,
458 2945 551 3025 ἐκείνη
572 2945 680 3024 μένγε
701 2952 740 3024 τῇ
762 2945 861 3019 κτήσει
881 2943 931 3010 καὶ
951 2944 985 3008 τὸ
1004 2939 1069 3022 μεθ’
1088 2943 1184 3017 ἡδονῆς
1200 2943 1336 3011 utteirirn
1357 2944 1414 3016 rdet

241 3057 421 3129 tremuere
451 3057 518 3136 troie
537 3058 576 3138 τῷ
598 3060 695 3127 καλῶς
716 3053 766 3120 καὶ
787 3056 901 3126 δικαίας
921 3054 1006 3120 τόσον
1028 3048 1078 3128 itt
1101 3050 1141 3114 Iu
1163 3049 1227 3116 illa
1250 3053 1335 3114 euim
1359 3071 1415 3118 ae·

244 3167 424 3249 quisitione
458 3162 517 3246 (de
550 3160 668 3230 bellica
700 3179 805 3228 sermo
838 3162 906 3245 est)
936 3182 1009 3226 eum
1024 3161 1158 3246 justum
1181 3162 1414 3246 honestumque

242 3279 380 3355 inerat,
413 3288 483 3343 turn
516 3294 593 3342 uero
626 3273 855 3340 delectationis
882 3270 1082 3358 plurimum.
1127 3271 1257 3358 Quodsi
1291 3293 1348 3356 per
1379 3292 1414 3346 se

242 3385 407 3468 possessio
440 3385 502 3450 ista
534 3399 685 3469 suspecta
717 3403 786 3456 esse
817 3402 884 3456 nou
915 3398 1048 3467 potest,
1080 3398 1180 3450 restat
1211 3399 1249 3452 ut
1277 3405 1317 3456 ex
1339 3398 1416 3467 post

242 3496 330 3566 facto
351 3496 479 3578 aliquid
501 3510 690 3576 metuetur,
714 3509 816 3578 puta,
841 3496 1023 3577 siquando
1045 3516 1097 3564 res
1117 3496 1178 3561 ista
1201 3495 1234 3560 in
1253 3494 1414 3579 judicium

242 3607 363 3680 veniat.
388 3607 454 3674 Sed
470 3607 615 3693 judicem
637 3607 759 3691 fingere
778 3621 909 3690 oportet
930 3620 988 3676 aut
1008 3605 1216 3690 Hispanum,
1238 3606 1413 3676 eutalium

246 3719 438 3802 quemlibet.
487 3717 629 3794 Pessime
652 3737 729 3788 stne
761 3719 801 3784 de
824 3717 927 3801 patria
951 3731 1140 3800 speraturus
1163 3717 1228 3798 sit,
1251 3717 1309 3800 qui
1332 3717 1416 3783 illud

242 3829 313 3904 fore
347 3831 517 3912 crederet,
552 3845 591 3898 ut
625 3829 782 3913 Hispanis
814 3827 1003 3896 sedentibus
1036 3827 1131 3892 etiam
1165 3828 1205 3894 de
1232 3827 1414 3911 praeteritis

243 3942 429 4016 actionibus
462 3943 576 4016 Batavi
607 3961 737 4010 causam
768 3941 875 4007 dicere
898 3940 1057 4006 debeant:
1082 3938 1174 4021 quod
1196 3939 1224 4003 si
1245 3937 1316 4004 fieri
1338 3959 1415 4022 pos·

245 4069 294 4126 set
326 4053 519 4136 (absistam
544 4053 649 4128 dirum
674 4054 813 4137 oneo),
839 4070 906 4119 non
927 4050 990 4118 ista
1012 4051 1171 4118 duntaxat
1192 4051 1333 4134 praeda,
1358 4050 1415 4116 sed

244 4182 355 4234 omnes
373 4178 542 4246 quotquot
559 4178 635 4234 sunt
652 4163 765 4232 Batavi
778 4183 851 4233 cum
865 4163 960 4236 bouis
973 4161 1042 4234 suis
1055 4160 1221 4245 perierint.
1246 4161 1413 4227 Nimirum

392 4274 506 4340 Nulla
529 4296 647 4341 manus
670 4275 749 4341 belli
772 4288 901 4340 mutato
916 4272 1033 4360 judice
1050 4287 1144 4358 pura
1167 4287 1214 4338 est
1237 4274 1260 4338 ⁴.

245 4391 440 4402 --——--.

278 4433 286 4465 ¹
305 4435 350 4485 lib.
375 4438 399 4483 8.
417 4436 455 4496 [p.
473 4438 532 4496 488.
550 4449 590 4484 vs.
609 4437 661 4497 nm]
697 4432 708 4467 ²
726 4437 752 4484 in
769 4437 857 4496 fragm.
877 4437 916 4498 [p.
932 4448 991 4496 741.
1010 4448 1049 4484 vs.
1068 4432 1103 4496 m]
1140 4431 1151 4465 ⁸
1169 4433 1230 4482 ibid.
1248 4433 1286 4494 [p.
1301 4437 1358 4494 748.
1375 4449 1413 4484 vs.

243 4525 280 4586 μ]
316 4524 327 4556 ⁴
361 4527 422 4574 Luc.
440 4526 486 4574 lib.
501 4539 525 4583 7.
545 4525 642 4587 [Phars.
660 4541 698 4576 vs.
718 4527 787 4587 ssu]
