3536 5692
370 632 432 710 276
661 649 708 694 un
731 649 826 714 Juuu
853 647 1040 695 rnnsnns.
1065 649 1147 698 cnr.
1172 651 1252 696 x111.

369 801 524 866 civilibus
548 801 678 884 prodita
702 817 774 882 est,
799 804 842 868 ob
866 802 1061 887 legationem
1085 805 1239 868 violatam
1255 805 1292 870 ¹?
1318 805 1410 892 Quid
1433 820 1541 872 autem

369 928 418 979 est
441 913 604 978 concitare
628 913 777 979 bellum?
803 912 890 978 Mari
915 927 947 979 et
970 915 1132 996 portubus
1157 935 1223 980 non
1248 916 1446 982 admittere?
1472 917 1542 983 Lu-

278 1009 281 1017 ’
368 1023 465 1088 sitani
501 1039 661 1105 quantum
698 1024 730 1088 in
766 1023 845 1106 ipsis
881 1039 953 1106 est,
995 1026 1090 1090 etiarn
1124 1026 1334 1108 depulerunt.
1383 1027 1542 1094 Homines

369 1135 511 1217 capere?
536 1136 582 1199 At
607 1135 654 1199 illi
680 1149 792 1217 captos
815 1155 856 1200 ne
879 1135 994 1200 redimi
1019 1136 1152 1218 quidem
1169 1137 1254 1219 passi
1268 1153 1357 1203 sunt.
1383 1137 1541 1204 Homines

369 1245 543 1312 occidere?
569 1246 671 1333 Quod
683 1246 748 1311 illis
760 1267 875 1328 parum
888 1245 976 1326 fuit,
1000 1246 1063 1312 nisi
1077 1262 1151 1312 ante
1164 1247 1363 1314 cruciatibus
1375 1248 1540 1335 laniarent.

369 1357 461 1423 Bello
484 1376 682 1439 quemquam
714 1357 893 1440 appetere?
936 1358 1070 1443 Quanto
1104 1373 1210 1424 autem
1244 1359 1375 1426 saevius
1408 1361 1542 1428 allectos

369 1469 476 1552 specie
498 1467 588 1551 pacis
615 1467 831 1534 atrocioribus
854 1468 971 1548 malis,
997 1489 1093 1551 quam
1107 1469 1192 1534 bella
1202 1485 1349 1551 norunt,
1374 1471 1540 1555 affligere?

210 1593 251 1638 nx
274 1594 356 1640 arsur.
370 1580 436 1646 Sed
459 1601 525 1648 non
549 1580 693 1645 onerabo
706 1580 832 1645 chartas
844 1579 1028 1662 repetendis
1050 1600 1133 1661 quae
1146 1595 1202 1646 aut
1215 1601 1254 1646 ex
1267 1581 1472 1664 narratione,
1486 1597 1542 1648 aut

205 1660 231 1708 p.
258 1647 293 1694 ΙΙ.
312 1660 358 1709 per

210 1711 349 1800 101}ng
370 1711 408 1756 ex
429 1691 549 1773 privati
574 1690 652 1755 belli
676 1690 822 1756 examine
836 1690 958 1756 hauriri
971 1705 1134 1773 possunt,
1148 1711 1221 1757 cum
1235 1692 1368 1758 omnino
1383 1692 1466 1758 idem
1486 1695 1541 1778 jus

210 1807 355 1908 {lgm-¹5·
370 1801 461 1883 quod
484 1802 574 1868 cives
597 1801 796 1880 habuerint,
821 1801 971 1867 habuerit
993 1822 1054 1885 pro
1078 1802 1208 1868 civibus
1231 1803 1426 1886 respublica.
1462 1804 1540 1888 Jure

222 1916 264 2015 gp
284 1919 355 2016 2⁰35&
370 1912 472 1997 igitur
495 1913 606 1979 hostes
629 1912 787 1978 Hollandi
810 1914 932 1978 habent
956 1929 988 1977 et
1010 1913 1201 1997 Philippum
1226 1928 1258 1979 et
1283 1914 1488 1980 Castellanos
1510 1929 1541 1979 et

223 2023 258 2069 Π·
369 2023 573 2104 Lusitanos,
604 2024 675 2090 suis
708 2044 873 2105 quemque
908 2025 948 2090 de
973 2025 1102 2104 causis,
1127 2025 1170 2090 ob
1194 2025 1331 2109 injurias
1355 2027 1477 2106 quibus
1500 2027 1540 2091 ab

370 2135 449 2216 ipsis
468 2135 576 2201 affecti
599 2150 687 2201 sunt.
712 2135 785 2220 Jam
809 2156 889 2201 vero
913 2135 1038 2202 etiarnsi
1063 2136 1095 2200 in
1120 2137 1299 2201 Lusitanos
1311 2138 1420 2202 nullae
1434 2152 1540 2202 essent

368 2246 519 2329 propriae
551 2266 689 2327 causae,
722 2262 830 2311 tamen
859 2246 1004 2313 hostium
1037 2249 1111 2312 loco
1144 2267 1213 2313 esse
1246 2248 1540 2313 demonstravimus

204 2357 513 2480 psizhgfflostium
537 2373 593 2423 aut
618 2357 749 2437 socios,
772 2373 829 2422 aut
860 2357 1025 2425 subditos.
1073 2359 1221 2424 Fuerunt
1254 2372 1362 2424 autem
1386 2358 1538 2425 Lusitani

210 2473 256 2519 ΠΙ·
367 2469 491 2534 subditi
514 2469 660 2552 Philippi
684 2469 827 2534 Secundi
851 2469 937 2553 regis
961 2483 993 2533 et
1016 2488 1103 2534 nunc
1132 2483 1210 2534 sunt
1236 2469 1361 2534 subditi
1392 2469 1537 2552 Philippi

368 2579 498 2659 Tertii,
532 2579 590 2661 qui
621 2581 705 2663 patri
727 2580 760 2646 in
781 2599 917 2663 regnum
949 2595 981 2644 et
999 2581 1121 2644 bellum
1144 2579 1334 2645 Batavicum
1356 2581 1538 2648 successit:

222 2691 406 2794 f51,¹¹,¹}‘,⁰,·{j³d
429 2692 521 2772 quod
549 2692 670 2756 bellum
707 2691 803 2756 etlam
825 2690 948 2756 tributa
971 2690 1102 2755 illorum
1125 2689 1352 2756 conferuntur.
1399 2691 1484 2756 Sunt
1508 2706 1540 2756 et

366 2802 447 2868 socii
479 2802 742 2868 Castellanorum
770 2822 934 2885 opemque
963 2816 1110 2867 mutuam
1142 2802 1299 2868 adversus
1320 2801 1459 2869 batavos
1483 2817 1540 2868 aut

365 2928 551 2995 praestant,
575 2929 632 2979 aut
655 2913 853 2996 implorant,
878 2928 916 2978 ut
939 2914 972 2978 in
996 2915 1098 2978 classe
1123 2913 1301 2995 Hispanico
1321 2914 1430 2997 patuit
1452 2929 1484 2978 et
1505 2915 1539 2978 in

366 3027 464 3091 rebus
495 3024 616 3090 Indicis
643 3038 808 3090 narratum
831 3039 893 3090 est.
939 3024 1043 3111 Quod
1066 3039 1174 3090 autem
1199 3024 1339 3090 dicimus
1360 3024 1540 3090 Lusitanos

365 3139 477 3201 hostes
510 3155 603 3217 esse,
638 3135 671 3199 id
703 3154 769 3200 non
804 3133 913 3202 minus
937 3135 977 3200 de
1000 3134 1161 3219 singulis,
1187 3118 1284 3217 quam
1308 3137 1348 3200 de
1372 3135 1539 3218 republica

366 3246 614 3330 intelligendum
637 3247 779 3313 rationes
801 3246 965 3312 declarant
987 3247 1087 3312 toties
1107 3248 1173 3332 jam
1185 3246 1355 3329 positae²,
1380 3262 1418 3311 ut
1430 3246 1538 3311 iterari

226 3375 262 3419 aa
282 3376 431 3441 autnon
464 3358 614 3423 debeant}
661 3357 786 3422 bellum
818 3372 925 3422 autem
959 3359 999 3421 ab
1033 3357 1209 3422 Hollandis
1243 3372 1274 3422 et
1307 3358 1339 3422 in
1369 3358 1537 3422 Albanum

206 3428 262 3528 ζμ
280 3441 351 3476 ‘'m‘'
365 3490 440 3533 cum
454 3469 672 3547 Castellanis,
698 3483 730 3533 et
740 3488 816 3532 mox
828 3469 861 3533 in
875 3468 1085 3551 Philippum,
1111 3483 1142 3534 et
1156 3469 1187 3532 in
1202 3469 1383 3535 Lusitanos
1396 3468 1538 3550 denique

362 3583 454 3665 justo
488 3580 612 3660 modo,
648 3600 688 3645 ex
722 3578 924 3645 necessitatis
960 3580 1086 3646 scilicet
1119 3582 1213 3664 lege,
1250 3596 1439 3662 susceptum
1474 3595 1535 3646 est.
1604 3637 1606 3645 r

206 3706 323 3807 mnf.
332 3706 351 3752 1.
366 3691 581 3756 Ostendimus
602 3691 686 3755 enim
709 3691 737 3755 ei
763 3691 820 3772 qui
840 3691 926 3756 bello
945 3691 1035 3773 prior
1056 3691 1248 3773 impetitur,
1272 3712 1332 3756 nec
1352 3689 1537 3774 clarigatio·

272 3793 278 3805 ’
365 3822 461 3882 nem,
496 3821 555 3867 nec
586 3802 752 3868 decretum
783 3821 854 3866 esse
885 3801 1116 3868 necessarium.
1163 3801 1271 3884 Atqui
1298 3801 1536 3884 apertissimum

366 3930 416 3979 cst
445 3915 613 3980 Albanum
642 3933 715 3978 cum
741 3893 889 3979 exercitu
910 3913 1175 3979 licentiosissimo
1199 3912 1415 3978 intervenisse
1440 3914 1537 3977 rebus

366 4047 405 4091 eo
429 4041 573 4108 tempore
593 4025 740 4107 pacatis,
754 4039 797 4088 et
809 4024 998 4107 Philippum
1021 4044 1107 4088 arma
1127 4025 1281 4089 intulisse
1301 4023 1537 4102 Batavis,cum

363 4208 561 4218 ----..-..-.

399 4313 488 4358 ¹sam.
505 4324 528 4358 n.
545 4323 568 4358 c.
584 4292 627 4357 ¹10.
645 4321 670 4357 et
686 4311 755 4369 apud
779 4321 866 4356 omnes
891 4309 1038 4357 historicos.
1063 4311 1079 4356 l.
1099 4311 1144 4356 ult.
1170 4309 1195 4356 ff.
1221 4310 1252 4356 de
1276 4313 1351 4368 legat.
1379 4308 1422 4368 [D.
1442 4319 1481 4362 50·
1500 4307 1535 4371 7.]
1605 4351 1612 4368 ,

362 4400 373 4433 2
397 4403 428 4451 ad
453 4404 477 4450 d.
500 4402 572 4449 artic.
598 4414 622 4448 2.
648 4402 678 4448 Et
704 4412 824 4458 usupra
849 4413 872 4446 c.
893 4413 930 4446 12.
949 4412 1054 4446 examen
1073 4411 1104 4446 ex
1123 4401 1213 4447 eodem
1232 4398 1359 4458 articulo,
1378 4410 1402 4445 et
1422 4398 1487 4445 infra
1505 4411 1536 4445 ex

364 4495 448 4541 concl.
466 4505 490 4549 7.
509 4493 579 4541 artic.
599 4505 622 4548 3.
641 4505 699 4539 cum
718 4492 809 4538 coroll.
