3530 5656
528 665 574 720 nn
598 665 692 732 June
718 651 900 726 pannose.
921 667 1005 720 ena.
1029 665 1095 712 vn.
1351 645 1396 725 69

221 820 308 904 bus,
332 819 366 890 in
388 833 559 902 raptores,
582 819 616 885 in
639 819 820 886 desertores
852 832 885 885 et
904 817 1088 903 transfugas
1109 827 1129 884 ¹.
1173 817 1250 903 Qua
1271 814 1395 882 ratione

222 930 451 1011 Tertullianus
482 929 493 965 ²
526 929 631 999 dixita
665 931 706 998 In
737 950 807 996 reos
840 931 1027 1015 majestatis
1060 942 1092 994 et
1120 927 1395 1015 publicationes

222 1046 324 1128 earnis
345 1043 436 1110 homo
457 1038 549 1110 miles
572 1053 630 1106 est.
675 1040 783 1126 Leges
805 1046 816 1084 ³
840 1039 936 1110 etiam
957 1038 1047 1116 haud
1068 1051 1187 1106 temere
1206 1054 1325 1104 nomen
1346 1035 1397 1098 ul·

224 1151 324 1223 tionis
354 1150 564 1234 exprimunt,
588 1153 659 1236 ejus
688 1171 772 1233 quae
803 1169 957 1218 concessa
980 1164 1039 1218 est.
1085 1149 1180 1230 Sicut
1201 1162 1307 1217 autem
1328 1147 1397 1212 bel-

221 1263 291 1331 lum
313 1261 451 1344 aliquod
465 1258 635 1343 privatum
669 1279 709 1328 ex
732 1281 829 1328 causa
846 1260 973 1345 justum
997 1274 1067 1338 est,
1092 1259 1137 1326 ita
1158 1259 1327 1344 publicum
1348 1257 1397 1320 in-

219 1356 346 1458 justum
367 1370 396 1438 si
422 1390 520 1444 eausa
549 1371 635 1440 desit
657 1379 679 1442 ⁸.
725 1371 814 1441 Hinc
836 1371 978 1440 Senecae
1000 1368 1012 1404 ⁸
1035 1371 1182 1452 querela:
1206 1367 1397 1444 Homicidia

222 1486 449 1570 compescimus
470 1495 501 1549 et
522 1481 672 1568 singulas
694 1482 830 1550 caedes:
852 1479 936 1567 quid
954 1479 1041 1548 bella
1061 1494 1093 1545 et
1116 1484 1298 1546 occisarum
1318 1499 1398 1564 gen-

223 1597 308 1658 tium
327 1591 509 1684 gloriosum
532 1589 665 1658 scelus?
688 1592 768 1658 Non
779 1594 960 1672 avaritia,
982 1612 1045 1656 non
1064 1590 1249 1660 crudelitas
1269 1588 1397 1654 modum

225 1707 327 1772 norit.
373 1701 752 1772 EeSeaatusconsultis
769 1703 943 1789 plebisque
964 1704 1397 1780 scitissamaexercenrur‚

223 1829 255 1882 rt
270 1813 403 1902 publice
414 1814 582 1899 jubentur
604 1816 712 1883 vetita
733 1817 913 1900 privatim.
957 1813 1067 1900 Quem
1090 1813 1236 1883 imitatur
1258 1807 1399 1894 Cypria·

224 1945 286 1992 nus
305 1934 335 1990 ⁶:
359 1923 582 2000 Homa'aa'dium
605 1944 678 1990 cum
702 1924 889 1994 admittunt
910 1924 1039 2011 singuli
1057 1920 1183 1992 crimen
1205 1936 1273 1992 est:
1286 1924 1398 1989 virtus

223 2051 364 2113 uocatur
382 2056 458 2105 cum
471 2034 606 2122 publica
622 2039 773 2120 geritur.
819 2034 908 2116 Hinc
931 2031 1032 2107 illud:
1042 2037 1172 2124 Jusque
1195 2034 1312 2102 datum
1333 2053 1399 2098 scr-

223 2144 289 2222 leri
309 2150 332 2215 ⁷.
377 2146 477 2214 Unde
509 2165 568 2214 rex
592 2147 801 2228 Alexander,
820 2145 848 2214 si
868 2147 974 2231 J'ustas
1003 2147 1081 2217 belli
1103 2165 1216 2220 causas
1234 2145 1268 2218 in
1288 2144 1398 2212 Asiam

224 2275 290 2324 non
312 2257 454 2338 habuit,
472 2273 598 2324 recrea
627 2257 731 2340 pirata
755 2271 878 2325 tractus
900 2258 1005 2329 estin
1027 2257 1172 2326 criminis
1187 2255 1400 2336 societatem,

224 2367 269 2440 ita
292 2382 330 2438 ut
352 2368 509 2437 Lucanus
530 2382 687 2441 terrarum
706 2368 926 2451 praedonem,
951 2368 1074 2434 Seneca
1094 2371 1106 2408 ⁸
1128 2369 1285 2436 latronem
1307 2366 1400 2432 illum

225 2478 355 2546 dixerit.
401 2477 490 2548 Idem
515 2479 555 2548 de
579 2478 690 2547 Crassi
713 2480 802 2546 bello
826 2480 859 2549 in
883 2480 1020 2548 Parthos
1047 2478 1115 2546 dici
1135 2492 1254 2563 potest.
1300 2477 1401 2560 Spec-

226 2587 341 2656 tandae
369 2587 470 2672 igitur
498 2587 532 2656 in
555 2602 697 2670 utroque
719 2608 859 2673 causae,
884 2609 965 2672 quas
986 2609 1056 2660 esse
1076 2603 1219 2672 quatuor
1241 2588 1396 2656 diximus.

225 2701 315 2774 Nam
346 2700 437 2782 quit
465 2713 531 2770 tres
561 2713 711 2768 statuunt
736 2701 840 2784 iustas
873 2702 1033 2770 bellorum
1065 2720 1202 2782 causas,
1235 2698 1399 2767 defensio·
1410 2715 1479 2816 tyna
1492 2713 1519 2782 a·

225 2831 324 2894 nem,
357 2810 635 2895 recuperationem
674 2825 707 2880 et
737 2810 966 2895 punitionem,
999 2826 1037 2881 ut
1068 2814 1275 2896 loquuntur,
1310 2810 1398 2878 illam
1411 2781 1517 2818 ‘mm'

224 2941 292 2992 non
323 2919 545 3004 infrequenter
576 2920 756 3006 omittunt,
781 2936 865 3004 quae
887 2924 996 2992 locum
1014 2923 1135 3004 habet,
1160 2921 1291 3003 quoties
1314 2939 1399 3002 quae

226 3033 441 3106 convenerint
471 3052 537 3100 non
560 3047 775 3117 praestantur.
823 3032 979 3102 Totidem
1006 3034 1091 3104 enim
1114 3052 1184 3107 esse
1203 3030 1324 3098 debent
1346 3049 1400 3096 ex·

154 3190 157 3196 ·
225 3144 453 3224 secutionem,
486 3157 571 3226 quot
602 3158 680 3226 aunt
701 3145 867 3214 actionum
893 3163 1035 3230 genera,
1056 3143 1148 3226 quod
1173 3142 1213 3208 ad
1235 3141 1400 3214 materiam

226 3254 364 3337 attinet,
396 3253 536 3337 quaein
568 3255 655 3325 bello
679 3268 711 3322 et
731 3254 867 3340 judiciis
890 3255 999 3325 eadem
1022 3271 1071 3324 est
1092 3251 1127 3326 ¹⁰.
1171 3251 1215 3320 Et
1236 3254 1401 3336 exprimo

226 3365 359 3447 quidem
394 3383 510 3451 genere
541 3385 614 3437 raro
635 3365 760 3452 judicia
782 3365 984 3446 redduntur,
1005 3365 1084 3449 quia
1106 3381 1229 3436 moram
1250 3365 1344 3434 istam
1366 3385 1401 3432 se

226 3475 340 3546 tuendi
369 3477 545 3548 necessitas
573 3496 641 3547 non
672 3477 842 3561 permittit
886 3477 1039 3549 Attamen
1066 3475 1241 3544 interdicta
1270 3476 1309 3542 de
1335 3494 1416 3544 non

227 3585 427 3659 offendendo
455 3589 521 3656 huc
555 3588 728 3671 pertinent.
774 3588 926 3660 Secundo
956 3607 1142 3674 exgenere
1173 3602 1252 3658 sunt
1278 3588 1313 3655 in
1334 3607 1401 3662 rem

228 3696 394 3779 actiones,
418 3718 500 3780 quas
519 3698 759 3771 vindicationes
783 3699 940 3770 dicimus:
965 3699 1136 3770 interdicta
1154 3700 1250 3769 etiam
1273 3717 1401 3783 posses-

263 3954 308 4053 ιι1.
330 4007 466 4054 Gracchus.
485 4004 514 4052 C.
532 4004 564 4052 de
581 4005 660 4054 adult.
680 4003 722 4064 [C.
735 4016 759 4070 9.
774 4017 798 4065 9.
813 4003 850 4068 4.]
870 4005 901 4052 V.
913 4003 1017 4053 omnino
1034 4007 1109 4068 Vasq.
1127 4007 1251 4054 Controv.
1266 4015 1362 4068 poster.
1385 4005 1401 4052 l.

227 4109 251 4157 4.
273 4109 295 4143 c.
318 4099 341 4144 8.
359 4098 376 4143 l.
398 4107 520 4156 raptores.
541 4097 571 4143 C.
588 4095 619 4142 dc
636 4093 775 4155 episcopis.
795 4094 837 4156 [C.
858 4107 878 4142 1.
896 4107 920 4152 3.
931 4095 984 4156 ⁵4·]
1004 4097 1033 4143 C.
1049 4097 1149 4155 quando
1167 4095 1243 4142 liceat
1257 4093 1401 4153 unicnique.

226 4196 274 4235 tot.
292 4185 331 4233 tit.
352 4185 397 4248 [C.
412 4198 435 4242 3.
453 4185 505 4250 ap]
535 4183 545 4216 ²
563 4185 589 4233 in
602 4185 774 4245 apologetico.
809 4183 820 4216 ⁸
838 4187 867 4233 C.
888 4187 914 4234 d.
928 4197 946 4232 t.
960 4188 977 4232 l.
997 4199 1018 4234 r.
1036 4197 1061 4234 et
1079 4188 1096 4233 l.
1113 4187 1242 4234 devotum.
1261 4187 1290 4232 C.
1303 4187 1334 4233 de
1349 4198 1400 4232 rne-

225 4274 292 4324 tatis.
318 4273 361 4338 [G.
381 4289 420 4326 ra.
436 4290 479 4337 40.
494 4274 530 4340 5.]
550 4274 561 4306 ⁴
578 4275 640 4324 silv.
660 4275 686 4326 in
704 4289 732 4324 v.
748 4277 855 4325 Bellum.
876 4289 897 4324 1.
915 4289 941 4323 n.
959 4290 984 4337 4.
1017 4275 1127 4336 ‘Epire
1143 4276 1184 4338 96.
1217 4275 1326 4338 “Epist
1341 4277 1359 4322 l.
1376 4289 1400 4322 a.

229 4377 252 4412 a.
286 4361 747 4430 ⁷Lucan.[Phars.l.1o.vs.ar.]
783 4365 842 4414 ⁸V.
860 4368 961 4415 sende
976 4366 1061 4416 benef.
1078 4369 1096 4414 l.
1115 4380 1136 4414 1.
1155 4379 1178 4413 c.
1198 4377 1236 4426 13.
1270 4364 1350 4414 ⁹Bal.
1371 4367 1402 4416 ad

228 4448 245 4502 l.
262 4468 285 4502 a.
308 4456 337 4502 C·
352 4457 463 4506 deserv.
482 4467 506 4506 et
528 4469 598 4516 aqua.
618 4457 661 4518 [C.
678 4468 703 4514 3.
724 4455 775 4520 ³4]
799 4469 825 4506 rr.
839 4469 879 4516 71.
895 4469 921 4506 et
935 4458 1059 4518 theologi.
1094 4457 1172 4506 wilh.
1189 4458 1269 4506 Math.
1285 4459 1316 4506 de
1334 4453 1401 4506 bello

226 4542 296 4601 iusto
316 4556 342 4592 et
358 4544 442 4595 licito.
478 4545 498 4578 ¹⁰
515 4547 546 4596 V.
561 4545 625 4594 infra
643 4546 776 4598 informa.
