3546 5654
360 624 423 686 216
674 643 720 688 DE
743 641 836 707 juna:
862 641 1045 688 PRAEDAE.
1071 643 1139 689 CAP
1164 641 1231 688 xil·

360 794 486 877 impetu
514 795 680 878 quodam,
703 797 761 864 sed
789 796 945 879 paulatim
970 810 1105 861 ventum
1126 795 1282 874 videtur,
1305 791 1436 859 initium
1461 791 1531 877 ejus

360 919 560 972 monstrante
592 921 716 974 natura.
765 907 851 973 Cum
884 906 969 972 enirn
999 926 1050 972 res
1074 907 1140 973 sint
1169 907 1369 985 nonnullae,
1394 923 1532 986 quarum

361 1035 442 1082 usus
472 1017 506 1082 in
538 1018 644 1085 abusu
675 1017 852 1099 consistit,
876 1031 933 1083 aut
961 1017 1039 1100 quia
1062 1036 1239 1084 conversae
1262 1015 1296 1083 in
1319 1014 1533 1083 substantiam

360 1127 486 1193 utentis
519 1129 647 1195 nullum
681 1143 796 1212 postea
830 1146 926 1194 usum
959 1128 1137 1196 admittunt
1159 1139 1196 1211 ¹,
1224 1143 1281 1195 aut
1309 1126 1386 1209 quia
1409 1124 1533 1191 utendo

361 1236 445 1304 liunt
476 1239 517 1304 ad
546 1259 641 1305 usum
675 1239 875 1322 deteriores,
900 1238 933 1304 in
964 1241 1064 1306 rebus
1084 1239 1205 1322 prioris
1227 1237 1374 1324 generis,
1398 1250 1436 1302 ut
1458 1236 1533 1302 cibo

360 1362 393 1414 et
421 1364 528 1431 potu,
560 1350 743 1433 proprietas
780 1350 890 1417 statim
923 1349 1083 1432 quaedam
1114 1351 1154 1416 ab
1193 1369 1257 1415 usu
1287 1367 1355 1416 non
1387 1349 1534 1432 sejuncta

360 1459 507 1527 emicuit.
554 1459 630 1527 Hoc
663 1461 749 1527 enim
782 1477 832 1526 est
864 1461 1034 1545 proprium
1059 1480 1154 1543 esse,
1178 1459 1224 1526 ita
1246 1479 1317 1527 esse
1338 1462 1533 1545 cujusquam

361 1586 398 1637 ut
418 1587 450 1637 et
470 1571 604 1638 alterius
625 1591 696 1638 esse
717 1592 783 1638 non
804 1572 929 1655 possit:
953 1573 1045 1655 quod
1068 1572 1186 1640 deinde
1208 1571 1249 1638 ad
1271 1591 1322 1637 res
1342 1569 1534 1652 posterioris

361 1681 513 1766 generis,
541 1697 650 1748 vestes
678 1698 759 1766 puta
789 1698 822 1749 et
849 1703 900 1750 res
928 1683 1067 1751 mobiles
1097 1684 1175 1750 alias
1198 1697 1255 1749 aut
1282 1701 1318 1747 se
1341 1695 1534 1760 moventes,

358 1793 484 1859 ratione
520 1793 660 1877 quadam
693 1795 891 1878 productum
922 1810 981 1861 est.
1027 1795 1131 1882 Quod
1161 1814 1236 1866 cum
1269 1809 1377 1874 esset,
1409 1811 1450 1858 ne
1482 1811 1534 1858 res

362 1903 495 1986 quidem
516 1904 701 1971 immobiles
720 1925 856 1988 omnes,
876 1925 970 1991 agros
990 1920 1090 1988 puta,
1114 1905 1275 1972 indivisae
1295 1924 1424 1970 manere
1436 1916 1534 1986 potu·

361 2030 473 2082 crunt:
496 2035 695 2098 quamquam
719 2017 805 2082 enim
834 2017 953 2083 horum
975 2035 1057 2083 usus
1075 2036 1142 2084 non
1163 2017 1356 2101 simpliciter
1375 2015 1408 2081 in
1428 2015 1534 2079 abusu

361 2127 543 2208 consistat,
567 2147 679 2193 eorum
710 2141 816 2193 tamen
841 2147 923 2194 usus
947 2129 1071 2195 abusus
1093 2129 1263 2213 cujusdam
1285 2147 1382 2194 causa
1405 2144 1536 2208 compa-

360 2253 449 2304 ratus
478 2254 550 2320 est,
577 2253 615 2304 ut
636 2259 712 2306 arva
735 2253 768 2304 et
792 2241 923 2306 arbusta
946 2239 1012 2306 cibi
1033 2260 1153 2320 causa,
1176 2260 1296 2324 pascua
1317 2238 1413 2304 etiam
1434 2235 1537 2303 vesti·

361 2370 436 2414 um:
461 2349 607 2415 omnium
632 2365 739 2416 autem
763 2351 879 2418 usibus
901 2351 1089 2434 promiscue
1118 2351 1265 2418 sufficere
1294 2370 1361 2416 non
1381 2362 1532 2432 possunt.

360 2461 523 2544 Repertae
549 2461 741 2544 proprietati
766 2463 820 2526 lex
840 2461 947 2544 posita
969 2475 1041 2544 est,
1066 2483 1150 2544 quae
1172 2477 1320 2528 naturam
1343 2460 1535 2527 imitaretur.

361 2570 456 2636 Sicut
484 2570 569 2636 eninr
602 2570 698 2669 initio
725 2591 783 2655 per
803 2573 1055 2676 applicationem
1080 2575 1281 2656 corporalem
1305 2591 1387 2638 usus
1405 2572 1460 2637 ille
1479 2570 1536 2635 ha-

359 2683 521 2764 bebatur,
546 2682 634 2748 unde
664 2682 897 2765 proprietatem
920 2683 1061 2767 primum
1089 2699 1192 2751 ortam
1223 2685 1390 2764 diximus,
1414 2683 1459 2747 ita
1491 2681 1535 2746 si-

360 2793 429 2859 mili
462 2793 680 2878 applicatione
711 2814 763 2861 res
795 2792 943 2879 proprias
976 2795 1139 2879 cujusque
1169 2793 1241 2860 fieri
1264 2793 1397 2878 placuit.
1444 2793 1535 2858 Haec

360 2919 410 2970 est
437 2925 521 2986 quae
553 2904 676 2970 dicitur
707 2905 907 2988 occupatio,
940 2925 1022 2971 voce
1054 2906 1389 2974 accommodatissima
1417 2904 1459 2970 ad
1482 2923 1536 2970 eas

359 3035 433 3098 res,
467 3036 551 3098 quae
580 3029 655 3081 ante
688 3015 722 3079 in
753 3016 862 3082 medio
883 3016 1010 3099 positae
1034 3015 1184 3084 fuerant:
1207 3037 1274 3100 quo
1299 3017 1422 3083 Seneca
1440 3011 1452 3048 ²
1473 3030 1537 3081 tra·

360 3127 454 3211 gicus
477 3126 596 3192 alludit

839 3242 875 3303 in
899 3239 1001 3306 medio
1024 3253 1072 3304 est
1095 3239 1197 3304 scelus

707 3350 857 3415 Positum
882 3353 1067 3435 occupanti.

404 3460 450 3525 Et
483 3459 704 3544 philosophus
740 3460 770 3524 ³:
805 3466 975 3547 equestria
1007 3465 1150 3527 omniunt
1183 3464 1330 3546 equitum
1370 3459 1536 3525 Romano-

361 3592 435 3636 rum
467 3584 571 3635 sunt:
603 3575 640 3635 in
663 3570 868 3636 illistnmen
892 3571 981 3637 locus
1004 3592 1092 3637 meus
1110 3569 1153 3655 fit
1175 3575 1337 3657 proprius
1368 3593 1461 3657 quem
1485 3593 1537 3636 oc·

356 3685 488 3767 capati.
543 3680 630 3747 Hinc
659 3681 918 3770 Quintilianus⁴
941 3683 1044 3765 dicit,
1078 3683 1167 3769 quod
1199 3685 1346 3748 omnibus
1377 3687 1533 3748 nascitur

359 3793 551 3859 industriae
574 3813 639 3858 esse
656 3797 870 3880 praemium,
903 3810 935 3859 et
968 3794 1105 3860 Tullius
1129 3794 1160 3872 ⁵,
1184 3794 1304 3877 factas
1333 3814 1397 3858 esse
1428 3795 1534 3860 ueteri

361 3909 572 3991 occupatione
604 3926 656 3971 res
689 3927 825 3986 eorum,
859 3909 919 3991 qui
951 3905 1116 3991 quondam
1149 3907 1186 3969 in
1219 3926 1328 3972 uacua
1358 3918 1533 3972 uenerant.

393 4204 401 4236 ¹
420 4205 477 4265 Dig.
495 4206 527 4253 de
551 4203 630 4252 usufr.
655 4215 705 4250 ear.
724 4215 772 4250 rer.
790 4215 854 4262 quae
873 4215 919 4251 usu
937 4215 1008 4251 cons.
1028 4201 1073 4266 [ὓ.
1093 4213 1117 4259 7·
1136 4201 1172 4266 ⁵·]
1193 4203 1263 4250 Extr.
1281 4203 1312 4250 de
1331 4201 1403 4250 verb.
1420 4201 1484 4261 sign.
1502 4201 1534 4247 ad

358 4295 528 4344 conditorem.
553 4305 594 4354 et,
618 4293 677 4353 quia
701 4294 876 4352 quorumdam.
902 4293 1019 4354 [Extrav.
1038 4294 1128 4340 Const.
1148 4305 1187 4340 20.
1206 4294 1278 4356 Joan.
1298 4294 1376 4342 Xllll.
1393 4291 1434 4340 tit.
1455 4305 1493 4352 14.
1512 4305 1535 4339 c.

359 4400 382 4444 3.
400 4397 425 4435 et
443 4400 466 4434 c.
486 4385 521 4449 s.]
541 4385 632 4434 Thom.
651 4397 675 4432 o.
695 4397 717 4433 a.
736 4397 761 4444 q.
772 4385 869 4440 Juart.
880 4396 901 4433 ι.
935 4381 946 4416 2
964 4386 1020 4434 seu.
1031 4383 1151 4442 Thyeste.
1163 4384 1214 4445 [vs.
1225 4383 1342 4447 aonam]
1378 4381 1389 4414 ⁸
1407 4384 1438 4432 de
1448 4383 1532 4432 benef.

357 4481 374 4525 l.
393 4491 417 4534 7.
435 4491 458 4525 c.
479 4490 517 4524 ra.
552 4474 652 4522 ⁴Decl.
673 4487 711 4532 1³·
729 4473 788 4538 [Ed.
805 4475 833 4522 L.
851 4475 879 4523 Β.
897 4489 919 4522 a.
940 4475 1011 4530 1665.
1029 4489 1054 4536 p.
1075 4473 1146 4537 188.]
1182 4473 1322 4522 ‘deoffib
1334 4487 1355 4522 1.
1367 4473 1467 4540 [em.
1479 4475 1531 4537 τα]
