3552 5654
232 3027 302 3075 Nm
316 3027 354 3074 le·

232 3081 340 3129 clausio.

367 665 407 743 78
670 679 717 728 or
742 679 836 749 Junu
863 679 1046 730 rosanae.
1072 679 1152 728 cnr.
1178 679 1243 726 vrr.

366 853 474 919 regem
497 833 622 900 subditi
645 834 814 903 rationem.
860 833 1038 902 Consentit
1059 831 1283 918 Hieronymus
1304 839 1313 873 ¹
1336 832 1394 916 qui
1416 833 1456 898 de
1475 851 1542 900 ser·

365 945 418 1011 vis
441 961 473 1012 et
496 943 573 1010 liliis
595 947 753 1027 locutus,
776 947 927 1025 inillis,
951 943 1083 1028 inquit,
1107 943 1542 1013 tantumdebcantdomr‘nls

359 1057 624 1143 parentibusque
650 1075 717 1122 essa
747 1057 905 1140 subjecti,
937 1076 1023 1142 quac
1053 1067 1173 1120 contra
1202 1053 1270 1120 Dei
1291 1054 1455 1123 mandata
1478 1076 1542 1120 non

364 1180 452 1233 sunt.
497 1167 619 1250 Neque
642 1165 691 1232 illi
714 1165 816 1251 igitur
838 1181 928 1232 extra
950 1167 1102 1248 culpam,
1126 1164 1185 1248 qui
1208 1180 1266 1230 aut
1287 1165 1401 1232 mortis
1420 1180 1540 1230 metum

364 1293 422 1344 aut
443 1280 605 1345 bonorum
627 1275 813 1344 amissionis
833 1276 1166 1361 praetendunt,dum
1177 1275 1345 1344 ministros
1367 1297 1401 1343 se
1419 1275 1542 1342 fatiunt

364 1389 517 1474 cognitae
547 1403 604 1454 aut
636 1388 778 1454 creditae
811 1387 1004 1473 injustitiae.
1050 1387 1172 1454 Comes
1194 1387 1286 1458 enim.
1304 1387 1451 1472 iustitiae
1473 1386 1541 1452 for-

364 1499 473 1565 titudo
502 1499 615 1583 potius
647 1497 814 1581 quaelibet
844 1500 927 1564 mala
958 1499 1095 1564 tolerare
1128 1497 1294 1579 decernit,
1328 1513 1425 1580 quam
1455 1499 1540 1563 malo

364 1609 573 1692 consentire,
608 1623 646 1674 ut
679 1608 712 1674 in
735 1629 770 1674 re
791 1607 889 1675 simili
914 1606 997 1674 dixit
1020 1607 1233 1693 Augustinus
1252 1608 1275 1674 ¹.
1321 1607 1409 1674 Cum
1432 1624 1540 1675 autem

364 1719 446 1786 ratio
469 1738 536 1786 non
559 1717 586 1784 it
608 1718 642 1784 in
666 1717 889 1801 contrarium,
914 1719 1039 1786 etiamsi
1063 1719 1228 1786 contineat
1250 1719 1283 1784 in
1306 1739 1341 1784 se
1365 1717 1539 1803 injuriam,

363 1832 486 1897 bellum
509 1844 615 1896 tamen
639 1843 790 1913 respectu
813 1828 1020 1896 subditorum
1044 1847 1109 1896 non
1134 1843 1184 1894 cst
1206 1828 1364 1913 injustum
1388 1836 1413 1896 ⁸.
1438 1830 1541 1916 Quod

364 1943 472 2008 iocum
503 1941 622 2006 habere
649 1940 746 2006 debet
777 1938 873 2005 etiam
904 1937 937 2004 iu
968 1938 1101 2005 subdito
1135 1938 1177 2005 de
1195 1938 1325 2023 justitia
1346 1939 1540 2020 dubitante,

364 2066 402 2117 ut
419 2051 517 2118 docet
537 2066 651 2116 contra
671 2049 853 2116 Adrianum
872 2047 1022 2116 Victoria
1041 2048 1064 2114 ⁴.
1109 2049 1220 2116 Posita
1238 2047 1322 2120 enim
1342 2052 1452 2135 regula
1472 2066 1540 2132 est,

365 2161 581 2229 obediendum
602 2160 821 2244 potestatibus
839 2167 873 2239 ⁸,
898 2177 916 2225 a
935 2179 1001 2242 qua
1019 2159 1167 2226 recedere
1186 2176 1281 2226 nemo
1301 2160 1400 2231 debet
1418 2165 1454 2241 ⁶,
1476 2161 1541 2229 nisi

363 2294 424 2356 per
453 2271 743 2356 apprehensionem
778 2269 860 2355 legis
880 2269 1023 2336 decimae
1046 2269 1170 2341 tertiae.
1216 2269 1285 2358 Qui
1305 2291 1383 2338 vero
1406 2273 1541 2357 ambigit

364 2383 577 2468 apprehendit
597 2382 694 2450 nihil.
729 2381 803 2448 Nec
827 2381 957 2463 obstat,
983 2380 1074 2462 quod
1093 2379 1226 2447 dubitas
1244 2401 1285 2448 ne
1308 2380 1435 2450 feceris.
1459 2383 1540 2450 Non

366 2495 451 2562 enim
484 2495 542 2576 qui
571 2493 700 2560 dubitat
727 2494 849 2558 bellum
878 2492 980 2575 quod·
998 2491 1176 2574 imperatur
1207 2493 1333 2576 justum
1351 2493 1396 2560 sit
1416 2513 1538 2575 necne,

365 2604 474 2670 statim
495 2619 527 2670 et
549 2603 632 2670 illud
654 2602 802 2683 dubitat,
826 2621 866 2668 an
888 2601 1046 2668 indubio
1070 2601 1287 2670 obediendum
1311 2604 1364 2670 sit.
1409 2603 1455 2670 Et
1476 2608 1539 2672 hoc

366 2715 524 2798 quidem,
557 2735 632 2782 cum
664 2729 769 2782 cessat
800 2713 904 2793 ratio,
938 2733 997 2780 seu
1024 2713 1107 2780 nihil
1128 2713 1252 2780 delinit.
1298 2715 1412 2782 Multo
1435 2731 1541 2782 autem

365 2826 469 2912 magis
486 2828 549 2894 hoc
573 2826 679 2910 ipsum
703 2826 853 2906 dicetur,
877 2844 951 2891 cum
974 2824 1057 2890 ratio
1080 2824 1287 2891 subditorum
1308 2843 1325 2892 a
1347 2826 1434 2893 bello
1457 2843 1537 2894 stat:

366 2939 458 3020 quod
487 2937 602 3004 merito
629 2939 824 3020 plerumque
855 2933 983 3000 accidit.
1027 2935 1088 3019 Jus
1119 2935 1203 3000 enim
1239 2957 1278 3002 ex
1306 2935 1395 3004 facto
1424 2936 1538 3004 oritur.

365 3051 462 3116 Facta
483 3062 616 3129 autern,
639 3061 754 3130 utpote
774 3045 973 3129 singularia,
997 3065 1056 3110 nec
1077 3066 1134 3128 per
1153 3061 1253 3114 artem
1272 3067 1333 3114 nec
1355 3069 1413 3132 per
1435 3048 1540 3116 scien*

363 3159 442 3225 tiam
475 3171 741 3242 cognoscuntur,
775 3167 859 3238 quae¹
885 3170 963 3222 sunt
989 3157 1147 3224 duntaxat
1166 3158 1410 3226 universalium.
1455 3159 1540 3226 Pau·

364 3267 495 3335 cissima
512 3276 625 3334 ‘autem
646 3280 748 3347 sunt,
769 3286 853 3348 quae
885 3266 1035 3332 sensibus
1055 3267 1305 3352 percipiuntur,
1329 3271 1407 3352 quia
1426 3271 1538 3337 eodem

364 3395 510 3461 tempore
541 3394 608 3443 uno
637 3393 764 3444 tantum
795 3376 828 3442 in
861 3378 934 3442 loco
958 3394 1028 3442 esse
1052 3398 1238 3460 possumus.
1285 3381 1408 3447 Sensus
1430 3397 1537 3448 autem

364 3489 428 3556 nisi
453 3489 599 3572 proxima
623 3508 690 3556 non
719 3486 876 3572 percipite
909 3503 968 3551 nec
999 3489 1088 3554 ullus
1114 3505 1163 3556 est
1181 3491 1265 3560 alius
1285 3512 1361 3558 vere
1381 3492 1538 3558 noscendi

365 3601 492 3668 modus.
539 3601 609 3665 Hac
640 3599 831 3667 necessitate
861 3599 1002 3667 humana
1022 3599 1105 3666 ratio
1126 3604 1294 3684 compulsa
1314 3603 1354 3668 ad
1377 3602 1537 3669 factorum

362 3711 485 3796 iudicia
514 3713 641 3795 regulas
669 3711 731 3776 sibi
765 3709 920 3792 quasdam
949 3708 1175 3776 verisimilium
1195 3713 1265 3779 sive
1283 3725 1339 3784 τῶν
1359 3717 1472 3784 siedron
1492 3713 1538 3780 sa·

363 3821 514 3890 bricavit.
562 3823 632 3888 Hae
651 3837 728 3887 sunt
747 3825 902 3906 προλήψεις
924 3820 1101 3901 quaedam,
1125 3822 1242 3888 Latine
1258 3828 1537 3909 praesumtiones,

364 3954 430 4000 non
453 3949 491 4000 ut
513 3933 546 4000 in
559 3933 742 4017 disciplinis
754 3946 860 3998 certae
871 3944 969 4011 atque
982 3947 1182 4014 perpetuae,
1207 3935 1264 4000 sed
1276 3936 1390 4017 quales
1400 3935 1537 4001 maxime
1554 3951 1560 3961 ’

397 4108 450 4156 ¹in
473 4107 549 4170 epist.
570 4110 602 4157 ad
624 4109 688 4169 Epla.
715 4107 807 4157 citatur
829 4109 856 4158 in
879 4125 902 4160 c.
922 4112 946 4162 'si
971 4110 1098 4161 dominus.
1118 4109 1205 4171 [Dect.
1229 4110 1298 4157 Grac.
1315 4123 1341 4169 p.
1357 4123 1380 4156 α.
1400 4121 1438 4157 11.
1457 4121 1480 4166 s.
1498 4121 1539 4171 93.

363 4197 447 4248 Hodie
468 4199 512 4247 hic
525 4201 645 4259 allegatur
679 4198 848 4260 Hieronymus
866 4201 893 4250 in
908 4203 983 4264 epist.
1002 4204 1034 4250 td
1049 4201 1143 4250 Titum.
1161 4199 1227 4248 Vide
1246 4200 1391 4248 notationes
1409 4211 1538 4248 correcto·

362 4302 417 4337 rum
435 4290 550 4338 adhunc
568 4289 712 4350 canonem]
748 4287 807 4338 2cle
832 4292 905 4341 civit.
928 4295 945 4341 1.
968 4307 988 4341 1.
1007 4291 1044 4355 [c.
1065 4291 1115 4352 18.]
1136 4290 1226 4338 citatur
1249 4290 1275 4338 in
1297 4304 1320 4339 c.
1346 4289 1422 4338 itane.
1450 4290 1538 4350 [Dect.

363 4380 566 4439 Grat.p.a.32·
592 4379 665 4440 5·s·]
699 4377 1380 4442 ⁸Ayaiadejurebe11i1.1.c.2.n.39.⁴n.³r.
1411 4379 1470 4427 ⁵V.
1488 4393 1538 4440 reg.

362 4482 387 4530 4
404 4481 429 4517 et
444 4470 468 4518 ό.
482 4483 505 4518 c.
521 4483 545 4518 a.
561 4471 633 4519 adde
650 4483 682 4518 ex
698 4471 835 4520 demonstr.
850 4473 923 4520 inart.
939 4487 961 4522 2.
976 4473 1048 4520 artic.
1066 4485 1087 4519 1.
1107 4473 1182 4519 concl
1203 4484 1224 4518 r.
1241 4485 1264 4519 c.
1284 4485 1307 4529 3.
1340 4471 1351 4502 ⁶
1369 4472 1460 4520 Thom.
1477 4483 1500 4520 a.
1516 4485 1538 4518 2.

362 4572 388 4619 q.
403 4559 444 4620 ⁶4·
459 4571 504 4608 art.
521 4573 544 4617 3.
554 4562 586 4610 acl
596 4573 619 4618 3.
