3536 5692
358 582 421 660 264
659 604 705 649 or
729 604 822 669 joaa
848 605 1032 654 aroanna.
1058 608 1140 654 cao.
1166 609 1229 656 x11.

358 755 480 820 bellum
509 773 713 841 cogerentur.
760 759 834 826 Hoc
858 761 898 825 ab
920 760 992 844 ipso
1014 762 1189 848 navigandi
1209 763 1305 830 initio
1329 780 1399 830 tota
1423 787 1528 833 rerum

211 868 345 970 fillinga&
359 867 458 933 series
480 882 513 934 et
531 869 740 954 longissimae
762 871 882 952 quietis
903 872 1059 955 patientia
1078 875 1297 943 demonstrat:
1320 876 1407 943 sicut
1424 879 1530 962 primo

210 974 252 1020 W·
359 979 448 1045 exitu
472 981 616 1048 diximus
639 1003 736 1048 naves
757 983 964 1050 Lusitanicas
988 1001 1152 1069 quatuor,
1185 1007 1260 1052 cum
1287 988 1454 1072 sigillatim
1475 1012 1529 1055 oc·

358 1106 526 1158 currerent
567 1109 677 1176 parata
719 1095 928 1176 cupientibus
967 1097 1108 1179 praeda,
1150 1098 1220 1164 sine
1252 1119 1337 1165 noxa
1371 1101 1526 1168 dimissas.

358 1204 437 1270 Fuit
468 1205 564 1270 ctiam
599 1227 672 1271 cum
704 1221 836 1289 captata
865 1207 1034 1272 Lusitanis
1065 1210 1154 1274 ultro
1185 1209 1265 1293 ipsis
1297 1210 1526 1291 redderentur,

358 1316 449 1398 quod
470 1317 697 1401 Wolphardus
721 1318 927 1384 Harmamrus
951 1317 1030 1384 fecit
1052 1320 1085 1385 in
1104 1321 1203 1402 navi,
1226 1322 1364 1388 carbella
1389 1322 1527 1402 dieitur,

358 1447 441 1509 quae
465 1429 725 1505 Femambueum
749 1430 846 1497 missa
872 1431 952 1496 citra
984 1447 1191 1513 aequatorem
1220 1447 1417 1498 occurrerat.
1463 1433 1528 1498 Sed

357 1559 431 1604 cum
463 1539 593 1605 doceret
617 1541 816 1623 experientia
840 1542 1020 1607 Lusitanos
1042 1557 1133 1608 tanto
1157 1543 1312 1610 audacius
1334 1544 1367 1608 in
1389 1544 1528 1610 Batavos

358 1651 505 1732 saevire,
530 1666 688 1732 quantum
709 1653 921 1719 amovebatur
943 1653 1076 1720 talionis
1096 1669 1226 1737 metuS,
1250 1656 1338 1736 quod
1358 1655 1525 1721 minimum

356 1761 421 1828 fuit
443 1764 506 1827 hoc
525 1762 638 1829 Batavi
659 1779 849 1844 tentarunt,
874 1784 913 1830 an
936 1765 1085 1831 homines
1110 1786 1175 1832 non
1199 1766 1309 1832 minus
1329 1767 1417 1832 avari
1430 1787 1525 1849 quam

357 1873 505 1939 crudeles
539 1876 652 1940 saltem
686 1876 848 1940 bonorum
877 1877 1002 1960 jactura
1031 1877 1150 1943 adduci
1174 1892 1329 1960 possent,
1360 1893 1398 1943 ut
1414 1879 1471 1963 jus
1496 1893 1528 1944 et

356 2006 466 2068 pacem
499 1989 656 2052 colerent.
702 1986 861 2070 Exempla
885 1987 1003 2054 referre
1033 1988 1270 2069 abstinentiae,
1294 1967 1358 2054 hdc
1382 2010 1462 2056 vero
1485 1990 1529 2054 sit

357 2097 473 2162 virtuti
506 2112 539 2163 et
569 2096 672 2163 famae
706 2098 836 2165 illorum
869 2099 1020 2183 injuriam
1054 2099 1175 2166 facere:
1200 2121 1302 2166 unum
1325 2115 1433 2167 tamen
1460 2119 1527 2166 non

356 2209 526 2289 reticebo,
551 2210 647 2294 cujus
671 2209 807 2276 historia
828 2231 901 2276 cum
923 2213 1059 2294 praedae
1079 2213 1182 2296 ipsius
1195 2227 1339 2294 tempore
1351 2213 1527 2296 conjuncta

212 2341 302 2387 ruam.
318 2353 343 2410 p.
358 2335 418 2386 est.
476 2321 561 2386 Cum
595 2343 651 2387 rex
679 2323 858 2402 Dammae,
892 2338 929 2388 ut
959 2323 1036 2388 alibi
1070 2323 1236 2405 diximus,
1269 2323 1386 2388 nrissos
1420 2323 1462 2388 ad
1491 2343 1526 2387 se

211 2395 247 2494 ii'.
273 2409 343 2444 Μ’
355 2432 575 2516 negotiatores
606 2432 724 2517 viginti
748 2433 895 2516 captivos
920 2433 1103 2515 detineret,
1128 2450 1161 2499 et
1183 2455 1243 2518 pro
1266 2434 1428 2517 capitibus
1450 2449 1526 2498 octo

357 2543 497 2624 pretium
537 2543 752 2623 extorsisset,
790 2558 934 2610 caeteros
971 2547 1060 2610 nulla
1102 2545 1290 2611 conditione
1324 2544 1526 2624 dimitteret,

358 2655 637 2736 Hemskerckius,
662 2655 719 2737 qui
738 2656 937 2739 prodendam
957 2676 1022 2722 non
1044 2656 1248 2722 existimabat
1260 2656 1402 2722 hominis
1415 2659 1526 2740 cujus-

357 2787 454 2849 quam
477 2766 590 2832 Batavi
610 2767 815 2847 libertatem,
839 2767 1026 2852 praesertim
1045 2789 1141 2850 quem
1164 2768 1237 2833 talis
1257 2768 1393 2852 perfidia
1413 2767 1446 2832 in
1468 2769 1527 2833 mi·

355 2879 471 2944 seriam
492 2878 730 2962 implicuisset,
754 2879 869 2946 ulcisci
892 2900 947 2945 eos
968 2879 1254 2965 pignorationibus
1274 2880 1400 2946 statuit.
1428 2881 1526 2946 Forte

355 2989 475 3054 accidit
498 3005 535 3055 ut
556 2990 639 3055 inter
658 2990 737 3056 alias
755 3009 856 3056 naves
872 2991 1019 3074 Jorensis
1042 3011 1106 3056 una
1130 3012 1169 3056 ex
1200 2991 1274 3071 his,
1303 3011 1388 3072 quae
1408 2992 1525 3075 juncae

355 3116 536 3183 vocantur,
560 3102 729 3166 Dammam
750 3115 897 3184 peteret,
923 3122 1019 3183 quam
1043 3081 1296 3168 Hemskerclrius
1315 3103 1525 3168 Dammanam

355 3227 445 3278 ratus
475 3232 541 3278 non
575 3212 665 3278 aliud
695 3233 792 3295 quam
824 3213 976 3279 detinuit.
1026 3212 1175 3281 Nuntios
1205 3214 1373 3279 Dammam
1404 3214 1445 3279 ad
1476 3234 1525 3278 re-

355 3345 426 3407 gem
452 3324 575 3404 mittit,
599 3346 657 3408 per
677 3343 762 3406 quos
784 3325 811 3390 si
834 3324 955 3407 reliqui
975 3345 1109 3391 suorum
1132 3325 1302 3390 duodecim
1324 3326 1527 3391 remitteren«

354 3450 428 3517 tut,
461 3435 704 3502 restitutionem
736 3436 829 3502 navis
862 3436 1007 3502 vicissim
1040 3451 1072 3501 et
1102 3435 1134 3500 in
1159 3451 1326 3518 posterum
1350 3436 1523 3502 amicitiam

353 3547 538 3629 pollicetur.
564 3548 629 3612 Sed
649 3548 704 3614 ille
722 3549 833 3614 haere
851 3547 935 3614 nihil
957 3561 1087 3626 motus,
1108 3546 1203 3612 etiam
1227 3546 1388 3612 detentam
1408 3567 1522 3614 navem

352 3657 387 3724 vi
418 3673 538 3723 armata
568 3659 764 3725 custodibus
797 3659 920 3742 eripere
944 3673 1082 3725 conatus
1104 3672 1162 3723 est.
1208 3657 1287 3744 Quo
1307 3658 1380 3725 viso
1400 3658 1524 3741 placuit

352 3769 525 3836 consilium
557 3786 594 3836 ut
625 3790 746 3835 merces
777 3785 1024 3853 separarentur,
1058 3769 1210 3854 magister
1237 3770 1330 3836 navis
1360 3768 1433 3834 cum
1455 3769 1523 3853 ipsa

351 3881 426 3948 navi
457 3896 489 3946 et
518 3882 707 3948 hominibus
738 3881 946 3967 septuaginta
978 3881 1145 3945 Dammam
1185 3879 1390 3964 mitteretur,
1415 3881 1523 3946 addita

350 3993 552 4076 sponsione,
583 4009 621 4057 ut
644 3993 671 4058 si
693 3994 890 4059 Batavorum
912 3993 1149 4058 liberationem.
1167 3992 1359 4075 perficeret,
1384 3993 1447 4075 ipsi
1468 4007 1523 4058 aut

350 4125 471 4170 merces
506 4105 739 4185 redderentur,
763 4120 819 4170 aut
850 4103 1015 4187 pretium,
1039 4104 1132 4186 quod
1152 4103 1301 4186 quinque
1325 4104 1431 4171 Catiis
1452 4104 1520 4169 auri

350 4216 585 4283 aestimaverat.
631 4216 716 4281 Cum
738 4215 856 4281 deinde
878 4215 1033 4298 temporis
1054 4215 1137 4280 ratio
1159 4231 1190 4280 et
1211 4236 1314 4296 aquae
1338 4215 1444 4281 duleis
1467 4236 1522 4298 pe·
1563 4291 1577 4306 .

293 4417 298 4426 .
348 4328 440 4394 nuria
463 4344 588 4394 mutare
611 4327 784 4394 stationem
809 4342 960 4411 cogeret,
983 4327 1082 4392 Indos
1107 4347 1234 4405 omnes,
1258 4347 1343 4409 quos
1366 4347 1466 4410 penes
1486 4347 1520 4394 se

350 4441 513 4520 habebat,
539 4438 795 4506 Hemslrerclrius
813 4436 846 4503 in
866 4457 942 4504 suas
961 4454 1125 4521 quemque
1143 4439 1236 4504 sedes
1254 4438 1401 4506 dimittit.
1425 4435 1521 4504 Duos
