3530 5656
554 686 601 742 mr
625 686 719 751 June
748 685 931 732 rnnnnns.
956 685 1035 732 cnr.
1059 685 1098 730 11.
1370 683 1408 728 21

238 841 334 905 etiam
355 859 492 908 coronas
512 838 634 907 civicas
658 840 758 906 donat
788 861 846 906 nec
879 840 963 906 intra
985 839 1161 926 majestatis
1184 859 1256 905 reos
1278 840 1412 924 publica

234 952 361 1036 judicia
379 966 531 1034 coercet,
555 951 612 1018 sed
635 952 815 1018 homicidas
841 971 975 1034 quoque
999 967 1031 1016 et
1051 951 1199 1018 falsarios
1219 951 1410 1036 etidgenus

237 1079 348 1130 sontes
379 1065 419 1129 ad
450 1064 612 1147 supplicia
643 1065 801 1148 deposcit.
847 1066 894 1129 Et
925 1065 988 1130 ista
1011 1064 1143 1146 quidem
1167 1084 1241 1128 cum
1266 1065 1336 1148 eJ'us
1357 1083 1410 1129 so·

237 1175 382 1258 cietatis,
417 1195 500 1256 quae
531 1195 548 1240 a
578 1190 692 1241 natura
724 1176 873 1243 instituta
902 1191 974 1256 est,
1002 1177 1075 1260 Jure
1102 1176 1179 1241 satis
1199 1175 1411 1260 conveniunt.

235 1286 421 1354 Peculiares
444 1301 552 1353 autem
571 1287 680 1353 civilis
701 1287 844 1354 foederis
867 1290 967 1372 leges,
990 1308 1029 1353 ex
1052 1288 1157 1352 tribus
1171 1287 1291 1371 regulis
1310 1287 1411 1353 dirna·

237 1412 373 1479 nantes,
395 1400 481 1463 ultra
505 1418 558 1464 eas
581 1419 663 1480 quas
686 1399 883 1466 dictavimus
906 1401 994 1483 leges
1006 1399 1039 1464 in
1052 1400 1138 1463 hunc
1152 1399 1284 1464 modum
1297 1398 1411 1464 viden-

237 1524 291 1573 tur
313 1509 501 1591 procedere.
536 1511 634 1576 Una:
659 1510 706 1574 Ut
729 1511 855 1597 singuli
875 1514 1117 1579 eireseaeteros
1140 1524 1210 1573 tum
1224 1514 1411 1593 universos,
1436 1509 1487 1554 Μ
1501 1507 1556 1554 W·

238 1633 308 1683 tum
331 1620 476 1706 singulos
498 1643 561 1685 non
581 1620 672 1687 modo
699 1643 762 1686 non
790 1621 979 1701 laederent,
1007 1641 1121 1688 rerum
1149 1625 1249 1686 etiarn
1280 1634 1411 1685 tueren-

239 1746 299 1795 tur
313 1735 332 1797 ¹.
351 1733 465 1798 Altera
478 1756 484 1796 :
498 1732 545 1796 Ut
563 1736 647 1800 eires
669 1755 733 1797 reon
753 1733 844 1798 modo
865 1733 955 1798 alter
981 1733 1085 1796 alteri
1101 1707 1269 1819 privatim
1292 1747 1354 1797 aut
1376 1737 1412 1798 in
1439 1734 1489 1780 rex
1502 1733 1570 1780 VH!-

239 1865 403 1908 commune
431 1859 577 1930 possessa
612 1865 675 1908 non
711 1848 895 1930 eriperent,
930 1864 1044 1912 rerum
1070 1848 1171 1908 etiam
1194 1844 1320 1930 singuli
1342 1858 1412 1908 tum
1650 1823 1653 1828 ’

239 1977 324 2040 quae
346 1954 503 2041 singulis,
524 1969 594 2018 tum
619 1975 704 2040 quae
724 1959 888 2022 universis
907 1959 1094 2021 necessarie
1113 1955 1314 2038 conferrent.
1360 1958 1413 2022 Ex

239 2065 346 2148 priore
388 2070 521 2149 βοηθούς,
554 2087 593 2130 ex
620 2067 801 2150 posteriore
823 2073 962 2143 κοινωνούς
985 2067 1078 2132 Plato
1102 2063 1113 2100 ²
1136 2067 1225 2132 cives
1250 2071 1412 2152 appellat,

241 2179 273 2242 h.
303 2197 330 2242 e.
361 2175 547 2242 eureiliares
577 2182 668 2242 inter
699 2199 730 2242 se
766 2192 866 2263 atque
883 2182 1078 2264 participes.
1126 2178 1280 2261 Spectant
1303 2181 1413 2264 itaque

239 2289 299 2353 hae
327 2290 414 2371 leges
444 2291 567 2354 bonurn
600 2289 732 2371 quidem
763 2309 949 2368 commune,
978 2309 1044 2355 non
1076 2304 1182 2355 tamen
1210 2305 1248 2356 ut
1268 2291 1413 2359 diverso·

239 2420 332 2480 rum,
363 2401 449 2466 sicut
478 2402 565 2484 leges
596 2401 684 2466 tertii
707 2401 848 2482 ordinis,
879 2401 937 2467 sed
970 2418 1008 2466 ut
1028 2401 1126 2466 unius
1150 2416 1248 2483 atque
1272 2403 1351 2468 adeo
1376 2420 1414 2470 ut

239 2531 347 2578 suurn.
394 2512 602 2600 Quamquam
623 2513 724 2598 igitur
743 2514 823 2578 ordo
845 2515 952 2598 legum
975 2513 1080 2596 primo
1099 2515 1173 2578 loco
1200 2530 1231 2579 et
1259 2515 1413 2600 deinceps

240 2623 419 2705 positarum
454 2624 631 2690 ostenderit
657 2626 780 2689 bonunr
810 2645 905 2690 suum
935 2625 1025 2707 prius
1056 2645 1124 2691 esse
1155 2626 1302 2710 alieno³,
1327 2631 1359 2695 h.
1385 2652 1412 2698 e.

240 2734 284 2798 ita
308 2749 681 2819 natura‘comparatum‚
706 2735 769 2800 sibi
794 2750 831 2800 ut
852 2735 992 2817 quisque
1014 2736 1131 2801 melius
1143 2757 1211 2801 esse
1224 2739 1303 2804 velit
1314 2762 1412 2823 quam

238 2845 347 2922 alteri,
372 2867 439 2928 quo
463 2861 495 2911 et
504 2847 568 2930 gilla
588 2847 945 2930 spectant,Proximus
957 2860 1078 2932 egomet
1091 2849 1189 2928 mihi,
1213 2853 1282 2928 γόνυ
1304 2857 1412 2935 κνήμης

239 2958 345 3037 ἔγγιον,
379 2962 495 3022 turrice
522 2958 630 3044 pallio
656 2963 816 3046 propior,
848 2972 954 3022 tamen
989 2958 1045 3023 ubi
1074 2958 1241 3040 quaeritur
1260 2960 1300 3026 de
1324 2962 1412 3030 bono

240 3067 443 3152 singulorum
466 3084 497 3134 et
520 3071 559 3135 de
582 3071 669 3136 bono
693 3072 857 3154 omniurn,
882 3091 1021 3152 quorum
1045 3084 1221 3152 utrumque
1249 3089 1334 3139 recte
1360 3077 1413 3140 bo-

240 3201 317 3243 nurn
341 3201 434 3244 suum
458 3183 469 3214 ⁴
493 3181 629 3258 dicitur,
653 3183 681 3248 si
705 3182 837 3264 quidem
862 3198 894 3247 et
916 3201 1028 3248 ornnes
1051 3202 1152 3248 unum
1173 3200 1251 3251 sunt
1267 3185 1412 3270 aliquid,

241 3290 362 3356 bonurn
395 3292 478 3358 illud
508 3293 652 3359 omnium
684 3295 796 3376 potius
823 3314 893 3360 esse
915 3294 1026 3372 debet,
1051 3310 1211 3377 quatenus
1232 3297 1261 3362 ei
1284 3297 1412 3363 scilicet

241 3417 273 3466 et
304 3402 426 3468 bonunr
460 3404 544 3469 inest
577 3406 781 3490 singulorum
813 3413 845 3486 ⁵,
878 3426 944 3471 non
968 3405 1059 3478 aliter
1083 3421 1181 3488 atque
1202 3429 1324 3474 merces
1347 3410 1410 3476 nisi

240 3533 324 3578 nave
348 3530 474 3581 servata
505 3518 613 3582 salvae
646 3537 715 3583 esse
746 3531 936 3598 nequeunt:
962 3518 1177 3593 Hierocles⁶:
1201 3526 1257 3606 terit
1276 3526 1309 3589 τὸ
1330 3527 1415 3590 κοινὸν

240 3633 289 3694 τοῦ
316 3627 386 3694 κατ’
414 3631 485 3696 ἰδίαν
512 3634 554 3711 μὴ
576 3633 703 3714 χωρίζειν
724 3629 797 3698 ἀλλ’
817 3625 845 3696 ἓν
866 3635 996 3709 ἡγεῖσθαι
1020 3634 1069 3698 καὶ
1092 3633 1209 3700 ταύτόν.
1247 3634 1334 3700 τότε
1355 3639 1415 3717 γὰρ

240 3749 277 3820 τῇ
306 3744 418 3822 πατριδι
447 3743 590 3825 συμφέρον
623 3744 708 3809 κοινόν
731 3745 792 3809 ἔστι
814 3745 862 3810 καὶ
886 3751 940 3809 τῶν
962 3745 1041 3809 κατὰ
1062 3745 1143 3824 μέρος
1163 3744 1288 3827 ἑκάστῳ.
1335 3743 1414 3806 Non

242 3864 367 3934 oportet
384 3850 554 3934 poblicum
577 3873 597 3914 a
613 3855 752 3937 privato
774 3866 954 3937 seperare:
979 3851 1068 3936 quod
1082 3855 1166 3916 enim
1178 3857 1319 3937 patriae
1330 3852 1414 3917 utile

241 3975 303 4037 est,
336 3959 420 4026 idem
451 3960 592 4046 singulis
611 3965 711 4024 etiem
735 3962 893 4046 partibus
917 3983 1082 4026 commune
1103 3975 1162 4026 est.
1210 3962 1283 4026 Hoc
1306 3963 1413 4044 ipsum

241 4092 298 4137 cur
320 4087 352 4137 et
374 4088 535 4153 quatenus
558 4072 680 4137 bonunr
701 4073 864 4156 privatunr
887 4073 1022 4155 publico
1045 4073 1211 4157 subjaceat
1230 4093 1269 4137 ex
1281 4071 1414 4137 Periclis

240 4236 434 4247 ——

275 4329 378 4381 ¹Arist.
402 4334 432 4382 de
450 4347 505 4394 rep.
523 4336 540 4382 1.
559 4347 582 4391 3.
600 4348 622 4382 c.
640 4348 664 4397 9.
685 4333 722 4397 [p.
742 4337 813 4382 1280.
832 4348 855 4382 2.
873 4348 912 4382 vs.
931 4333 982 4398 29.]
1019 4331 1078 4383 ²de
1096 4346 1149 4394 rep.
1167 4336 1184 4380 1.
1202 4347 1225 4380 2.
1246 4331 1283 4396 [p.
1302 4332 1358 4395 369.
1376 4333 1411 4397 c.]

242 4421 252 4454 ³
269 4422 346 4472 Arist.
365 4425 395 4471 de
413 4437 476 4472 mor.
495 4427 526 4473 ad
543 4425 646 4474 Nicorn.
664 4429 680 4474 l.
698 4440 722 4489 9.
741 4441 763 4474 c.
782 4429 804 4474 8.
825 4425 862 4489 [p.
882 4426 953 4474 1168.
972 4440 995 4473 2.
1013 4439 1050 4475 vs.
1069 4424 1103 4488 6.]
1140 4424 1185 4471 ⁴1.
1203 4424 1323 4485 pupillus.
1342 4426 1353 4484 ς
1369 4427 1414 4472 ult.

240 4514 266 4561 ff.
285 4515 316 4563 de
334 4515 405 4562 verb.
423 4516 485 4576 sign.
506 4515 548 4578 [D.
568 4530 607 4572 50·
628 4518 666 4566 16.
684 4517 752 4581 239.]
789 4516 799 4548 θ
817 4519 906 4566 Thom.
923 4533 945 4566 2.
964 4531 987 4565 2.
1005 4531 1030 4577 q.
1049 4517 1088 4565 26.
1105 4527 1149 4564 art.
1167 4530 1191 4577 4.
1204 4516 1236 4564 ad
1252 4528 1275 4572 3.
1294 4517 1414 4564 Authent.

242 4617 281 4652 res
297 4617 369 4664 quae.
385 4607 414 4652 C.
433 4619 524 4654 comm.
542 4609 573 4655 de
591 4611 639 4668 leg.
660 4607 701 4671 [C.
719 4609 742 4656 6.
760 4621 801 4671 43.
819 4611 850 4659 ad
868 4611 884 4656 l.
903 4608 937 4672 3.]
974 4607 985 4639 ⁶
1001 4606 1053 4670 [ap.
1062 4607 1131 4654 stob.
1140 4606 1250 4654 infloril.
1258 4609 1275 4655 l.
1285 4613 1350 4668 39.n
1361 4606 1412 4670 3'5.]
