3546 5654
522 684 569 730 nn
594 681 687 750 June
713 681 898 728 Pannona.
925 680 1004 727 cnr.
1030 680 1093 726 ΧΠ.
1338 680 1400 742 249

232 840 323 923 quod
335 840 368 904 iu
391 837 582 921 republica,
597 837 631 902 id
655 852 725 918 est,
748 836 873 903 minore
896 835 1066 901 hominurn
1090 848 1279 914 conventu,
1304 853 1400 917 grave

231 967 262 1017 et
285 950 500 1035 pernitiosum
521 949 710 1034 iudicatur,
734 948 768 1013 in
787 969 901 1032 magna
922 947 977 1012 illa
995 946 1128 1012 humani
1150 945 1275 1031 generis
1297 945 1401 1012 socie-

228 1079 294 1129 tate
327 1061 543 1128 ferendumne
577 1075 648 1140 est,
682 1075 720 1126 ut
752 1060 877 1125 scilicet
911 1058 1015 1125 totius
1038 1057 1150 1124 mundi
1174 1057 1399 1139 monopolium

227 1174 348 1239 faciant
379 1172 496 1256 populi
529 1171 696 1254 Hispani?
743 1173 893 1238 Clamant
923 1171 1030 1255 igitur
1055 1170 1209 1236 Lusitani
1240 1183 1399 1250 quantum

229 1302 262 1351 et
294 1285 451 1367 quamdiu
483 1283 620 1348 libebit:
655 1283 765 1348 Lucra
798 1299 908 1350 nostra
932 1282 1092 1348 deciditis.
1139 1281 1401 1365 Respondebunt

228 1395 360 1461 Batavi:
410 1396 479 1459 Imo
513 1398 634 1460 nostris
669 1394 892 1479 invigilamus.
948 1395 1055 1460 Lucra
1088 1407 1200 1459 nostra
1235 1391 1399 1457 deciditis.

230 1509 348 1573 Hocne
371 1505 588 1590 indignamini
611 1505 645 1570 in
669 1503 800 1588 partem'
814 1526 875 1572 nos
896 1506 1007 1572 venire
1027 1518 1198 1571 ventorum
1221 1518 1253 1568 et
1275 1502 1398 1569 maris?

230 1619 340 1683 Lucra
363 1632 475 1682 nostra
499 1616 661 1682 deciditis.
707 1617 751 1681 Et
775 1617 850 1698 quis
874 1637 1024 1683 mansura
1046 1615 1266 1699 promiserat?
1292 1615 1404 1679 Lucra

230 1744 341 1795 nostra
364 1728 524 1794 deciditis.
551 1729 684 1794 Salvum
710 1744 759 1795 est
783 1727 901 1809 vobiS,
926 1749 993 1810 quo
1018 1747 1077 1794 nos
1098 1726 1243 1792 contenti
1264 1746 1397 1806 sumus3

230 1840 344 1922 aequis
379 1860 560 1905 mercamur
593 1839 718 1922 pretiis.
774 1840 882 1905 Lucra
910 1855 1021 1904 nostra
1051 1838 1211 1904 deciditis.
1264 1837 1401 1903 Docetis

229 1952 330 2036 igitur
353 1951 410 2032 id,
438 1951 525 2016 unde
550 1951 669 2016 lucrari
696 1951 881 2034 possimus,
906 1950 999 2017 alteri
1021 1971 1087 2016 non
1112 1950 1287 2015 remittere.

273 2064 359 2129 Cum
385 2062 486 2147 igitur
506 2062 805 2145 supra²Victoriae
825 2063 1018 2128 auctoritate
1040 2077 1072 2127 et
1093 2062 1248 2144 exemplis
1267 2062 1400 2126 demon-

229 2189 365 2240 stratum
399 2174 443 2239 sit
472 2177 593 2258 justam
618 2194 688 2240 esse
712 2174 789 2239 belli
813 2194 966 2255 causam,
990 2194 1064 2238 cum
1087 2173 1220 2238 libertas
1242 2193 1399 2237 commer-

230 2285 355 2351 ciorum
381 2285 586 2351 ·vindicatur
626 2285 781 2352 adversus
820 2285 1056 2366 prohibentes,
1090 2284 1239 2365 sequitur
1271 2283 1402 2349 Batavis

228 2397 347 2480 justam
378 2396 455 2461 belli
480 2415 608 2461 causam
633 2395 666 2462 in
690 2396 868 2461 Lusitanos
890 2395 1005 2462 fuisse.
1051 2395 1152 2482 Quod
1177 2409 1209 2460 et
1230 2394 1400 2477 speciatim

232 2507 295 2571 hoc
318 2506 417 2571 modo
447 2507 614 2588 probatur.
658 2508 772 2591 Justae
795 2508 955 2573 bellorum
979 2525 1094 2572 causae
1115 2521 1193 2571 sunt
1215 2526 1322 2571 rerum
1346 2521 1402 2571 aut
1414 2527 1557 2573 neumas.

230 2616 379 2684 defensio
404 2632 459 2682 aut
483 2618 710 2700 recuperatio,
736 2618 838 2684 debiti
862 2633 894 2684 et
916 2637 1039 2702 poenae
1061 2617 1200 2683 exactio.
1247 2618 1284 2682 In
1304 2619 1400 2682 rebus
1414 2590 1560 2680 iiiia*

231 2729 326 2794 etiam
347 2731 421 2812 jura
441 2729 714 2811 comprehendere
735 2729 910 2796 debemus:
935 2729 1033 2794 etsie
1054 2728 1175 2794 Baldus
1195 2724 1206 2759 ²
1226 2728 1306 2793 dicit
1326 2748 1399 2793 eum

230 2840 288 2921 qui
318 2842 391 2925 Jure
423 2859 496 2904 meo
526 2861 576 2904 me
600 2840 649 2905 uti
671 2841 825 2923 prohihet
848 2856 935 2906 recte
959 2840 1094 2906 offendi.
1137 2840 1198 2923 Jus
1221 2854 1327 2904 autern
1353 2854 1402 2905 est

230 2965 299 3015 tum
324 2951 416 3031 quod
437 2951 614 3034 privatim,
640 2966 709 3016 tum
734 2952 825 3034 quod
845 2955 918 3037 jure
938 2953 1097 3017 humanae
1118 2951 1284 3018 societatis
1303 2951 1400 3026 nobis

228 3063 407 3146 competit,
432 3078 470 3128 ut
492 3063 526 3127 in
550 3080 646 3128 causa
670 3063 747 3128 belli
771 3063 927 3130 adversus
949 3064 1146 3128 Amorraeos
1167 3062 1399 3147 Augustinus³

229 3175 398 3256 loquitur,
419 3175 482 3239 hoc
504 3189 575 3254 est,
600 3195 679 3239 usus
701 3177 772 3259 eius
795 3175 887 3256 quod
909 3194 1081 3239 commune
1105 3189 1176 3254 est,
1200 3189 1280 3258 puta
1303 3174 1399 3240 maris
1411 3196 1557 3254 nauum.

230 3301 262 3350 et
294 3286 573 3352 commerciorum.
621 3285 656 3351 Si
689 3286 764 3368 quis
797 3286 898 3370 igitur
927 3289 982 3371 jus
1014 3287 1077 3352 tale
1110 3287 1203 3368 quasi
1233 3286 1400 3369 possideat
1411 3263 1451 3312 ΝΡ
1454 3266 1482 3296 '⁶
1496 3267 1515 3296 ε’
1536 3268 1557 3298 ²'

229 3411 316 3462 recte
340 3396 506 3463 defendet.
533 3399 580 3463 Ita
605 3397 807 3481 Pomponius
827 3402 838 3438 ⁴
860 3418 955 3479 eum,
970 3397 1028 3480 qui
1049 3418 1116 3464 rem
1138 3399 1291 3464 omnibus
1310 3418 1399 3464 com·

229 3528 359 3574 munem
372 3529 446 3574 cum
472 3509 681 3576 incommodo
705 3525 903 3576 caeterorum
932 3524 1087 3593 usurpet,
1102 3532 1203 3574 manu
1221 3509 1399 3594 prohiben-

229 3618 305 3684 dum
339 3620 433 3686 dicit.
478 3621 565 3684 Nam
601 3621 732 3702 quoties
767 3622 801 3686 in
833 3619 969 3705 judiciis
1003 3621 1175 3687 interdicta
1208 3635 1400 3703 competunt

227 3731 469 3812 prohibitoria,
504 3731 603 3796 toties
627 3747 715 3797 extra
737 3730 859 3816 judicia
883 3732 1065 3814 prohibitio
1090 3732 1246 3815 competit
1268 3747 1398 3796 armata.

228 3843 361 3908 Praetor
391 3843 422 3906 ⁵:
461 3839 641 3924 Quominus
674 3842 731 3906 illi
761 3845 797 3906 in
824 3843 963 3928 flumine
979 3843 1113 3928 publico
1137 3863 1252 3909 navem
1276 3863 1398 3928 agere,

224 3968 334 4017 'ratem
357 3973 479 4039 agere,
513 3973 614 4038 quone
634 3956 741 4017 minus
759 3967 823 4038 per
846 3957 956 4038 ripam
980 3974 1163 4018 exonerare
1187 3953 1307 4033 liceat,
1331 3958 1397 4018 nim

221 4061 301 4145 fieri
331 4075 413 4128 ueto.
460 4062 512 4126 De
544 4061 623 4124 mari
657 4075 689 4126 et
720 4061 831 4126 littore
864 4062 896 4128 in
930 4063 1072 4127 eamdem
1096 4061 1230 4126 formam
1256 4063 1396 4129 dandum

225 4243 423 4254 —-—-

260 4347 364 4396 ¹Initio
391 4347 490 4408 capitis.
525 4345 536 4378 ²
561 4347 587 4394 in
610 4327 626 4394 i.
654 4361 674 4396 1.
700 4348 729 4395 C.
754 4349 822 4396 unde
839 4348 875 4396 vi.
895 4349 939 4410 [c.
958 4352 981 4396 8.
999 4350 1035 4410 4.]
1056 4362 1080 4397 n.
1099 4353 1138 4406 38.
1174 4350 1295 4400 ³citatus
1313 4364 1396 4412 supra.

228 4437 239 4470 ⁴
263 4440 280 4485 l.
304 4440 420 4498 quamvis
446 4440 517 4498 quod
541 4439 567 4486 in
592 4438 688 4487 littore.
712 4438 738 4486 ff.
764 4441 795 4488 de
821 4453 876 4500 aeq.
901 4441 969 4488 dom.
997 4442 1040 4502 [D.
1064 4455 1105 4502 41.
1135 4455 1156 4489 1.
1175 4442 1227 4502 50.]
1263 4441 1308 4490 ⁵1.
1331 4456 1352 4490 1.
1370 4455 1396 4491 ut

226 4529 254 4577 in
272 4527 340 4578 flum.
357 4530 419 4590 pub.
436 4543 494 4578 nav.
512 4530 596 4577 liceat.
616 4530 660 4591 [D.
677 4541 719 4589 4³·
739 4529 790 4593 14.]
