3546 5654
512 663 558 708 nu
582 663 675 728 June
701 662 887 709 rannone,
913 661 1002 708 cnr.
1020 663 1073 708 xr.
1325 648 1382 710 181

210 835 276 880 non
299 815 500 882 dimitterent
522 815 643 896 quovis
660 815 959 899 nomineaccepta,
983 815 1091 882 denuo
1103 815 1196 881 aliter
1208 816 1384 896 convenit,

211 941 249 991 ut
270 926 457 1009 praefectus
493 927 615 992 auxilio
648 927 883 994 Lusitanorum
913 927 948 993 vi
971 942 1099 1010 caperet
1120 945 1239 1008 naves,
1263 947 1386 1008 eaeque

210 1058 284 1102 cum
308 1038 470 1104 mercibus
494 1037 579 1120 ipsi,
604 1037 753 1104 homines
775 1038 943 1104 Lusitanis
963 1038 1139 1117 cederent,
1163 1037 1266 1103 aursi
1287 1057 1386 1102 naves

209 1127 516 1232 corrumperentur,
541 1168 597 1215 sex
621 1149 768 1214 millibus
791 1150 947 1233 regalium
972 1148 1004 1212 in
1029 1163 1229 1213 antecessum
1243 1147 1383 1228 solutis,

210 1262 309 1324 altera
332 1261 398 1324 duo
421 1259 579 1325 mercedis
610 1261 684 1324 loco
709 1259 892 1342 praefectus
920 1259 1090 1342 acciperet.
1137 1260 1235 1324 Forte
1268 1258 1387 1324 accidit

209 1384 265 1449 ut,
289 1368 365 1435 dum
391 1371 452 1437 ista
471 1371 632 1436 habentur
652 1371 692 1436 de
715 1371 861 1453 ipsorum
874 1358 1038 1453 capitibus
1051 1369 1202 1451 comitia,
1228 1371 1385 1436 Hollandi

211 1479 320 1562 inopia
354 1497 509 1564 aquarum
544 1481 689 1547 dulcium
722 1481 786 1547 alio
819 1481 1042 1564 discederent,
1076 1479 1134 1546 n'ec
1157 1483 1254 1566 longe
1277 1497 1385 1548 tamen

207 1590 376 1658 bantamo.
401 1592 445 1656 Et
468 1612 541 1657 ecce
565 1593 604 1656 ab
628 1592 759 1674 hospite
778 1592 934 1674 nuntius,
956 1594 1090 1657 classem
1110 1593 1265 1659 adversus
1285 1613 1385 1660 naves

211 1701 423 1768 Hollandicas
447 1703 614 1785 expediri,
638 1704 732 1787 cujus
756 1717 788 1768 et
811 1702 874 1787 ipsi
898 1719 971 1768 ante
995 1704 1170 1770 discessum
1195 1719 1384 1787 apparatum

209 1812 351 1894 aliquem
385 1828 629 1896 conspexerant.
677 1814 798 1896 Neque
832 1828 958 1880 tantum
982 1816 1069 1881 bona
1091 1815 1230 1896 quadam
1254 1813 1386 1881 fortuna

208 1923 348 1989 vitatum
382 1940 449 1990 erat
481 1924 677 2005 discrimen,
702 1925 759 1990 sed
781 1944 905 1991 novum
929 1929 1098 1991 certamen
1113 1925 1287 1992 Lusitanis
1309 1946 1382 1991 cunr

209 2035 397 2118 praelect0,
432 2037 523 2118 quod
547 2035 574 2103 is
597 2057 631 2101 se
655 2037 853 2102 existimaret
876 2057 915 2101 ex
938 2037 1024 2118 pacti
1047 2035 1190 2101 formula
1213 2035 1254 2101 ad
1276 2057 1385 2120 perse·

210 2147 359 2227 quendos
393 2147 488 2212 etiam
522 2147 684 2229 Batavos,
717 2163 891 2230 postquam
915 2147 1052 2232 digressi
1076 2162 1187 2228 erant,
1211 2166 1277 2214 non
1300 2149 1386 2213 obli-

215 2271 337 2340 gatum.
369 2257 475 2340 Prope
495 2257 653 2341 Jacatram
678 2258 836 2323 Hollandi
858 2278 931 2323 cum
950 2258 1139 2338 venissent,
1161 2257 1385 2342 Tomagonem

182 2450 185 2455 ¹
211 2367 457 2432 Bantamensem
480 2368 697 2434 necessarium
718 2389 815 2433 suum
834 2366 988 2434 Lusitani
1009 2369 1210 2448 subornant,
1235 2383 1272 2433 ut
1291 2369 1384 2450 quasi

210 2477 363 2542 alimenta
394 2477 589 2544 venditurus
619 2493 735 2544 nautas
765 2478 895 2560 aliquos
918 2477 950 2543 in
973 2478 1119 2544 vicinum
1142 2479 1220 2544 satis
1240 2479 1385 2563 Jacatrae

210 2588 341 2669 locum,
373 2587 576 2672 Janhanjava
605 2589 752 2671 dicitur,
787 2590 972 2672 proliceret.
1021 2590 1086 2655 Sed
1119 2605 1388 2673 praemonuerunt
1423 2583 1432 2592 ’

209 2712 404 2764 mercatores
425 2699 597 2781 Sinenses,
621 2699 799 2765 Lusitanos
819 2700 852 2765 in
874 2702 948 2765 loco
969 2700 1168 2782 dispositos,
1193 2700 1251 2782 qui
1270 2714 1385 2766 nautas

209 2823 265 2874 aut
298 2824 474 2891 caperent,
508 2826 564 2874 aut
585 2811 797 2876 trucidarent.
843 2811 918 2894 Ipse
942 2811 1092 2894 Tomago
1114 2813 1193 2876 haec
1217 2810 1387 2877 consessus

210 2935 281 2998 est,
317 2939 392 2984 cum
422 2921 536 2987 Batavi
571 2923 672 2986 altero
707 2921 823 2988 itinere
858 2922 1031 2987 redeuntes
1067 2921 1212 2988 infensos
1241 2920 1386 3005 Javanos

208 3029 377 3096 Lusitanis
404 3045 437 3095 et
463 3031 526 3098 sibi
555 3033 726 3116 aequiores
758 3032 981 3099 invenissent:
1019 3033 1075 3098 sed
1108 3034 1221 3099 turbas
1239 3033 1385 3116 priorum

208 3155 392 3224 temporum
414 3144 598 3230 excusabat.
644 3143 881 3209 Atrocissimae
900 3143 1058 3226 insidiae,
1083 3145 1256 3210 Francisco
1280 3144 1385 3210 Pesoa

207 3269 423 3334 procurante,
466 3256 554 3337 apud
597 3254 755 3320 Cidaeum
797 3258 860 3320 hoc
899 3255 997 3321 modo
1033 3255 1215 3322 institutaev
1237 3254 1382 3322 fuerunt.

208 3364 378 3431 Provectis
397 3366 569 3448 bucusque
588 3366 729 3432 navibus
749 3366 922 3447 Rasalata,
941 3366 1123 3432 Lusitanus
1143 3366 1268 3450 origine
1288 3381 1384 3432 natus

208 3475 334 3555 Averi,
369 3476 428 3542 sed
458 3476 664 3543 Christianae
694 3477 827 3560 pietatis
858 3477 1003 3542 desertor
1033 3492 1065 3542 et
1096 3477 1289 3560 archipirata
1319 3478 1384 3544 illis

207 3585 290 3652 locis
318 3587 405 3651 haud
435 3585 614 3671 ignobilis,
650 3607 683 3652 re
713 3587 872 3654 instructa
901 3607 974 3654 curn
1008 3588 1182 3654 Cidaeensi
1218 3588 1384 3654 Sabandro

209 3697 273 3780 (ita
301 3711 481 3778 praetorem
509 3700 673 3782 vocant),
702 3713 811 3780 parata
835 3699 1068 3781 permutationi
1092 3714 1252 3780 aromata,
1276 3715 1385 3782 patere

209 3807 295 3892 regis
315 3806 505 3874 Cidaeensis
525 3809 697 3873 amicitiam
720 3809 823 3874 affert.
847 3809 947 3875 Missi
971 3807 1029 3890 qui
1054 3811 1281 3892 explorarent,
1309 3831 1384 3875 cum

207 3917 299 4002 signa
327 3917 563 3998 convenirent,
597 3919 705 3983 eadem
736 3919 933 3985 renuntiant.
978 3919 1112 3983 Dicitur
1139 3919 1234 3984 etiam
1256 3939 1384 3986 summo

206 4049 263 4094 rex
291 4027 453 4094 desiderio
482 4027 585 4094 teneri
606 4027 880 4111 inspiciendarum
901 4029 1051 4106 navium,
1077 4048 1161 4109 quae
1180 4037 1382 4111 per'tantum

207 4140 304 4206 maris
324 4159 398 4206 suas
418 4140 549 4206 adoras
569 4139 754 4205 venissent:
779 4140 998 4224 gratissimum
1023 4154 1055 4204 et
1078 4140 1160 4205 hoc:
1185 4139 1385 4206 adornantur

208 4265 347 4332 cuncta,
380 4272 465 4334 quae
494 4265 526 4316 et
557 4271 617 4317 suo
643 4251 763 4336 gaudio
787 4266 820 4316 er
842 4251 927 4336 regis
959 4249 1120 4334 majestati
1154 4252 1382 4319 convenirent.

208 4360 378 4442 Apparent
409 4383 526 4444 pravae
560 4363 614 4446 (id
645 4362 779 4428 navium
813 4381 915 4448 genus
948 4363 1014 4447 est)
1045 4362 1236 4448 sexaginta,
1261 4362 1384 4444 quibus

207 4470 376 4572 sexaginta
406 4472 545 4558 singulis
577 4475 666 4541 baud
698 4474 806 4541 minus
837 4474 900 4540 viri
934 4473 1085 4556 inerant,
1121 4473 1231 4558 regius
1254 4489 1382 4540 utrum
