3552 5654
536 697 582 744 DE
606 696 701 764 June
726 694 910 742 Pannona.
935 696 1014 742 CAP.
1037 695 1116 743 vm.

294 850 341 917 Et
361 850 419 934 qui
442 851 635 934 respondet:

443 957 540 1044 Quod
555 983 619 1026 non
641 975 733 1031 aetat
757 960 829 1040 lea,
852 961 910 1026 boe
930 973 1023 1030 retas
1040 958 1120 1043 fieri
1137 958 1272 1045 pudor,

250 1092 317 1138 non
351 1071 429 1137 satis
460 1072 552 1139 dicit.
598 1073 700 1138 Vetat
722 1071 806 1137 enim
834 1071 897 1137 hoe
922 1073 975 1136 lex
1007 1086 1040 1137 et
1069 1070 1200 1152 quidem
1223 1070 1426 1137 sanctissima

250 1198 406 1264 naturae,
436 1203 519 1264 quae
550 1182 676 1249 homini
700 1181 830 1248 homine
862 1181 998 1266 prodige
1029 1182 1187 1248 utendum
1215 1196 1321 1268 negat.
1367 1183 1426 1248 Se·

250 1313 330 1360 neca
350 1301 381 1358 ¹:
406 1294 666 1380 aequibonique
688 1307 818 1359 natura
840 1307 984 1378 parcere
1014 1295 1115 1357 etiam
1150 1296 1294 1378 captiuis
1314 1294 1425 1378 jubet.

253 1405 387 1472 Hostem
412 1418 643 1491 pugnantem,
667 1402 777 1485 inquit
805 1403 980 1488 theologus
999 1399 1033 1484 ¹,
1057 1407 1232 1469 necessitas
1259 1404 1426 1492 deprimat

252 1536 316 1580 non
346 1515 512 1583 uoluntas.
558 1515 654 1580 Sicut
681 1512 823 1579 bellanti
856 1527 888 1579 et
919 1517 1089 1580 resistenti
1120 1514 1283 1583 uiolentia
1314 1516 1427 1584 reddi·

213 1697 222 1709 ‚
253 1641 336 1708 tur,
367 1629 420 1692 ita
449 1630 602 1696 uictoriis
628 1640 726 1713 capto
759 1625 993 1692 misericordia
1023 1625 1184 1708 debetur,
1214 1631 1360 1694 manime
1390 1631 1427 1692 in

253 1759 316 1824 quo
346 1741 442 1824 pacis
470 1738 687 1825 perturbatio
724 1758 788 1802 non
808 1740 960 1803 timetur.
1013 1737 1113 1803 Unde
1144 1752 1177 1802 et
1209 1737 1296 1822 apud
1327 1737 1428 1804 Euri·

253 1847 361 1940 pidem
392 1847 635 1933 Eurystheus·
654 1861 753 1933 negat
781 1866 880 1931 puras
912 1846 982 1914 fore
1015 1848 1086 1932 ejus
1119 1867 1258 1930 manus,
1283 1848 1341 1932 qui
1363 1849 1427 1933 ipsi

252 1979 321 2026 non
342 1973 506 2043 parceret,
519 1959 573 2024 cui
597 1958 675 2025 belli
698 1957 830 2026 fortuna
852 1958 1065 2042 pepercisset.
1111 1958 1238 2027 Eodem
1261 1959 1330 2028 fere
1353 1963 1427 2029 loco

253 2070 412 2156 agricolas
443 2069 555 2137 haberi
588 2069 764 2151 convenit,
796 2070 934 2136 inermes
966 2069 1091 2136 scilicet
1122 2085 1155 2136 et
1186 2071 1245 2153 qui
1279 2087 1428 2155 patentes

255 2201 387 2266 campos
423 2181 608 2247 inhabitant
647 2181 817 2264 paratique
851 2195 930 2247 sunt
962 2180 1060 2247 armis
1092 2181 1217 2254 cedere.
1273 2183 1360 2248 Nam
1393 2184 1427 2251 in

254 2293 337 2362 istos
368 2310 527 2376 quorsum
558 2292 745 2372 saeviatur,
773 2311 847 2357 curn
871 2311 940 2357 non
962 2291 1028 2357 sint
1050 2291 1128 2358 belli
1151 2279 1366 2377 mora‚'sed‚
1390 2309 1429 2364 ut
1518 2316 1520 2327 ·

252 2405 361 2472 Pollio
384 2403 533 2482 dicebat,
557 2403 675 2486 praeda
696 2401 860 2469 victoris?
892 2401 999 2469 Aliud
1021 2421 1098 2486 ergo
1122 2402 1204 2485 erit,
1227 2403 1255 2468 si
1279 2423 1345 2470 non
1368 2405 1428 2471 inr-

195 2538 199 2543 ’
255 2513 364 2598 pedite
397 2513 596 2598 agricultura
629 2513 741 2579 hostes
771 2513 984 2580 redderentur
1017 2511 1169 2581 fortiores
1200 2516 1225 2582 ⁴.
1269 2515 1315 2582 Et
1347 2517 1427 2582 haec

256 2605 389 2706 quidem
417 2622 457 2689 de
487 2622 629 2690 subditis
661 2625 766 2691 bonae
789 2623 890 2707 fidei,
913 2627 977 2690 hoc
1000 2639 1049 2693 est
1072 2624 1130 2708 qui
1153 2628 1283 2709 culpam
1305 2630 1427 2694 nullam

256 2733 436 2816 admisere,
469 2733 555 2800 dicta
586 2749 696 2802 sunto.
750 2735 909 2820 Sapiens,
942 2750 981 2800 ut
1014 2736 1102 2818 apud
1133 2736 1287 2803 Senecam
1316 2739 1329 2775 ⁸
1356 2754 1428 2823 est,
1514 2817 1516 2824 y

255 2848 360 2912 borres
389 2847 534 2920 dimittit
562 2844 690 2928 salros,
714 2846 898 2934 aliquando
917 2850 1018 2912 etiam
1038 2845 1216 2928 laudatas,
1240 2851 1270 2912 si
1287 2849 1430 2915 honestis

254 2962 386 3040 causis,
411 2973 476 3046 pra
503 2955 595 3041 βάν,
623 2973 688 3045 pro
713 2957 874 3042 foedere,
902 2972 967 3044 pro
991 2956 1150 3022 libertate
1170 2961 1207 3023 iu
1230 2958 1350 3024 bellum
1370 2983 1430 3037 aa·

254 3072 359 3136 cincti
390 3084 478 3138 sunt.
523 3069 610 3135 Nam
639 3084 794 3138 nocentes
825 3068 960 3136 omnino
991 3066 1150 3152 puniendi
1180 3084 1258 3137 sunt
1287 3090 1326 3137 ex
1358 3073 1430 3158 lege

256 3179 372 3263 quinta
391 3189 423 3246 ⁸:
455 3181 552 3266 cujus
583 3180 665 3266 legis
692 3180 748 3266 jus
778 3200 846 3248 non
876 3180 954 3246 item
980 3180 1066 3248 sicut
1089 3182 1232 3247 alterum·
1248 3181 1332 3249 illud
1354 3204 1428 3250 cum

255 3292 393 3360 victoria
416 3307 542 3374 cessat,
573 3291 665 3374 quod
687 3291 794 3360 cuivis
815 3294 915 3376 paulo
936 3311 1003 3358 rern
1026 3291 1171 3375 penitius
1193 3293 1430 3378 introspicienti

257 3417 357 3486 patet.
401 3402 460 3470 Isti
493 3402 595 3488 igitur
627 3403 723 3470 etiam
756 3424 891 3488 corpore
920 3422 1059 3488 poenam
1088 3404 1199 3472 subire
1229 3405 1370 3490 debent,
1400 3408 1430 3474 si

257 3514 356 3581 modo
375 3515 532 3582 delictum
553 3516 616 3580 tale
636 3515 835 3599 supplicium
857 3516 1035 3583 desiderat:
1060 3535 1125 3599 qua
1144 3515 1177 3582 in
1200 3537 1235 3584 re
1255 3536 1322 3585 non
1340 3519 1431 3587 aliud

258 3624 292 3691 in
322 3625 429 3704 bello,
460 3625 550 3692 aliud
575 3625 609 3691 in
629 3624 753 3693 forensi
773 3614 902 3712 judicio
920 3627 1128 3694 statuendum
1153 3642 1203 3694 est
1220 3629 1243 3694 ⁷.
1288 3627 1431 3716 Egregie

258 3734 541 3810 Plato-'hactenus
564 3735 598 3802 in
619 3737 707 3803 bello
730 3737 901 3804 dissidium
922 3740 1056 3821 probat,
1075 3742 1178 3824 μέχρις
1196 3737 1228 3807 οὗ
1247 3741 1284 3809 ἂν
1303 3745 1328 3810 oi
1348 3745 1431 3812 uiam

256 3851 478 3928 ἀναγκασθῶσιν
507 3851 562 3916 ὑπὸ
593 3857 649 3916 τῶν
673 3853 807 3917 ἐναντίων
833 3852 1002 3930 ἀλγούντων
1028 3853 1123 3917 δοῦναι
1150 3853 1238 3928 δίκην.
1269 3850 1382 3916 Donec
1404 3853 1433 3917 ir·

258 3961 318 4043 qui
340 3961 377 4022 in
399 3956 499 4043 culpa
514 3956 654 4041 fuerint
678 3970 845 4044 cogantur
868 3958 1119 4038 innocentibus,
1143 3963 1204 4044 qui
1219 3963 1352 4044 priores
1375 3962 1431 4028 da·

254 4068 328 4135 ¹iore
347 4067 462 4155 affecti
480 4080 582 4149 sunt,
607 4081 731 4154 poenas
760 4068 862 4134 luere.
883 4075 886 4080 '
909 4067 1078 4154 Gylippus
1099 4068 1133 4134 in
1154 4069 1300 4137 oratione
1320 4087 1432 4139 contra

265 4220 443 4234 *tn—*¹⁸*-

293 4311 301 4346 ¹
321 4314 445 4361 dealem.
464 4314 480 4359 Ι.
502 4325 523 4360 r.
542 4325 566 4361 c.
588 4315 625 4361 18.
659 4309 670 4344 ²
689 4315 794 4374 August.
812 4315 844 4363 ad
861 4313 946 4363 Bonis.
963 4329 1004 4376 ep.
1026 4329 1047 4364 1.
1064 4315 1156 4366 citatur
1173 4317 1200 4366 in
1218 4331 1241 4368 e.
1259 4317 1323 4368 noli.
1343 4320 1431 4382 [Decr.

260 4404 330 4452 Grat.
354 4416 379 4462 p.
405 4415 428 4450 e.
453 4415 494 4460 aa.
521 4415 542 4451 r.
567 4403 603 4465 3.]
639 4402 767 4454 ³Heracl.
793 4405 845 4467 [vs.
875 4418 947 4468 1009.
963 4405 1032 4470 sqq.]
1068 4405 1175 4456 ⁴Wilh.
1193 4411 1273 4458 Math.
1291 4409 1318 4458 in
1336 4425 1389 4472 req.
1408 4427 1431 4462 2.

259 4505 286 4553 p.
305 4506 328 4540 a.
362 4492 422 4542 ‘de
448 4496 521 4543 elem.
539 4497 557 4543 1.
578 4508 600 4544 r.
617 4508 641 4546 e.
659 4498 705 4545 ult.
739 4495 836 4547 ‘Vien
852 4509 878 4546 n.
894 4498 936 4558 46.
970 4494 1066 4548 ivios.
1083 4513 1108 4548 n.
1125 4511 1166 4560 47.
1200 4499 1261 4550 ⁸de
1287 4515 1340 4562 rep.
1363 4506 1381 4553 l.
1407 4517 1431 4565 z.

262 4583 301 4644 ir·
318 4595 377 4643 471·
393 4584 430 4644 ἰν]
