3552 5654
536 691 583 738 oa
605 691 699 758 June
726 691 908 738 resenas.
933 691 1013 740 car.
1037 691 1087 740 xr.
1334 679 1394 761 169

222 848 371 931 praedam
391 845 485 930 copia
507 845 578 911 visa
599 860 648 910 est
667 846 835 927 sufficere,
859 859 1024 912 contemta
1045 845 1100 911 illa
1118 867 1203 928 quae
1227 847 1311 914 inter
1328 869 1395 915 me-

223 959 344 1026 diocris
364 957 521 1024 bonitatis
542 955 692 1024 homines
714 977 754 1022 ne
766 957 947 1026 hostilitate
959 958 1091 1040 quidem
1105 957 1233 1025 tollitur
1244 960 1396 1026 beneficii

221 1070 374 1137 memoria
406 1085 438 1134 et
469 1068 560 1134 taciti
592 1066 734 1134 foederis
758 1068 937 1153 religione,
961 1085 1060 1136 naves
1088 1088 1200 1134 omnes
1227 1070 1310 1135 nihil
1332 1073 1395 1136 tale

221 1180 420 1265 sperantium
441 1181 693 1262 comprehensae
712 1193 789 1245 sunt
807 1199 866 1262 per
884 1199 996 1245 omnes
1019 1178 1196 1262 Hispaniae
1218 1196 1333 1263 portus
1363 1197 1396 1249 et

221 1291 426 1358 Lusitaniam
440 1289 597 1369 maxime,
621 1310 702 1372 quas
715 1289 831 1356 deinde
843 1289 956 1356 llatavi
967 1289 1103 1358 summis
1115 1291 1228 1374 pretiis
1239 1291 1395 1358 redimere

222 1404 434 1487 cogebantur.
480 1401 574 1466 Gens
592 1420 765 1467 numerosa
784 1419 844 1466 nec
865 1400 929 1466 alio
950 1415 1043 1468 sueta
1063 1401 1175 1467 vivere
1197 1421 1292 1484 quam
1314 1422 1396 1466 mer·

223 1513 311 1577 cium
344 1511 525 1577 mutatione
557 1525 634 1594 post
663 1525 727 1576 tam
760 1510 875 1595 in'gens
909 1511 1139 1594 dispendium,
1164 1512 1255 1593 quod
1277 1513 1395 1578 multas

223 1623 345 1706 optime
364 1621 559 1687 constitutas
591 1622 707 1688 domos
728 1620 878 1687 funditus
898 1622 1037 1713 evertit,
1070 1622 1152 1704 quid
1183 1621 1303 1690 faceret
1331 1622 1394 1690 nisi

224 1748 261 1799 ut
289 1734 447 1817 jacturam
488 1731 585 1798 novis
626 1731 789 1797 mercandi
831 1732 1030 1799 utilitatibus
1060 1733 1216 1800 sarciret?
1272 1735 1394 1800 Allecti

223 1863 336 1910 rursus
370 1841 484 1907 Batavi
516 1843 627 1909 eadem
665 1842 821 1926 patientia
862 1858 958 1924 atque
990 1843 1084 1909 etiam
1115 1845 1289 1928 praemiis,
1325 1861 1394 1912 tuns

224 1955 301 2036 quia
321 1957 506 2024 recentibus
527 1953 597 2020 suis
618 1954 651 2018 in
674 1953 851 2020 Lusitanos
881 1953 1062 2020 benefactis
1090 1955 1299 2022 confidebant
1320 1971 1398 2039 post·

224 2067 359 2148 aliquod
387 2067 542 2148 temporis
572 2064 712 2147 spatium
737 2064 864 2129 easdem
885 2065 917 2128 in
939 2065 1070 2131 fraudes
1090 2067 1286 2133 inciderunt.
1330 2068 1396 2134 Ite·

224 2198 378 2259 rumque,
403 2178 587 2257 iterumque
601 2177 662 2240 boc
674 2175 812 2259 contigit
825 2176 958 2242 alterius
968 2176 1075 2260 gentis
1086 2176 1239 2259 perfidia,
1262 2178 1395 2242 alterius

224 2288 443 2369 simplicitate.
489 2286 654 2372 Egregius
676 2285 819 2366 denique
841 2285 906 2349 illis
929 2300 1110 2367 proventus
1130 2286 1207 2352 hinc
1227 2288 1394 2368 constitit,

224 2419 297 2465 cum
331 2397 462 2463 altemis
496 2397 590 2461 armis
624 2395 758 2462 insidias
792 2397 937 2460 locarent
971 2411 1003 2460 et
1036 2396 1164 2478 rapinas
1196 2412 1394 2464 exercerent.

225 2510 394 2575 Exhausto
414 2508 448 2572 in
473 2509 559 2572 bunc
582 2505 715 2582 modum
738 2504 869 2572 Batavia
894 2507 970 2589 (vix
993 2507 1078 2572 enim
1107 2507 1281 2590 quisquam
1305 2507 1395 2591 fuit,

224 2619 282 2702 qui
315 2638 380 2684 non
411 2619 486 2701 plus
518 2617 572 2682 isti
595 2615 771 2692 violentiae
795 2636 892 2697 quam
917 2618 1070 2684 omnibus
1089 2618 1266 2703 naufragiis
1286 2619 1395 2703 impu·

225 2732 348 2814 taret,)
372 2730 517 2795 nondum
542 2726 691 2794 aviditati
720 2742 776 2792 aut
795 2727 979 2817 crudelitati
998 2727 1167 2795 satisfecit.
1214 2730 1300 2794 Nam
1320 2744 1396 2812 post

224 2843 337 2926 longas
366 2838 527 2923 spoliandi
554 2838 662 2917 vices,
690 2857 763 2902 cum
790 2838 854 2922 Jam
883 2837 1057 2920 Philippus
1082 2840 1130 2904 Ill
1160 2859 1294 2924 regnum
1324 2861 1395 2907 sus·
1407 2854 1477 2901 Anno
1492 2857 1552 2911 1598.

224 2951 365 3034 cepisset
388 2966 420 3016 et
450 2949 652 3016 incredibilis
676 2949 783 3014 denuo
815 2948 993 3014 multitudo
1026 2949 1066 3014 ad
1088 2965 1263 3016 mercatum
1287 2951 1396 3017 allice-

224 3077 328 3141 retur,
348 3077 480 3144 accepta
499 3060 562 3127 fide
581 3059 714 3143 pubiica
734 3058 828 3146 liberi
848 3075 1048 3126 commeatus
1067 3062 1106 3127 ab
1127 3061 1317 3128 Archiduce
1334 3063 1396 3129 Al·

225 3173 340 3253 beno,
365 3191 449 3252 quae
471 3185 528 3236 aut
550 3191 616 3236 non
639 3186 706 3236 erat
728 3186 904 3252 revocata,
937 3185 994 3237 aut
1021 3186 1107 3238 certe
1131 3191 1197 3238 non
1221 3189 1394 3256 antequam

224 3281 374 3348 homines
405 3282 470 3365 jam
505 3281 584 3347 mari
626 3282 839 3347 adventantes
873 3283 994 3368 nullam
1037 3298 1179 3349 mutatae
1212 3286 1395 3352 voluntatis

224 3394 343 3458 habere
372 3407 523 3475 poterant
552 3392 724 3473 notitiam,
757 3408 889 3475 repente
919 3395 1056 3458 barbaro
1078 3409 1110 3458 et
1133 3398 1227 3477 plane
1258 3397 1394 3463 Mithri·

224 3504 331 3569 datico
365 3504 472 3570 edicto
504 3523 604 3568 naves
635 3523 823 3587 mercesque
853 3504 1060 3587 publicatae,
1090 3526 1225 3572 excussa
1248 3508 1393 3574 omnium

224 3614 411 3679 institorum
443 3614 633 3696 ratiocinia,
667 3615 817 3682 homines
838 3616 900 3698 ipsi
925 3617 1070 3700 (tantum
1095 3632 1145 3684 est
1166 3619 1287 3684 crimen
1317 3619 1395 3684 llis-

222 3725 318 3808 panis
348 3740 404 3790 aut
436 3725 590 3807 prodesse
622 3741 679 3790 aut
712 3725 830 3810 fidere)
864 3727 1025 3809 compacti
1049 3728 1081 3791 in
1106 3748 1287 3810 carcerem,
1311 3729 1394 3812 rapti

221 3836 264 3902 ad
293 3835 475 3918 supplicia,
510 3837 612 3900 multa
646 3835 746 3901 millia
780 3837 908 3902 addicta
941 3837 1050 3904 remis.
1098 3838 1142 3902 Et
1175 3857 1263 3904 nunc
1298 3840 1393 3904 etiam

222 3946 373 4012 homines
402 3945 514 4010 Batavi
550 3944 583 4008 in
613 3945 776 4010 classibus
808 3943 998 4029 Hispanicis
1028 3947 1148 4013 eisdem
1177 3949 1394 4030 compedibus

222 4057 346 4138 quibus
365 4055 473 4121 sicarii
493 4070 525 4119 et
543 4057 710 4135 latrones,
736 4055 916 4121 Christiani
936 4055 1019 4120 inter
1039 4056 1070 4121 T
1073 4077 1166 4123 urcas
1185 4073 1217 4122 et
1235 4057 1392 4142 Mauros,

222 4181 416 4234 mercatores
438 4166 501 4248 ipsi
523 4166 607 4231 inter
626 4166 747 4248 piratas
767 4165 870 4232 vincti
892 4181 1098 4250 tenerentur,
1122 4168 1186 4233 nisi
1207 4167 1393 4236 felicissima

221 4278 382 4342 libertatis
404 4278 496 4358 dies,
521 4298 587 4359 qua
610 4278 651 4343 ad
674 4278 882 4360 Neoportum
893 4295 1075 4364 pugnatum
1088 4295 1157 4362 est,
1183 4282 1392 4348 Franciscum

221 4390 417 4454 Mendozam
440 4391 645 4473 Arragonum
671 4389 917 4470 Admirantem,
942 4406 975 4454 et
984 4407 1063 4464 tunc
1076 4393 1163 4458 bello
1172 4393 1391 4476 praepositum

223 4501 256 4566 in
281 4519 396 4565 manus
407 4500 566 4566 dedisset:
592 4522 659 4582 quo
676 4501 813 4587 pignore
824 4503 956 4569 redemti
971 4503 1061 4571 cives
1074 4503 1202 4586 inedia,
1225 4505 1391 4588 vinculis,
1434 4491 1451 4526 x
