3536 5692
526 669 573 716 DE
596 670 690 735 JURE
716 669 902 716 PRAEDAE·
928 669 1010 716 CAP.
1034 669 1118 717 xm.
1346 669 1409 732 299

236 824 403 906 laborare,
429 825 473 890 ita
494 840 526 890 et
545 824 786 890 Hollandorum
807 823 978 889 laudabilis
998 823 1103 906 pietas
1122 823 1155 888 in
1167 844 1206 890 eo
1218 824 1404 907 adjuvando

236 935 312 1002 fuit.
368 937 441 1001 Nec
479 955 555 1002 sane
587 935 769 1017 quidquam
787 936 898 1020 'magis
929 936 1062 1002 interest
1091 955 1186 1001 verae
1216 936 1410 1020 religionis,

124 1065 133 1075 ·
238 1067 335 1130 quam
368 1047 458 1112 istud
488 1047 572 1111 lieri.
630 1047 789 1112 Servandi
829 1062 906 1113 sunt
937 1047 1111 1129 homiues,
1147 1067 1188 1112 nc
1220 1067 1294 1112 cum
1330 1047 1411 1131 ipsis

236 1159 294 1242 (ut
321 1158 431 1222 Patres
460 1157 625 1239 quondam
654 1158 895 1242 loquebantur)
925 1177 1000 1241 spes
1024 1157 1252 1243 exstinguatur
1275 1178 1412 1224 convec-

237 1269 351 1334 sionis.
399 1267 538 1333 Ostendi
564 1268 654 1335 Indis
683 1269 801 1350 debet,
831 1269 914 1350 quid
941 1271 985 1334 sit
1006 1289 1075 1336 esse
1096 1270 1346 1351 Christianum,
1370 1292 1412 1336 ne

236 1394 355 1464 putent
384 1378 590 1446 Christianos
623 1399 735 1446 omnes
756 1381 822 1452 hoc
841 1399 911 1446 esse
932 1381 1023 1463 quod
1044 1381 1222 1464 Hispanos.
1268 1381 1414 1448 Videant

237 1492 429 1577 religionem
452 1489 521 1560 sine
542 1491 749 1574 simulacris,
779 1507 993 1557 mercaturam
1015 1492 1085 1559 sinc
1105 1492 1301 1576 fraudibus,
1326 1513 1412 1558 arma

239 1604 309 1669 sine
336 1603 475 1688 injuriis.
530 1604 747 1670 Admirentur
784 1602 904 1686 fidem,
934 1624 1016 1686 quae
1045 1604 1168 1689 negligi
1197 1619 1287 1671 vetet
1315 1605 1411 1672 etiam

238 1715 396 1782 infideles,
449 1715 522 1780 Hoc
552 1715 613 1780 erit
641 1715 790 1782 homines
818 1717 891 1782 Deo
912 1735 1111 1800 praeparare.
1153 1716 1286 1800 Justum
1311 1717 1413 1801 igitur
1440 1745 1475 1789 E„
1501 1749 1570 1792 ,mr

238 1827 457 1909 undequaque
490 1827 611 1891 bellum
644 1842 676 1892 et
700 1827 830 1911 Jorensi
856 1843 889 1892 et
906 1848 966 1910 pro
983 1828 1113 1912 Jorensi
1134 1827 1308 1919 Hollandis
1328 1798 1475 1920 fuitffg‘x

238 1959 338 2022 quare
368 1939 457 2022 justa
487 1938 582 2004 etiam
610 1939 747 2020 praeda:
776 1940 871 2023 cujus
893 1939 1025 2021 quidem
1044 1941 1098 2023 jus
1118 1941 1258 2005 naturali
1277 1941 1350 2024 J'ure
1371 1939 1412 2004 ad
1425 1931 1474 1976 ΠΙ·

236 2071 341 2134 regem
362 2049 469 2133 ipsum
489 2050 698 2132 pertinebat,
723 2051 780 2115 sed
799 2065 831 2115 et
849 2071 925 2136 rege
946 2051 1145 2117 concedente
1170 2051 1410 2117 Hollandorum
1438 2083 1478 2128 E,
1499 2087 1569 2132 „mg

237 2162 307 2227 fieri
338 2161 457 2244 potuit.
502 2161 571 2226 Imo
600 2182 675 2226 cum
707 2161 877 2226 societatis
907 2162 1038 2227 Indicae
1067 2161 1230 2243 navibus,
1266 2163 1409 2246 ejusdem
1424 2137 1469 2235 ii
1488 2139 1570 2240 aiiii

238 2273 414 2355 impensis,
436 2273 583 2355 periculo
605 2271 700 2337 etiarn
718 2271 745 2336 si
759 2272 841 2353 quid
862 2273 997 2354 sequius
1010 2273 1205 2353 accidisset,
1231 2293 1410 2354 eorumque
1424 2254 1447 2290 ‘⁸
1475 2246 1495 2290 Ι·

1501 1880 1570 1924 concl·

1438 2323 1478 2368 Ex
1491 2327 1569 2372 coroll.

238 2405 335 2468 opera
367 2384 427 2465 qui
449 2383 483 2448 in
504 2383 687 2448 ministerio
720 2398 811 2448 erant
842 2382 1029 2465 societatis,
1051 2383 1119 2467 regi
1143 2383 1318 2448 militatum
1342 2384 1409 2465 sit,
1424 2389 1472 2438 ΜΡ·
1488 2380 1520 2425 Χ·

236 2498 327 2562 nulla
347 2493 502 2577 stipendii
521 2493 695 2577 pactione,
722 2494 903 2559 communis
923 2494 1002 2560 belli
1022 2495 1226 2560 consuetudo
1244 2496 1252 2528 ¹
1270 2496 1410 2562 naturali

238 2607 395 2689 aequitati
416 2620 631 2671 consentanea
649 2604 728 2671 satis
748 2605 890 2687 indicat,
911 2605 983 2688 ipso
1000 2607 1073 2689 jure
1093 2606 1244 2688 praedam
1257 2607 1410 2674 adsocie-

236 2733 335 2784 tatem
366 2717 548 2784 devenisse.
595 2717 697 2804 Quod
727 2737 806 2782 vero
828 2717 861 2783 in
880 2717 1036 2784 societate
1064 2717 1177 2783 Indica
1200 2719 1260 2783 hac
1279 2719 1411 2802 specie,

239 2830 324 2895 idem
353 2831 386 2895 in
416 2827 599 2894 Ordinibus
628 2828 694 2893 dici
722 2843 852 2911 potest,
886 2843 923 2893 ut
951 2829 1069 2894 horum
1095 2830 1215 2913 jussu,
1251 2850 1412 2896 excausa

238 2942 315 3008 belli
333 2941 505 3026 Jorensis,
529 2955 641 3006 sumtu
660 2939 851 3021 societatis,
876 2939 939 3023 ipsi
953 2940 1102 3005 societati
1124 2941 1241 3024 praeda
1266 2943 1412 3024 quaesita

239 3053 292 3120 sit.
337 3053 400 3118 Est
432 3067 538 3119 autem
569 3052 670 3136 hujus
699 3051 789 3117 tituli
821 3071 969 3133 eousque
1003 3053 1179 3134 approbata
1199 3053 1349 3137 justitia,
1375 3070 1412 3121 ut

239 3162 420 3232 doctores²
439 3165 512 3242 hoc,
524 3183 591 3229 uno
611 3163 748 3229 maxime
763 3164 951 3228 Romanum
970 3163 1141 3246 imperium
1168 3166 1411 3246 commendent,

239 3277 331 3359 quod
361 3275 526 3342 sociorum
558 3274 701 3341 tuitione
731 3295 770 3339 ex
790 3276 944 3341 hostibus
968 3275 1117 3342 creverit.
1163 3275 1289 3342 Eodem
1310 3278 1410 3345 titulo

239 3389 417 3454 Castellani
429 3387 774 3453 ³Talcalthidanorum
787 3386 869 3453 socii
882 3388 1037 3453 adversus
1050 3387 1244 3456 Mexicanos
1257 3404 1410 3472 utuntur,

239 3515 271 3567 et
292 3486 423 3584 ipsimet
441 3499 591 3565 Lusitani
614 3498 647 3564 in
668 3499 834 3583 plerisque
860 3499 971 3564 Indiae
991 3498 1083 3565 locis.

281 3611 419 3681 Peracto
443 3611 589 3677 examine
612 3611 863 3690 concludimus,
883 3610 952 3677 sive
971 3611 1135 3694 privatum
1156 3610 1238 3693 fuit,
1257 3613 1327 3679 sive
1347 3634 1409 3697 pu·

238 3723 380 3803 blicum,
414 3737 446 3787 ct
478 3722 648 3805 publicum
684 3722 817 3804 quidem
848 3736 905 3786 aut
937 3742 976 3786 ex
1003 3723 1125 3805 patriae
1152 3738 1209 3789 aut
1237 3744 1276 3789 ex
1297 3725 1409 3791 sociali

239 3854 356 3915 causa,
390 3848 459 3898 tum
491 3833 698 3915 Ordinibus,
729 3848 800 3899 turn
830 3834 934 3898 multo
966 3833 1070 3917 magis
1099 3834 1228 3899 Indicae
1259 3835 1408 3901 societati

238 3948 362 4012 bellum
395 3947 459 4010 hoc
492 3944 580 4010 omni
613 3965 652 4009 ex
674 3960 764 4028 parte
784 3946 910 4028 justum
934 3944 1055 4025 fuisse,
1084 3965 1152 4027 quo
1173 3945 1408 4013 Lusitanorum

239 4077 368 4123 caracca
396 4070 489 4138 capta
516 4070 566 4120 est
585 4075 660 4121 cum
680 4055 865 4138 mercibus,
890 4056 1060 4138 ipsamque
1080 4056 1267 4123 societatem
1289 4056 1407 4124 factam

239 4171 328 4236 omni
347 4171 420 4254 Jure
444 4169 514 4253 ejus
536 4168 674 4252 praedae
697 4168 870 4234 dominam.

274 4418 281 4450 ¹
299 4421 357 4483 Joh.
383 4421 485 4481 Lupus,
507 4421 539 4467 de
564 4419 632 4467 bello
660 4422 681 4477 §-
705 4418 727 4467 si
749 4419 814 4468 bene
838 4420 963 4468 advertas.
987 4430 1012 4467 et
1034 4419 1078 4467 alii
1096 4420 1195 4482 allegati
1218 4423 1250 4470 ad
1272 4424 1296 4471 d.
1317 4426 1409 4473 coroll.

238 4507 249 4540 ²
266 4511 356 4559 Thoan.
373 4512 405 4559 de
422 4510 509 4571 regim.
527 4510 610 4559 Princ.
625 4513 642 4558 l.
657 4523 680 4568 ³·
714 4508 726 4545 ⁸
743 4510 811 4559 Vict.
829 4511 874 4559 ubi
891 4524 967 4572 supra
986 4524 1011 4559 n.
1032 4522 1070 4568 17·
