<?xml version="1.0" encoding="UTF-8"?>
<!DOCTYPE html PUBLIC "-//W3C//DTD XHTML 1.0 Transitional//EN"
    "http://www.w3.org/TR/xhtml1/DTD/xhtml1-transitional.dtd">
<html xmlns="http://www.w3.org/1999/xhtml" xml:lang="en" lang="en">
 <head>
  <title>
</title>
<meta http-equiv="Content-Type" content="text/html;charset=utf-8" />
  <meta name='ocr-system' content='tesseract 3.04.00' />
  <meta name='ocr-capabilities' content='ocr_page ocr_carea ocr_par ocr_line ocrx_word'/>
</head>
<body>
  <div class='ocr_page' id='page_1' title='image "./ledroitdeprised00hamagoog_0340.png"; bbox 0 0 3536 5692; ppageno 0'>
   <div class='ocr_carea' id='block_1_1' title="bbox 363 654 1239 722">
    <p class='ocr_par' dir='ltr' id='par_1_1' title="bbox 363 654 1239 722">
     <span class='ocr_line' id='line_1_1' title="bbox 363 654 1239 722; baseline 0 -22"><span class='ocrx_word' id='word_1_1' title='bbox 363 655 425 717; x_wconf 78' lang='lat'>320</span> <span class='ocrx_word' id='word_1_2' title='bbox 674 657 719 702; x_wconf 82' lang='lat' dir='ltr'>DE</span> <span class='ocrx_word' id='word_1_3' title='bbox 742 657 836 722; x_wconf 82' lang='lat' dir='ltr'>JURE</span> <span class='ocrx_word' id='word_1_4' title='bbox 864 656 1047 702; x_wconf 81' lang='lat' dir='ltr'>PRAEDAE.</span> <span class='ocrx_word' id='word_1_5' title='bbox 1074 654 1153 701; x_wconf 84' lang='lat' dir='ltr'>CAP.</span> <span class='ocrx_word' id='word_1_6' title='bbox 1179 656 1239 700; x_wconf 87' lang='lat' dir='ltr'>XV.</span> 
     </span>
    </p>
   </div>
   <div class='ocr_carea' id='block_1_2' title="bbox 276 795 1613 4360">
    <p class='ocr_par' dir='ltr' id='par_1_2' title="bbox 276 795 1613 4360">
     <span class='ocr_line' id='line_1_2' title="bbox 362 795 1538 895; baseline 0.003 -21"><span class='ocrx_word' id='word_1_7' title='bbox 362 795 533 874; x_wconf 87' lang='lat' dir='ltr'>damnosas</span> <span class='ocrx_word' id='word_1_8' title='bbox 565 807 706 875; x_wconf 87' lang='lat' dir='ltr'>invicem</span> <span class='ocrx_word' id='word_1_9' title='bbox 740 824 772 876; x_wconf 91' lang='lat' dir='ltr'>et</span> <span class='ocrx_word' id='word_1_10' title='bbox 803 811 986 876; x_wconf 87' lang='lat' dir='ltr'>exitiabiles</span> <span class='ocrx_word' id='word_1_11' title='bbox 1020 810 1199 891; x_wconf 88' lang='lat' dir='ltr'>videbant,</span> <span class='ocrx_word' id='word_1_12' title='bbox 1232 810 1391 876; x_wconf 90' lang='lat' dir='ltr'>inunum</span> <span class='ocrx_word' id='word_1_13' title='bbox 1416 832 1538 895; x_wconf 91' lang='lat' dir='ltr'>corpus</span> 
     </span>
     <span class='ocr_line' id='line_1_3' title="bbox 360 921 1533 1006; baseline 0.004 -22"><span class='ocrx_word' id='word_1_14' title='bbox 360 935 530 1002; x_wconf 89' lang='lat' dir='ltr'>certasque</span> <span class='ocrx_word' id='word_1_15' title='bbox 553 922 641 1003; x_wconf 88' lang='lat' dir='ltr'>leges</span> <span class='ocrx_word' id='word_1_16' title='bbox 661 921 815 1005; x_wconf 83' lang='lat' dir='ltr'>juberent</span> <span class='ocrx_word' id='word_1_17' title='bbox 839 925 1043 1002; x_wconf 83' lang='lat' dir='ltr'><strong>coalescere,</strong></span> <span class='ocrx_word' id='word_1_18' title='bbox 1068 921 1181 987; x_wconf 90' lang='lat' dir='ltr'>multis</span> <span class='ocrx_word' id='word_1_19' title='bbox 1204 921 1338 1006; x_wconf 89' lang='lat' dir='ltr'>insuper</span> <span class='ocrx_word' id='word_1_20' title='bbox 1361 924 1533 989; x_wconf 86' lang='lat' dir='ltr'>beneficiis</span> 
     </span>
     <span class='ocr_line' id='line_1_4' title="bbox 362 1032 1542 1122; baseline 0.005 -26"><span class='ocrx_word' id='word_1_21' title='bbox 362 1032 491 1098; x_wconf 87' lang='lat' dir='ltr'>abunde</span> <span class='ocrx_word' id='word_1_22' title='bbox 514 1032 645 1114; x_wconf 89' lang='lat' dir='ltr'>testati,</span> <span class='ocrx_word' id='word_1_23' title='bbox 670 1053 767 1114; x_wconf 91' lang='lat' dir='ltr'>quam</span> <span class='ocrx_word' id='word_1_24' title='bbox 792 1035 855 1100; x_wconf 93' lang='lat' dir='ltr'>hoc</span> <span class='ocrx_word' id='word_1_25' title='bbox 879 1053 948 1100; x_wconf 89' lang='lat' dir='ltr'>esse</span> <span class='ocrx_word' id='word_1_26' title='bbox 973 1055 989 1098; x_wconf 93' lang='lat' dir='ltr'>e</span> <span class='ocrx_word' id='word_1_27' title='bbox 1013 1035 1181 1116; x_wconf 88' lang='lat' dir='ltr'>republica</span> <span class='ocrx_word' id='word_1_28' title='bbox 1201 1034 1396 1119; x_wconf 88' lang='lat' dir='ltr'>judicarent.</span> <span class='ocrx_word' id='word_1_29' title='bbox 1436 1036 1542 1122; x_wconf 90' lang='lat' dir='ltr'>Quod</span> 
     </span>
     <span class='ocr_line' id='line_1_5' title="bbox 363 1143 1539 1229; baseline 0.004 -21"><span class='ocrx_word' id='word_1_30' title='bbox 363 1165 437 1210; x_wconf 90' lang='lat' dir='ltr'>curn</span> <span class='ocrx_word' id='word_1_31' title='bbox 471 1143 652 1227; x_wconf 89' lang='lat' dir='ltr'>perfectum</span> <span class='ocrx_word' id='word_1_32' title='bbox 688 1159 737 1210; x_wconf 94' lang='lat' dir='ltr'>est</span> <span class='ocrx_word' id='word_1_33' title='bbox 770 1144 907 1228; x_wconf 85' lang='lat' dir='ltr'>(babuit</span> <span class='ocrx_word' id='word_1_34' title='bbox 930 1145 1015 1210; x_wconf 91' lang='lat' dir='ltr'>enim</span> <span class='ocrx_word' id='word_1_35' title='bbox 1039 1146 1132 1210; x_wconf 90' lang='lat' dir='ltr'>labor</span> <span class='ocrx_word' id='word_1_36' title='bbox 1154 1146 1215 1210; x_wconf 90' lang='lat' dir='ltr'>iste</span> <span class='ocrx_word' id='word_1_37' title='bbox 1238 1165 1305 1211; x_wconf 90' lang='lat' dir='ltr'>non</span> <span class='ocrx_word' id='word_1_38' title='bbox 1328 1167 1441 1229; x_wconf 91' lang='lat' dir='ltr'>parum</span> <span class='ocrx_word' id='word_1_39' title='bbox 1465 1168 1539 1213; x_wconf 92' lang='lat' dir='ltr'>mo-</span> 
     </span>
     <span class='ocr_line' id='line_1_6' title="bbox 364 1255 1540 1341; baseline 0.003 -21"><span class='ocrx_word' id='word_1_40' title='bbox 364 1255 549 1341; x_wconf 86' lang='lat' dir='ltr'>lestiarum)</span> <span class='ocrx_word' id='word_1_41' title='bbox 580 1275 675 1322; x_wconf 89' lang='lat' dir='ltr'>nemo</span> <span class='ocrx_word' id='word_1_42' title='bbox 705 1255 792 1337; x_wconf 86' lang='lat' dir='ltr'>fuit,</span> <span class='ocrx_word' id='word_1_43' title='bbox 818 1257 876 1338; x_wconf 93' lang='lat' dir='ltr'>qui</span> <span class='ocrx_word' id='word_1_44' title='bbox 900 1275 966 1321; x_wconf 92' lang='lat' dir='ltr'>non</span> <span class='ocrx_word' id='word_1_45' title='bbox 985 1256 1070 1340; x_wconf 88' lang='lat' dir='ltr'>jacta</span> <span class='ocrx_word' id='word_1_46' title='bbox 1096 1276 1165 1321; x_wconf 93' lang='lat' dir='ltr'>esse</span> <span class='ocrx_word' id='word_1_47' title='bbox 1187 1257 1366 1322; x_wconf 89' lang='lat' dir='ltr'>certissima</span> <span class='ocrx_word' id='word_1_48' title='bbox 1389 1257 1540 1324; x_wconf 86' lang='lat' dir='ltr'>fortunae</span> 
     </span>
     <span class='ocr_line' id='line_1_7' title="bbox 364 1366 1541 1451; baseline 0.003 -19"><span class='ocrx_word' id='word_1_49' title='bbox 364 1368 515 1451; x_wconf 88' lang='lat' dir='ltr'>publicae</span> <span class='ocrx_word' id='word_1_50' title='bbox 547 1366 758 1434; x_wconf 86' lang='lat' dir='ltr'>fundamenta</span> <span class='ocrx_word' id='word_1_51' title='bbox 792 1369 1002 1434; x_wconf 86' lang='lat' dir='ltr'>existimaret.</span> <span class='ocrx_word' id='word_1_52' title='bbox 1051 1368 1102 1434; x_wconf 86' lang='lat' dir='ltr'>Ex</span> <span class='ocrx_word' id='word_1_53' title='bbox 1137 1389 1174 1434; x_wconf 90' lang='lat' dir='ltr'>eo</span> <span class='ocrx_word' id='word_1_54' title='bbox 1210 1368 1283 1434; x_wconf 91' lang='lat' dir='ltr'>Indi</span> <span class='ocrx_word' id='word_1_55' title='bbox 1317 1389 1369 1435; x_wconf 90' lang='lat' dir='ltr'>res</span> <span class='ocrx_word' id='word_1_56' title='bbox 1404 1370 1541 1436; x_wconf 87' lang='lat' dir='ltr'>Batavas</span> 
     </span>
     <span class='ocr_line' id='line_1_8' title="bbox 364 1457 1539 1563; baseline 0.003 -19"><span class='ocrx_word' id='word_1_57' title='bbox 364 1457 539 1546; x_wconf 81' lang='lat' dir='ltr'>concordia</span> <span class='ocrx_word' id='word_1_58' title='bbox 563 1479 706 1547; x_wconf 87' lang='lat' dir='ltr'>firmatas</span> <span class='ocrx_word' id='word_1_59' title='bbox 730 1479 920 1563; x_wconf 89' lang='lat' dir='ltr'>suspicere,</span> <span class='ocrx_word' id='word_1_60' title='bbox 944 1481 1106 1563; x_wconf 88' lang='lat' dir='ltr'>trepidare</span> <span class='ocrx_word' id='word_1_61' title='bbox 1129 1481 1306 1562; x_wconf 85' lang='lat' dir='ltr'>Lusitani,</span> <span class='ocrx_word' id='word_1_62' title='bbox 1330 1481 1410 1546; x_wconf 91' lang='lat' dir='ltr'>aliae</span> <span class='ocrx_word' id='word_1_63' title='bbox 1430 1497 1539 1548; x_wconf 87' lang='lat' dir='ltr'>autem</span> 
     </span>
     <span class='ocr_line' id='line_1_9' title="bbox 365 1591 1537 1675; baseline 0.004 -19"><span class='ocrx_word' id='word_1_64' title='bbox 365 1591 518 1674; x_wconf 85' lang='lat' dir='ltr'>Europae</span> <span class='ocrx_word' id='word_1_65' title='bbox 552 1607 663 1675; x_wconf 84' lang='lat' dir='ltr'>gentes</span> <span class='ocrx_word' id='word_1_66' title='bbox 696 1592 891 1657; x_wconf 87' lang='lat' dir='ltr'>Batavorum</span> <span class='ocrx_word' id='word_1_67' title='bbox 926 1607 957 1656; x_wconf 93' lang='lat' dir='ltr'>et</span> <span class='ocrx_word' id='word_1_68' title='bbox 986 1592 1065 1657; x_wconf 86' lang='lat' dir='ltr'>¹fidei</span> <span class='ocrx_word' id='word_1_69' title='bbox 1099 1608 1131 1659; x_wconf 90' lang='lat' dir='ltr'>et</span> <span class='ocrx_word' id='word_1_70' title='bbox 1161 1593 1387 1675; x_wconf 89' lang='lat' dir='ltr'>providentiae</span> <span class='ocrx_word' id='word_1_71' title='bbox 1411 1610 1537 1661; x_wconf 87' lang='lat' dir='ltr'>tantum</span> 
     </span>
     <span class='ocr_line' id='line_1_10' title="bbox 364 1703 1613 1788; baseline 0.006 -20"><span class='ocrx_word' id='word_1_72' title='bbox 364 1703 531 1783; x_wconf 83' lang='lat' dir='ltr'>tribuere,</span> <span class='ocrx_word' id='word_1_73' title='bbox 556 1718 594 1768; x_wconf 91' lang='lat' dir='ltr'>ut</span> <span class='ocrx_word' id='word_1_74' title='bbox 617 1703 817 1770; x_wconf 88' lang='lat' dir='ltr'>constitutae</span> <span class='ocrx_word' id='word_1_75' title='bbox 839 1705 903 1787; x_wconf 80' lang='lat' dir='ltr'>jam</span> <span class='ocrx_word' id='word_1_76' title='bbox 929 1718 1028 1785; x_wconf 90' lang='lat' dir='ltr'>atque</span> <span class='ocrx_word' id='word_1_77' title='bbox 1042 1704 1208 1771; x_wconf 88' lang='lat' dir='ltr'>ordinatae</span> <span class='ocrx_word' id='word_1_78' title='bbox 1221 1705 1368 1771; x_wconf 92' lang='lat' dir='ltr'>societati</span> <span class='ocrx_word' id='word_1_79' title='bbox 1385 1707 1539 1788; x_wconf 85' lang='lat' dir='ltr'>pecunias</span> <span class='ocrx_word' id='word_1_80' title='bbox 1608 1725 1613 1734; x_wconf 91' lang='grc'><strong>“</strong></span> 
     </span>
     <span class='ocr_line' id='line_1_11' title="bbox 365 1795 1537 1900; baseline 0.003 -21"><span class='ocrx_word' id='word_1_81' title='bbox 365 1815 496 1879; x_wconf 87' lang='lat' dir='ltr'>credere</span> <span class='ocrx_word' id='word_1_82' title='bbox 531 1815 688 1893; x_wconf 87' lang='lat' dir='ltr'>mallent,</span> <span class='ocrx_word' id='word_1_83' title='bbox 724 1836 822 1896; x_wconf 91' lang='lat' dir='ltr'>quam</span> <span class='ocrx_word' id='word_1_84' title='bbox 854 1835 912 1897; x_wconf 89' lang='lat' dir='ltr'>per</span> <span class='ocrx_word' id='word_1_85' title='bbox 946 1836 979 1880; x_wconf 87' lang='lat' dir='ltr'>se</span> <span class='ocrx_word' id='word_1_86' title='bbox 1015 1815 1112 1882; x_wconf 90' lang='lat' dir='ltr'>maris</span> <span class='ocrx_word' id='word_1_87' title='bbox 1145 1795 1312 1882; x_wconf 87' lang='lat' dir='ltr'>fortunam</span> <span class='ocrx_word' id='word_1_88' title='bbox 1347 1818 1537 1900; x_wconf 89' lang='lat' dir='ltr'>periclitari.</span> 
     </span>
     <span class='ocr_line' id='line_1_12' title="bbox 286 1925 1537 2012; baseline 0.006 -23"><span class='ocrx_word' id='word_1_89' title='bbox 286 1959 290 1966; x_wconf 91' lang='lat'><em>·</em></span> <span class='ocrx_word' id='word_1_90' title='bbox 366 1927 456 2009; x_wconf 89' lang='lat' dir='ltr'>Ergo</span> <span class='ocrx_word' id='word_1_91' title='bbox 481 1946 564 2006; x_wconf 87' lang='lat' dir='ltr'>quae</span> <span class='ocrx_word' id='word_1_92' title='bbox 588 1925 672 1990; x_wconf 86' lang='lat' dir='ltr'>intra</span> <span class='ocrx_word' id='word_1_93' title='bbox 696 1926 889 1992; x_wconf 87' lang='lat' dir='ltr'>decennium</span> <span class='ocrx_word' id='word_1_94' title='bbox 914 1927 1113 1992; x_wconf 88' lang='lat' dir='ltr'>florenorum</span> <span class='ocrx_word' id='word_1_95' title='bbox 1137 1928 1284 1994; x_wconf 90' lang='lat' dir='ltr'>millibus</span> <span class='ocrx_word' id='word_1_96' title='bbox 1308 1929 1416 1996; x_wconf 92' lang='lat' dir='ltr'>minus</span> <span class='ocrx_word' id='word_1_97' title='bbox 1433 1952 1537 2012; x_wconf 41' lang='lat' dir='ltr'>‘quam</span> 
     </span>
     <span class='ocr_line' id='line_1_13' title="bbox 364 2037 1538 2125; baseline 0.004 -24"><span class='ocrx_word' id='word_1_98' title='bbox 364 2037 519 2103; x_wconf 88' lang='lat' dir='ltr'>trecentis</span> <span class='ocrx_word' id='word_1_99' title='bbox 543 2037 695 2102; x_wconf 88' lang='lat' dir='ltr'>inchoata</span> <span class='ocrx_word' id='word_1_100' title='bbox 719 2037 826 2103; x_wconf 81' lang='lat' dir='ltr'>iuerat</span> <span class='ocrx_word' id='word_1_101' title='bbox 846 2038 1052 2124; x_wconf 89' lang='lat' dir='ltr'>negotiati0,</span> <span class='ocrx_word' id='word_1_102' title='bbox 1078 2040 1147 2124; x_wconf 85' lang='lat' dir='ltr'>ejus</span> <span class='ocrx_word' id='word_1_103' title='bbox 1170 2054 1239 2105; x_wconf 90' lang='lat' dir='ltr'>tum</span> <span class='ocrx_word' id='word_1_104' title='bbox 1262 2060 1332 2106; x_wconf 89' lang='lat' dir='ltr'>sors</span> <span class='ocrx_word' id='word_1_105' title='bbox 1353 2042 1394 2107; x_wconf 89' lang='lat' dir='ltr'>ad</span> <span class='ocrx_word' id='word_1_106' title='bbox 1414 2058 1538 2125; x_wconf 91' lang='lat' dir='ltr'>septem</span> 
     </span>
     <span class='ocr_line' id='line_1_14' title="bbox 366 2131 1540 2235; baseline 0.004 -23"><span class='ocrx_word' id='word_1_107' title='bbox 366 2148 469 2213; x_wconf 90' lang='lat' dir='ltr'>millia</span> <span class='ocrx_word' id='word_1_108' title='bbox 492 2147 611 2214; x_wconf 90' lang='lat' dir='ltr'>millies</span> <span class='ocrx_word' id='word_1_109' title='bbox 634 2131 814 2214; x_wconf 88' lang='lat' dir='ltr'>adscendit.</span> <span class='ocrx_word' id='word_1_110' title='bbox 862 2148 1007 2216; x_wconf 90' lang='lat' dir='ltr'>Tantum</span> <span class='ocrx_word' id='word_1_111' title='bbox 1029 2171 1108 2215; x_wconf 91' lang='lat' dir='ltr'>vero</span> <span class='ocrx_word' id='word_1_112' title='bbox 1128 2151 1305 2235; x_wconf 83' lang='lat' dir='ltr'>gaudium,</span> <span class='ocrx_word' id='word_1_113' title='bbox 1330 2168 1440 2219; x_wconf 88' lang='lat' dir='ltr'>tantus</span> <span class='ocrx_word' id='word_1_114' title='bbox 1459 2175 1540 2219; x_wconf 92' lang='lat' dir='ltr'>con-</span> 
     </span>
     <span class='ocr_line' id='line_1_15' title="bbox 365 2259 1539 2346; baseline 0.005 -20"><span class='ocrx_word' id='word_1_115' title='bbox 365 2279 484 2326; x_wconf 90' lang='lat' dir='ltr'>sensus</span> <span class='ocrx_word' id='word_1_116' title='bbox 519 2259 660 2325; x_wconf 89' lang='lat' dir='ltr'>laetitiae</span> <span class='ocrx_word' id='word_1_117' title='bbox 695 2259 782 2340; x_wconf 85' lang='lat' dir='ltr'>fuit,</span> <span class='ocrx_word' id='word_1_118' title='bbox 817 2275 855 2324; x_wconf 93' lang='lat' dir='ltr'>ut</span> <span class='ocrx_word' id='word_1_119' title='bbox 889 2277 1058 2344; x_wconf 89' lang='lat' dir='ltr'>appareret</span> <span class='ocrx_word' id='word_1_120' title='bbox 1091 2278 1178 2328; x_wconf 91' lang='lat' dir='ltr'>certa</span> <span class='ocrx_word' id='word_1_121' title='bbox 1211 2283 1268 2346; x_wconf 94' lang='lat' dir='ltr'>spe</span> <span class='ocrx_word' id='word_1_122' title='bbox 1301 2279 1399 2346; x_wconf 89' lang='lat' dir='ltr'>atque</span> <span class='ocrx_word' id='word_1_123' title='bbox 1430 2266 1539 2332; x_wconf 91' lang='lat' dir='ltr'>omine</span> 
     </span>
     <span class='ocr_line' id='line_1_16' title="bbox 363 2372 1539 2462; baseline 0.005 -26"><span class='ocrx_word' id='word_1_124' title='bbox 363 2386 531 2454; x_wconf 88' lang='lat' dir='ltr'>praecepta</span> <span class='ocrx_word' id='word_1_125' title='bbox 555 2390 625 2437; x_wconf 90' lang='lat' dir='ltr'>esse</span> <span class='ocrx_word' id='word_1_126' title='bbox 648 2372 841 2452; x_wconf 91' lang='lat' dir='ltr'>commoda,</span> <span class='ocrx_word' id='word_1_127' title='bbox 867 2394 951 2454; x_wconf 92' lang='lat' dir='ltr'>quae</span> <span class='ocrx_word' id='word_1_128' title='bbox 975 2373 1008 2438; x_wconf 93' lang='lat' dir='ltr'>in</span> <span class='ocrx_word' id='word_1_129' title='bbox 1033 2375 1225 2440; x_wconf 92' lang='lat' dir='ltr'>immensum</span> <span class='ocrx_word' id='word_1_130' title='bbox 1246 2377 1422 2457; x_wconf 89' lang='lat' dir='ltr'>quotannis</span> <span class='ocrx_word' id='word_1_131' title='bbox 1441 2398 1539 2462; x_wconf 92' lang='lat' dir='ltr'>auge·</span> 
     </span>
     <span class='ocr_line' id='line_1_17' title="bbox 364 2483 1581 2588; baseline 0.005 -40"><span class='ocrx_word' id='word_1_132' title='bbox 364 2500 487 2549; x_wconf 89' lang='lat' dir='ltr'>rentur.</span> <span class='ocrx_word' id='word_1_133' title='bbox 535 2483 580 2548; x_wconf 85' lang='lat' dir='ltr'>Et</span> <span class='ocrx_word' id='word_1_134' title='bbox 613 2498 773 2564; x_wconf 89' lang='lat' dir='ltr'>quantum</span> <span class='ocrx_word' id='word_1_135' title='bbox 806 2483 903 2550; x_wconf 93' lang='lat' dir='ltr'>etiam</span> <span class='ocrx_word' id='word_1_136' title='bbox 927 2506 1015 2550; x_wconf 91' lang='lat' dir='ltr'>nunc</span> <span class='ocrx_word' id='word_1_137' title='bbox 1041 2487 1270 2568; x_wconf 87' lang='lat' dir='ltr'>experimentis</span> <span class='ocrx_word' id='word_1_138' title='bbox 1293 2489 1425 2570; x_wconf 91' lang='lat' dir='ltr'>patuit,</span> <span class='ocrx_word' id='word_1_139' title='bbox 1451 2490 1540 2554; x_wconf 91' lang='lat' dir='ltr'>haud</span> <span class='ocrx_word' id='word_1_140' title='bbox 1568 2565 1581 2588; x_wconf 88' lang='lat'>.</span> 
     </span>
     <span class='ocr_line' id='line_1_18' title="bbox 364 2593 1537 2684; baseline 0.007 -25"><span class='ocrx_word' id='word_1_141' title='bbox 364 2615 445 2660; x_wconf 91' lang='lat' dir='ltr'>vana</span> <span class='ocrx_word' id='word_1_142' title='bbox 484 2593 564 2660; x_wconf 89' lang='lat' dir='ltr'>fuit.</span> <span class='ocrx_word' id='word_1_143' title='bbox 587 2595 648 2660; x_wconf 90' lang='lat' dir='ltr'>ista</span> <span class='ocrx_word' id='word_1_144' title='bbox 687 2594 820 2660; x_wconf 87' lang='lat' dir='ltr'>fiducia.</span> <span class='ocrx_word' id='word_1_145' title='bbox 870 2596 1078 2682; x_wconf 88' lang='lat' dir='ltr'>Quamquam</span> <span class='ocrx_word' id='word_1_146' title='bbox 1113 2612 1235 2664; x_wconf 92' lang='lat' dir='ltr'>restant</span> <span class='ocrx_word' id='word_1_147' title='bbox 1266 2601 1386 2684; x_wconf 88' lang='lat' dir='ltr'>majora</span> <span class='ocrx_word' id='word_1_148' title='bbox 1418 2604 1537 2667; x_wconf 91' lang='lat' dir='ltr'>mult0.</span> 
     </span>
     <span class='ocr_line' id='line_1_19' title="bbox 364 2705 1537 2788; baseline 0.006 -18"><span class='ocrx_word' id='word_1_149' title='bbox 364 2707 464 2771; x_wconf 88' lang='lat' dir='ltr'>Pauci</span> <span class='ocrx_word' id='word_1_150' title='bbox 488 2721 567 2772; x_wconf 91' lang='lat' dir='ltr'>sunt</span> <span class='ocrx_word' id='word_1_151' title='bbox 588 2705 693 2772; x_wconf 89' lang='lat' dir='ltr'>Indici</span> <span class='ocrx_word' id='word_1_152' title='bbox 717 2721 855 2788; x_wconf 91' lang='lat' dir='ltr'>portus,</span> <span class='ocrx_word' id='word_1_153' title='bbox 881 2707 941 2788; x_wconf 92' lang='lat' dir='ltr'>qui</span> <span class='ocrx_word' id='word_1_154' title='bbox 961 2710 1119 2775; x_wconf 92' lang='lat' dir='ltr'>hactenus</span> <span class='ocrx_word' id='word_1_155' title='bbox 1140 2710 1338 2777; x_wconf 89' lang='lat' dir='ltr'>invisuntur.</span> <span class='ocrx_word' id='word_1_156' title='bbox 1386 2713 1537 2779; x_wconf 90' lang='lat' dir='ltr'>Circum-</span> 
     </span>
     <span class='ocr_line' id='line_1_20' title="bbox 364 2816 1539 2909; baseline 0.008 -27"><span class='ocrx_word' id='word_1_157' title='bbox 364 2818 426 2906; x_wconf 84' lang='lat' dir='ltr'>sita</span> <span class='ocrx_word' id='word_1_158' title='bbox 458 2818 605 2899; x_wconf 88' lang='lat' dir='ltr'>undique</span> <span class='ocrx_word' id='word_1_159' title='bbox 636 2817 747 2883; x_wconf 86' lang='lat' dir='ltr'>littora</span> <span class='ocrx_word' id='word_1_160' title='bbox 780 2816 940 2884; x_wconf 87' lang='lat' dir='ltr'>invitant:</span> <span class='ocrx_word' id='word_1_161' title='bbox 974 2821 1138 2886; x_wconf 90' lang='lat' dir='ltr'>Arabicus</span> <span class='ocrx_word' id='word_1_162' title='bbox 1171 2823 1247 2887; x_wconf 93' lang='lat' dir='ltr'>hinc</span> <span class='ocrx_word' id='word_1_163' title='bbox 1277 2838 1310 2887; x_wconf 93' lang='lat' dir='ltr'>et</span> <span class='ocrx_word' id='word_1_164' title='bbox 1333 2824 1539 2909; x_wconf 89' lang='lat' dir='ltr'>Gangeticus</span> 
     </span>
     <span class='ocr_line' id='line_1_21' title="bbox 276 2929 1539 3020; baseline 0.007 -27"><span class='ocrx_word' id='word_1_165' title='bbox 276 3015 278 3020; x_wconf 23' lang='grc' dir='ltr'>Ι</span> <span class='ocrx_word' id='word_1_166' title='bbox 365 2929 479 2994; x_wconf 91' lang='lat' dir='ltr'>oceani</span> <span class='ocrx_word' id='word_1_167' title='bbox 513 2948 683 3009; x_wconf 85' lang='lat' dir='ltr'>recessus,</span> <span class='ocrx_word' id='word_1_168' title='bbox 717 2929 793 2995; x_wconf 93' lang='lat' dir='ltr'>inde</span> <span class='ocrx_word' id='word_1_169' title='bbox 817 2950 905 2997; x_wconf 91' lang='lat' dir='ltr'>novo</span> <span class='ocrx_word' id='word_1_170' title='bbox 930 2947 1094 3013; x_wconf 91' lang='lat' dir='ltr'>proventu</span> <span class='ocrx_word' id='word_1_171' title='bbox 1119 2932 1238 2998; x_wconf 92' lang='lat' dir='ltr'>divites</span> <span class='ocrx_word' id='word_1_172' title='bbox 1263 2935 1382 3015; x_wconf 88' lang='lat' dir='ltr'>Sinae,</span> <span class='ocrx_word' id='word_1_173' title='bbox 1406 2951 1445 3000; x_wconf 92' lang='lat' dir='ltr'>ut</span> <span class='ocrx_word' id='word_1_174' title='bbox 1467 2936 1539 3002; x_wconf 91' lang='lat' dir='ltr'>aliis</span> 
     </span>
     <span class='ocr_line' id='line_1_22' title="bbox 365 3041 1538 3132; baseline 0.005 -26"><span class='ocrx_word' id='word_1_175' title='bbox 365 3057 463 3123; x_wconf 93' lang='lat' dir='ltr'>atque</span> <span class='ocrx_word' id='word_1_176' title='bbox 482 3041 556 3107; x_wconf 90' lang='lat' dir='ltr'>aliis</span> <span class='ocrx_word' id='word_1_177' title='bbox 573 3041 713 3108; x_wconf 92' lang='lat' dir='ltr'>subinde</span> <span class='ocrx_word' id='word_1_178' title='bbox 733 3041 839 3107; x_wconf 92' lang='lat' dir='ltr'>allatis</span> <span class='ocrx_word' id='word_1_179' title='bbox 859 3043 1021 3109; x_wconf 92' lang='lat' dir='ltr'>mercibus</span> <span class='ocrx_word' id='word_1_180' title='bbox 1042 3044 1123 3109; x_wconf 86' lang='lat' dir='ltr'>et-in</span> <span class='ocrx_word' id='word_1_181' title='bbox 1141 3046 1373 3114; x_wconf 90' lang='lat' dir='ltr'>remotissimas</span> <span class='ocrx_word' id='word_1_182' title='bbox 1390 3047 1538 3132; x_wconf 83' lang='lat' dir='ltr'>regiones</span> 
     </span>
     <span class='ocr_line' id='line_1_23' title="bbox 366 3153 1538 3236; baseline 0.004 -18"><span class='ocrx_word' id='word_1_183' title='bbox 366 3153 551 3218; x_wconf 89' lang='lat' dir='ltr'>distributis</span> <span class='ocrx_word' id='word_1_184' title='bbox 583 3153 729 3236; x_wconf 90' lang='lat' dir='ltr'>priorum</span> <span class='ocrx_word' id='word_1_185' title='bbox 761 3153 865 3236; x_wconf 88' lang='lat' dir='ltr'>pretia</span> <span class='ocrx_word' id='word_1_186' title='bbox 897 3153 1130 3221; x_wconf 88' lang='lat' dir='ltr'>sustineantur.</span> <span class='ocrx_word' id='word_1_187' title='bbox 1177 3157 1340 3225; x_wconf 91' lang='lat' dir='ltr'>Videmus</span> <span class='ocrx_word' id='word_1_188' title='bbox 1363 3159 1538 3225; x_wconf 90' lang='lat' dir='ltr'>Castellani</span> 
     </span>
     <span class='ocr_line' id='line_1_24' title="bbox 365 3262 1540 3353; baseline 0.008 -24"><span class='ocrx_word' id='word_1_189' title='bbox 365 3285 401 3329; x_wconf 93' lang='lat' dir='ltr'>ae</span> <span class='ocrx_word' id='word_1_190' title='bbox 424 3262 577 3329; x_wconf 93' lang='lat' dir='ltr'>Lusitani</span> <span class='ocrx_word' id='word_1_191' title='bbox 611 3285 676 3346; x_wconf 90' lang='lat' dir='ltr'>qua</span> <span class='ocrx_word' id='word_1_192' title='bbox 708 3285 746 3328; x_wconf 88' lang='lat' dir='ltr'>ex</span> <span class='ocrx_word' id='word_1_193' title='bbox 779 3280 968 3348; x_wconf 87' lang='lat' dir='ltr'>paupertate</span> <span class='ocrx_word' id='word_1_194' title='bbox 1001 3288 1068 3348; x_wconf 92' lang='lat' dir='ltr'>quo</span> <span class='ocrx_word' id='word_1_195' title='bbox 1092 3288 1194 3350; x_wconf 92' lang='lat' dir='ltr'>opum</span> <span class='ocrx_word' id='word_1_196' title='bbox 1216 3271 1444 3353; x_wconf 89' lang='lat' dir='ltr'>processerint.</span> <span class='ocrx_word' id='word_1_197' title='bbox 1491 3274 1540 3338; x_wconf 89' lang='lat' dir='ltr'>At</span> 
     </span>
     <span class='ocr_line' id='line_1_25' title="bbox 367 3376 1539 3465; baseline 0.007 -25"><span class='ocrx_word' id='word_1_198' title='bbox 367 3376 532 3457; x_wconf 90' lang='lat' dir='ltr'>quondam</span> <span class='ocrx_word' id='word_1_199' title='bbox 556 3377 643 3458; x_wconf 91' lang='lat' dir='ltr'>apud</span> <span class='ocrx_word' id='word_1_200' title='bbox 667 3376 741 3441; x_wconf 93' lang='lat' dir='ltr'>illos</span> <span class='ocrx_word' id='word_1_201' title='bbox 766 3392 840 3442; x_wconf 92' lang='lat' dir='ltr'>ante</span> <span class='ocrx_word' id='word_1_202' title='bbox 853 3377 1082 3444; x_wconf 88' lang='lat' dir='ltr'>transmarinas</span> <span class='ocrx_word' id='word_1_203' title='bbox 1094 3379 1320 3464; x_wconf 88' lang='lat' dir='ltr'>navigationes</span> <span class='ocrx_word' id='word_1_204' title='bbox 1333 3383 1389 3448; x_wconf 87' lang='lat' dir='ltr'>vix</span> <span class='ocrx_word' id='word_1_205' title='bbox 1400 3385 1539 3465; x_wconf 87' lang='lat' dir='ltr'>pecunia</span> 
     </span>
     <span class='ocr_line' id='line_1_26' title="bbox 366 3487 1538 3578; baseline 0.009 -26"><span class='ocrx_word' id='word_1_206' title='bbox 366 3488 406 3553; x_wconf 90' lang='lat' dir='ltr'>ad</span> <span class='ocrx_word' id='word_1_207' title='bbox 428 3487 547 3570; x_wconf 92' lang='lat' dir='ltr'>primas</span> <span class='ocrx_word' id='word_1_208' title='bbox 559 3508 658 3554; x_wconf 92' lang='lat' dir='ltr'>naves</span> <span class='ocrx_word' id='word_1_209' title='bbox 671 3488 877 3554; x_wconf 90' lang='lat' dir='ltr'>instruendas</span> <span class='ocrx_word' id='word_1_210' title='bbox 890 3509 908 3552; x_wconf 89' lang='lat' dir='ltr'>a</span> <span class='ocrx_word' id='word_1_211' title='bbox 920 3489 1053 3574; x_wconf 90' lang='lat' dir='ltr'>regibus</span> <span class='ocrx_word' id='word_1_212' title='bbox 1066 3492 1192 3556; x_wconf 92' lang='lat' dir='ltr'>corradi</span> <span class='ocrx_word' id='word_1_213' title='bbox 1206 3495 1339 3575; x_wconf 92' lang='lat' dir='ltr'>potuit,</span> <span class='ocrx_word' id='word_1_214' title='bbox 1364 3512 1538 3578; x_wconf 90' lang='lat' dir='ltr'>manetque</span> 
     </span>
     <span class='ocr_line' id='line_1_27' title="bbox 365 3599 1539 3689; baseline 0.009 -25"><span class='ocrx_word' id='word_1_215' title='bbox 365 3619 453 3665; x_wconf 91' lang='lat' dir='ltr'>nune</span> <span class='ocrx_word' id='word_1_216' title='bbox 473 3600 568 3665; x_wconf 91' lang='lat' dir='ltr'>etiam</span> <span class='ocrx_word' id='word_1_217' title='bbox 588 3599 709 3666; x_wconf 86' lang='lat' dir='ltr'>veteris</span> <span class='ocrx_word' id='word_1_218' title='bbox 728 3599 857 3683; x_wconf 91' lang='lat' dir='ltr'>inopiae</span> <span class='ocrx_word' id='word_1_219' title='bbox 877 3600 1006 3684; x_wconf 90' lang='lat' dir='ltr'>signum</span> <span class='ocrx_word' id='word_1_220' title='bbox 1026 3603 1216 3669; x_wconf 92' lang='lat' dir='ltr'>numerandi</span> <span class='ocrx_word' id='word_1_221' title='bbox 1236 3607 1319 3670; x_wconf 90' lang='lat' dir='ltr'>ratio</span> <span class='ocrx_word' id='word_1_222' title='bbox 1338 3627 1396 3689; x_wconf 92' lang='lat' dir='ltr'>per</span> <span class='ocrx_word' id='word_1_223' title='bbox 1415 3608 1539 3674; x_wconf 88' lang='lat' dir='ltr'>minuta</span> 
     </span>
     <span class='ocr_line' id='line_1_28' title="bbox 367 3711 1538 3802; baseline 0.007 -26"><span class='ocrx_word' id='word_1_224' title='bbox 367 3732 447 3776; x_wconf 87' lang='lat' dir='ltr'>aera.</span> <span class='ocrx_word' id='word_1_225' title='bbox 495 3712 604 3778; x_wconf 91' lang='lat' dir='ltr'>Hodie</span> <span class='ocrx_word' id='word_1_226' title='bbox 627 3732 707 3778; x_wconf 86' lang='lat' dir='ltr'>vero</span> <span class='ocrx_word' id='word_1_227' title='bbox 730 3711 801 3779; x_wconf 90' lang='lat' dir='ltr'>sive</span> <span class='ocrx_word' id='word_1_228' title='bbox 825 3712 913 3778; x_wconf 91' lang='lat' dir='ltr'>domi</span> <span class='ocrx_word' id='word_1_229' title='bbox 934 3713 1022 3796; x_wconf 90' lang='lat' dir='ltr'>ipsos</span> <span class='ocrx_word' id='word_1_230' title='bbox 1042 3715 1256 3797; x_wconf 84' lang='lat' dir='ltr'>respicimus,</span> <span class='ocrx_word' id='word_1_231' title='bbox 1282 3718 1405 3784; x_wconf 90' lang='lat' dir='ltr'>sivein</span> <span class='ocrx_word' id='word_1_232' title='bbox 1426 3740 1538 3802; x_wconf 90' lang='lat' dir='ltr'>super-</span> 
     </span>
     <span class='ocr_line' id='line_1_29' title="bbox 366 3824 1539 3922; baseline 0.005 -32"><span class='ocrx_word' id='word_1_233' title='bbox 366 3824 510 3890; x_wconf 92' lang='lat' dir='ltr'>bissimis</span> <span class='ocrx_word' id='word_1_234' title='bbox 533 3824 696 3904; x_wconf 89' lang='lat' dir='ltr'>coloniis,</span> <span class='ocrx_word' id='word_1_235' title='bbox 730 3844 811 3905; x_wconf 91' lang='lat' dir='ltr'>quas</span> <span class='ocrx_word' id='word_1_236' title='bbox 839 3837 946 3889; x_wconf 91' lang='lat' dir='ltr'>totum</span> <span class='ocrx_word' id='word_1_237' title='bbox 970 3846 1028 3907; x_wconf 91' lang='lat' dir='ltr'>per</span> <span class='ocrx_word' id='word_1_238' title='bbox 1051 3828 1162 3892; x_wconf 86' lang='lat' dir='ltr'>orbern</span> <span class='ocrx_word' id='word_1_239' title='bbox 1186 3827 1402 3911; x_wconf 89' lang='lat' dir='ltr'>dimiserunt,</span> <span class='ocrx_word' id='word_1_240' title='bbox 1425 3831 1461 3922; x_wconf 90' lang='lat' dir='ltr'>in</span> <span class='ocrx_word' id='word_1_241' title='bbox 1482 3832 1539 3896; x_wconf 92' lang='lat' dir='ltr'>ha-</span> 
     </span>
     <span class='ocr_line' id='line_1_30' title="bbox 358 3935 1540 4025; baseline 0.007 -25"><span class='ocrx_word' id='word_1_242' title='bbox 358 3935 523 4002; x_wconf 88' lang='lat' dir='ltr'>bitatione</span> <span class='ocrx_word' id='word_1_243' title='bbox 557 3951 587 4000; x_wconf 93' lang='lat' dir='ltr'>et</span> <span class='ocrx_word' id='word_1_244' title='bbox 620 3935 822 4018; x_wconf 89' lang='lat' dir='ltr'>supellectile</span> <span class='ocrx_word' id='word_1_245' title='bbox 853 3950 885 4000; x_wconf 94' lang='lat' dir='ltr'>et</span> <span class='ocrx_word' id='word_1_246' title='bbox 913 3938 1005 4002; x_wconf 89' lang='lat' dir='ltr'>cultu</span> <span class='ocrx_word' id='word_1_247' title='bbox 1029 3952 1061 4002; x_wconf 92' lang='lat' dir='ltr'>et</span> <span class='ocrx_word' id='word_1_248' title='bbox 1084 3939 1220 4004; x_wconf 86' lang='lat' dir='ltr'>servitio</span> <span class='ocrx_word' id='word_1_249' title='bbox 1245 3941 1271 4005; x_wconf 93' lang='lat' dir='ltr'>is</span> <span class='ocrx_word' id='word_1_250' title='bbox 1296 3961 1362 4007; x_wconf 92' lang='lat' dir='ltr'>non</span> <span class='ocrx_word' id='word_1_251' title='bbox 1386 3943 1540 4025; x_wconf 90' lang='lat' dir='ltr'>splendor</span> 
     </span>
     <span class='ocr_line' id='line_1_31' title="bbox 367 4046 1539 4136; baseline 0.005 -23"><span class='ocrx_word' id='word_1_252' title='bbox 367 4063 494 4113; x_wconf 89' lang='lat' dir='ltr'>tantum</span> <span class='ocrx_word' id='word_1_253' title='bbox 527 4063 559 4112; x_wconf 93' lang='lat' dir='ltr'>et</span> <span class='ocrx_word' id='word_1_254' title='bbox 591 4048 771 4131; x_wconf 83' lang='lat' dir='ltr'>elegantia,</span> <span class='ocrx_word' id='word_1_255' title='bbox 804 4046 861 4112; x_wconf 93' lang='lat' dir='ltr'>sed</span> <span class='ocrx_word' id='word_1_256' title='bbox 893 4049 992 4114; x_wconf 86' lang='lat' dir='ltr'>luxus</span> <span class='ocrx_word' id='word_1_257' title='bbox 1026 4064 1097 4136; x_wconf 82' lang='lat' dir='ltr'>est,</span> <span class='ocrx_word' id='word_1_258' title='bbox 1130 4065 1168 4116; x_wconf 91' lang='lat' dir='ltr'>ut</span> <span class='ocrx_word' id='word_1_259' title='bbox 1200 4073 1277 4118; x_wconf 91' lang='lat' dir='ltr'>vere</span> <span class='ocrx_word' id='word_1_260' title='bbox 1309 4053 1373 4118; x_wconf 89' lang='lat' dir='ltr'>diei</span> <span class='ocrx_word' id='word_1_261' title='bbox 1406 4054 1445 4119; x_wconf 92' lang='lat' dir='ltr'>de</span> <span class='ocrx_word' id='word_1_262' title='bbox 1475 4055 1539 4120; x_wconf 94' lang='lat' dir='ltr'>illis</span> 
     </span>
     <span class='ocr_line' id='line_1_32' title="bbox 371 4157 1542 4250; baseline 0.006 -25"><span class='ocrx_word' id='word_1_263' title='bbox 371 4161 498 4243; x_wconf 93' lang='lat' dir='ltr'>possit,</span> <span class='ocrx_word' id='word_1_264' title='bbox 533 4159 625 4242; x_wconf 91' lang='lat' dir='ltr'>quod</span> <span class='ocrx_word' id='word_1_265' title='bbox 657 4159 696 4224; x_wconf 91' lang='lat' dir='ltr'>de</span> <span class='ocrx_word' id='word_1_266' title='bbox 729 4157 844 4242; x_wconf 90' lang='lat' dir='ltr'>Tyriis</span> <span class='ocrx_word' id='word_1_267' title='bbox 878 4159 979 4241; x_wconf 86' lang='lat' dir='ltr'>olim,</span> <span class='ocrx_word' id='word_1_268' title='bbox 1012 4178 1209 4227; x_wconf 90' lang='lat' dir='ltr'>mercatores</span> <span class='ocrx_word' id='word_1_269' title='bbox 1241 4185 1351 4229; x_wconf 90' lang='lat' dir='ltr'>eorum</span> <span class='ocrx_word' id='word_1_270' title='bbox 1375 4167 1542 4250; x_wconf 90' lang='lat' dir='ltr'>Principes</span> 
     </span>
     <span class='ocr_line' id='line_1_33' title="bbox 370 4271 1539 4360; baseline 0.007 -23"><span class='ocrx_word' id='word_1_271' title='bbox 370 4271 476 4338; x_wconf 87' lang='lat' dir='ltr'>videri</span> <span class='ocrx_word' id='word_1_272' title='bbox 498 4275 519 4336; x_wconf 87' lang='lat'>¹.</span> <span class='ocrx_word' id='word_1_273' title='bbox 565 4273 678 4352; x_wconf 89' lang='lat' dir='ltr'>Atque</span> <span class='ocrx_word' id='word_1_274' title='bbox 698 4271 778 4336; x_wconf 88' lang='lat' dir='ltr'>adeo</span> <span class='ocrx_word' id='word_1_275' title='bbox 800 4291 905 4354; x_wconf 92' lang='lat' dir='ltr'>nuper</span> <span class='ocrx_word' id='word_1_276' title='bbox 927 4293 1000 4337; x_wconf 91' lang='lat' dir='ltr'>cum</span> <span class='ocrx_word' id='word_1_277' title='bbox 1021 4274 1138 4355; x_wconf 90' lang='lat' dir='ltr'>praeda</span> <span class='ocrx_word' id='word_1_278' title='bbox 1160 4277 1372 4345; x_wconf 88' lang='lat' dir='ltr'>navisistius</span> <span class='ocrx_word' id='word_1_279' title='bbox 1394 4278 1539 4360; x_wconf 82' lang='lat' dir='ltr'>veniret,</span> 
     </span>
    </p>
   </div>
   <div class='ocr_carea' id='block_1_3' title="bbox 405 4509 758 4572">
    <p class='ocr_par' dir='ltr' id='par_1_3' title="bbox 405 4509 758 4572">
     <span class='ocr_line' id='line_1_34' title="bbox 405 4509 758 4572; baseline -0.006 -15"><span class='ocrx_word' id='word_1_280' title='bbox 405 4509 411 4540; x_wconf 93' lang='lat'><strong>¹</strong></span> <span class='ocrx_word' id='word_1_281' title='bbox 432 4509 561 4572; x_wconf 89' lang='lat' dir='ltr'>Jeremias.</span> <span class='ocrx_word' id='word_1_282' title='bbox 579 4521 602 4557; x_wconf 90' lang='lat' dir='ltr'>c.</span> <span class='ocrx_word' id='word_1_283' title='bbox 622 4520 661 4564; x_wconf 81' lang='lat'>23.</span> <span class='ocrx_word' id='word_1_284' title='bbox 679 4521 717 4556; x_wconf 84' lang='lat' dir='ltr'>vs.</span> <span class='ocrx_word' id='word_1_285' title='bbox 736 4511 758 4555; x_wconf 91' lang='lat'>8.</span> 
     </span>
    </p>
   </div>
   <div class='ocr_carea' id='block_1_4' title="bbox 0 0 1773 5692">
    <p class='ocr_par' dir='ltr' id='par_1_4' title="bbox 0 0 1773 5692">
     <span class='ocr_line' id='line_1_35' title="bbox 0 0 1773 5692; baseline 0 0"><span class='ocrx_word' id='word_1_286' title='bbox 0 0 1773 5692; x_wconf 95' lang='lat' dir='ltr'> </span> 
     </span>
    </p>
   </div>
  </div>
 </body>
</html>
