3546 5654
346 616 408 690 238
644 631 689 678 oo
713 629 807 696 June
834 631 1219 677 PRAEDAE.CAP.x11.

345 805 409 849 esse
431 788 603 869 opinione,
635 800 672 851 ut
694 807 805 851 eorum
830 806 892 850 rex
912 787 965 849 ita
986 789 1249 871 praescripserit
1270 792 1517 875 nauigationem

345 895 456 961 Indici
490 897 703 962 occidentalis
738 895 844 980 (forte
879 895 1080 980 orientalis.)
1122 898 1327 984 ejusdemque
1369 902 1520 967 uastissi·
1579 893 1582 896 ’

342 1010 388 1072 mi
417 1012 547 1088 maris,
570 1012 623 1074 ita
647 1023 685 1074 ut
715 1008 856 1093 reliquis
885 1007 1039 1094 ggntibus
1070 1029 1218 1093 aequora
1250 1009 1314 1074 illa
1348 1009 1518 1094 transfre-

343 1131 422 1184 tare
455 1140 518 1183 nan
553 1119 654 1184 liceat
686 1132 717 1184 et
738 1141 780 1184 eu
803 1123 994 1184 nostrismet
1014 1118 1175 1205 Hispanis
1198 1120 1319 1207 uulgus
1347 1126 1384 1185 in
1407 1121 1517 1186 eadem

343 1233 493 1314 opinione
516 1231 595 1313 fere
626 1250 691 1295 esse
715 1231 901 1309 uideatur,
923 1228 973 1294 ut
978 1244 1043 1315 per
1065 1233 1289 1297 vastissimum
1312 1236 1519 1298 immensam-

342 1361 404 1426 que
429 1355 568 1428 pontum
601 1342 648 1408 ad
677 1341 837 1407 Indorum
871 1345 1040 1428 regiones,
1070 1362 1154 1427 quas
1179 1347 1402 1428 potentissimi
1425 1365 1515 1430 reges

342 1455 450 1517 nostri
484 1453 729 1537 Hispaniarum
762 1453 986 1540 subegerunt,
1021 1453 1161 1538 reliquis
1194 1455 1390 1519 mortalium
1422 1460 1518 1522 nari·

338 1583 450 1648 gare,
477 1577 721 1648 praeterquam
755 1564 916 1649 Hispanis
940 1565 1002 1648 jus
1035 1568 1168 1630 minime
1198 1569 1266 1645 sit,
1290 1571 1389 1650 quasi
1411 1566 1453 1630 ab
1475 1569 1518 1630 iis

341 1675 380 1740 id
392 1675 453 1759 jus
470 1679 720 1760 praescriptum
737 1675 876 1760 fuerit,
900 1689 1011 1740 tamen
1034 1679 1177 1741 istorum
1206 1679 1347 1741 omnium
1372 1698 1435 1740 non
1458 1681 1518 1740 mi-

342 1807 404 1851 nus
426 1789 567 1850 insanae
589 1800 666 1850 sunt
690 1790 877 1873 opiniones,
902 1807 1002 1872 quam
1027 1807 1165 1868 eorum,
1189 1791 1249 1873 qui
1272 1787 1384 1872 quoad
1406 1786 1517 1852 Gena-

341 1917 428 1963 enses
460 1912 491 1962 et
516 1896 652 1962 Venetos
680 1901 717 1963 in
748 1898 854 1964 eodem
879 1897 958 1982 fere
989 1901 1109 1962 somnio
1137 1920 1201 1964 esse
1233 1898 1405 1978 adsolent,
1435 1919 1517 1983 quas

342 2012 522 2073 sententias
556 2011 701 2095 ineptire
730 2009 785 2076 rel
815 2031 855 2074 est
879 2030 912 2074 eo
936 2009 1118 2074 dilucidius
1142 2023 1304 2095 apparet,
1329 2011 1417 2095 quod
1436 2014 1520 2076 ista·

342 2140 418 2183 rum
442 2123 616 2184 nationum
640 2120 794 2208 singulae
824 2135 944 2185 contra
976 2142 1008 2185 se
1038 2124 1127 2205 ipsas
1155 2134 1320 2205 nequeunt
1346 2127 1517 2207 praescri·

344 2231 441 2310 bere,
465 2232 522 2296 boe
545 2245 592 2296 est
613 2251 676 2296 non
698 2231 885 2316 respublica
906 2230 1123 2296 Venetiarum
1144 2245 1264 2296 contra
1285 2237 1517 2318 semetipsam,

343 2364 407 2406 non
430 2342 616 2428 respublica
640 2341 861 2408 Genuensium
884 2355 1005 2406 contra
1025 2355 1122 2407 semet
1144 2346 1275 2429 ipsam,
1297 2365 1359 2408 non
1381 2365 1518 2431 regnum

343 2454 570 2539 Hispanorum
600 2467 720 2518 contra
753 2467 850 2519 semet
872 2457 1001 2539 ipsum,
1024 2475 1088 2518 non
1112 2474 1249 2539 regnum
1274 2453 1517 2523 Lusitanorum

342 2578 461 2629 eontra
496 2577 592 2630 semet
627 2568 732 2649 ipsum
759 2567 781 2629 ¹.
841 2564 923 2629 Esse
956 2568 1041 2630 enim
1076 2563 1167 2628 debet
1201 2563 1394 2650 differentia
1428 2571 1519 2632 inter

344 2689 493 2761 agentem
517 2689 548 2740 et
567 2678 751 2761 patientem
774 2673 963 2752 ².,Contra
985 2675 1135 2760 reliquas
1156 2695 1233 2742 uero
1253 2680 1402 2742 nationes
1415 2678 1519 2764 longo

342 2791 450 2852 minus
479 2787 711 2872 praescribere
738 2800 902 2872 possunt,
938 2790 1019 2872 quia
1038 2787 1099 2872 jus
1128 2789 1433 2871 praescriptionum
1468 2803 1515 2854 est

342 2919 430 2963 mere
447 2897 562 2976 ciuile,
586 2912 624 2962 ut
636 2898 716 2982 fuse
736 2898 934 2963 ostendimus
953 2913 1057 2983 supra
1068 2899 1091 2963 ⁸.
1116 2897 1211 2984 Ergo
1232 2897 1302 2962 tale
1314 2899 1375 2982 jus
1393 2913 1518 2980 cessat,

341 3031 414 3073 cum
446 3029 498 3073 res
527 3012 647 3094 agitur
677 3012 768 3073 inter
791 3002 965 3094 Principes
995 3009 1051 3076 uel
1068 3009 1205 3094 populos
1229 3014 1431 3096 superiorem
1455 3032 1518 3075 non
1615 3019 1616 3022 ’

343 3133 603 3206 recognoscentes
633 3123 669 3183 in
693 3119 942 3204 temporalibus.
985 3121 1081 3208 Jura
1107 3123 1191 3185 enim
1215 3142 1303 3186 mere
1321 3121 1439 3189 ciuilia
1462 3143 1518 3186 cu-

333 3233 522 3317 juscunque
544 3233 689 3317 regionis
708 3230 821 3316 quoad
837 3245 968 3296 exteros
981 3231 1138 3317 populos,
1167 3235 1315 3296 nationes
1341 3231 1395 3299 rel
1415 3235 1516 3296 etiam

343 3344 486 3408 homines
509 3341 657 3428 singulos
687 3363 750 3406 non
774 3346 880 3428 magis
904 3356 982 3407 sunt
1003 3342 1344 3422 inconsideratione,
1368 3347 1518 3426 quamsi

344 3472 463 3520 reuera
485 3474 549 3517 non
568 3466 647 3517 esset
669 3453 740 3518 tale
751 3454 813 3537 jus
833 3467 894 3518 ant
914 3474 1070 3539 umquam
1084 3454 1226 3538 fuisset,
1251 3468 1282 3519 et
1303 3453 1419 3538 adjus
1434 3474 1517 3518 eom·

344 3585 440 3630 mune
459 3567 610 3650 gentium
637 3567 849 3649 primaeoum
874 3565 928 3632 oel
948 3563 1183 3630 secundarium
1207 3564 1448 3630 recurrendum
1471 3577 1517 3630 est

343 3695 441 3760 eoque
477 3676 659 3757 utendum,
694 3697 756 3761 quo
776 3678 861 3763 jure
892 3677 993 3742 talem
1024 3680 1130 3742 maris
1156 3680 1455 3762 praescriptionem
1486 3689 1517 3740 et

345 3790 594 3873 usurpationem
630 3788 808 3853 admissam
842 3809 906 3852 non
930 3789 1040 3873 fuisse
1063 3792 1146 3854 satis
1178 3801 1320 3854 constat.
1369 3787 1462 3851 Nam
1486 3800 1517 3851 et

343 3899 438 3964 bodie
467 3919 545 3962 usus
569 3920 738 3984 aquarum
758 3903 937 3964 eommunis
960 3915 1032 3982 est,
1056 3921 1119 3965 non
1143 3883 1351 3984 secusquam
1373 3911 1448 3964 erat
1476 3897 1517 3961 ab

344 4013 473 4097 origine
505 4010 633 4076 mundi.
681 4011 777 4097 Ergo
810 4014 846 4076 in
879 4012 1078 4096 aequoribus
1111 4025 1143 4076 et
1175 4013 1273 4096 aquis
1305 4010 1434 4075 nullum
1458 4009 1517 4094 jas

347 4189 542 4198 m..—

378 4282 386 4314 ¹
406 4286 422 4331 l.
441 4283 562 4342 sequitur.
581 4286 603 4340 §-
620 4282 640 4329 si
660 4282 736 4330 viam.
754 4283 779 4329 ff.
799 4284 831 4330 de
848 4296 920 4332 usuc.
943 4282 986 4346 [D.
1004 4296 1045 4343 41.
1065 4295 1088 4339 3.
1104 4296 1128 4344 4.
1148 4287 1169 4340 §-
1187 4281 1241 4346 27.]
1259 4281 1329 4340 §.sic
1345 4281 1439 4341 itaque.
1458 4283 1517 4330 inst.

344 4376 375 4422 de
399 4373 552 4422 actionibus.
578 4372 609 4436 [1.
627 4386 651 4433 4.
675 4373 698 4420 6.
718 4377 739 4430 §-
760 4371 810 4436 14.]
848 4370 909 4420 ²Ut
935 4373 1011 4422 diesis
1029 4371 1126 4429 juribus
1143 4385 1167 4420 et
1186 4377 1202 4420 l.
1222 4387 1279 4421 cum
1299 4371 1363 4421 filio.
1380 4372 1423 4420 ubi
1440 4375 1517 4420 multa

344 4478 390 4523 per
403 4467 470 4512 Bart.
487 4476 511 4512 ct
527 4466 576 4525 Jas.
592 4463 617 4510 ss.
634 4465 665 4510 <lc
682 4465 730 4522 leg.
750 4477 770 4510 1.
805 4461 815 4491 ³
833 4475 903 4522 parte
921 4477 941 4510 1.
956 4464 982 4510 in
999 4462 1110 4522 princip.
1126 4476 1223 4524 quaest.
1240 4477 1263 4520 3.
1280 4477 1304 4511 et
1319 4477 1343 4524 4.
