3530 5656
407 664 428 726 4
485 677 495 700 a
723 661 769 708 oe
791 659 885 726 June
910 659 1099 708 insensu.
1122 661 1205 709 our.
1229 662 1255 708 1.

449 816 560 882 Multa
579 813 701 899 possim
723 816 870 896 exempla
899 811 1016 880 referre
1044 834 1175 896 eorum,
1195 815 1254 898 qui
1277 815 1371 883 istam
1396 818 1430 885 in
1450 831 1574 902 partem

406 941 635 1012 peccaverunt.
681 925 747 992 Sed
767 925 850 1009 quid
872 945 1004 992 necesse
1023 926 1100 992 esti
1125 926 1209 1014 Quis
1226 928 1312 996 enim
1323 929 1475 1013 dubitat,
1496 930 1576 1014 quin

407 1039 481 1122 pios
502 1059 538 1106 se
559 1054 591 1104 et
608 1040 768 1106 humanos
791 1037 933 1104 Hebraei
955 1037 1209 1124 arbitrarentur,
1234 1041 1327 1124 quod
1353 1042 1476 1110 nonin
1501 1043 1576 1108 Ma-

408 1150 545 1218 dianitas
557 1166 590 1216 et
612 1151 803 1217 Cananaeos
814 1149 856 1216 ad
865 1149 1118 1218 internecionem
1134 1151 1298 1218 saevirent
1310 1160 1318 1194 ¹
1332 1153 1349 1219 ‘l
1375 1153 1441 1220 Cui
1458 1154 1576 1240 ignota

407 1276 457 1328 est
478 1262 586 1333 Saulis
616 1262 650 1328 in
667 1282 774 1348 regem
796 1261 962 1330 devictum
985 1283 1136 1346 perversa
1158 1262 1382 1332 misericordia
1404 1264 1445 1331 ¹?
1478 1287 1574 1349 quam

406 1388 513 1440 tamen
538 1375 580 1441 ob
612 1394 679 1440 rem
703 1389 736 1440 et
757 1374 865 1440 hicet
886 1373 935 1440 illi
955 1374 1143 1457 reprehensi
1164 1375 1281 1442 acriter
1300 1389 1332 1442 et
1353 1377 1462 1459 puniti
1483 1393 1571 1444 suut.

406 1485 453 1551 Et
481 1506 522 1551 ne
555 1486 619 1552 hoc
651 1485 784 1568 quidem
811 1505 899 1553 nunc
929 1485 1054 1572 agitur,
1078 1487 1136 1554 sed
1160 1506 1201 1554 ne
1224 1485 1452 1570 relinquantur
1472 1495 1574 1573 penes

405 1598 533 1664 hostem
553 1597 661 1678 vires,
685 1597 807 1680 quibus
838 1597 1061 1666 innocentium
1094 1599 1127 1665 in
1162 1597 1300 1666 exitium
1320 1613 1441 1666 utatur.
1486 1600 1573 1667 Vere

405 1728 504 1788 sane,
535 1730 613 1777 vere
644 1729 790 1777 summus
822 1710 877 1776 ille
906 1711 1023 1778 doctor
1045 1709 1177 1793 pietatis
1200 1726 1233 1778 et
1258 1731 1386 1778 morum
1408 1712 1419 1747 ⁸
1442 1714 1574 1796 culpare

405 1822 527 1887 bellum
550 1822 927 1905 obincommoda,quae
950 1822 1026 1890 inde
1049 1836 1256 1906 sequuntur,
1279 1823 1374 1907 cujas
1398 1824 1525 1908 generis
1542 1840 1574 1890 et

405 1933 520 2001 caedes
542 1948 575 2000 et
595 1935 731 2017 praedae
751 1949 848 2018 sunt,
871 1934 1146 2022 timidorumgesse
1157 1933 1241 2002 dixit
1253 1941 1320 2001 non
1332 1934 1573 2022 religiosorum.

492 2045 591 2124 Hune
614 2049 726 2133 igitur
747 2059 910 2112 terrorem
933 2050 1039 2112 animi
1060 2046 1277 2131 tenebrasque
1296 2066 1418 2112 necesse
1440 2061 1486 2112 est

493 2156 572 2223 Non
595 2156 690 2224 radii
711 2158 787 2223 solis
810 2179 912 2244 neque
934 2158 1047 2225 lucida
1070 2157 1139 2224 tela
1161 2157 1228 2224 diei

489 2269 713 2352 Discutiunt,
736 2270 793 2336 sed
813 2285 961 2336 naturae
981 2272 1098 2357 speeies
1121 2271 1284 2354 ratioque.
1308 2267 1320 2303 ⁴

446 2381 581 2466 Proprie
604 2383 689 2449 enim
708 2383 793 2461 ista,
820 2383 855 2448 ni
873 2381 995 2464 fallor,
1018 2396 1133 2465 poetae
1160 2381 1260 2446 verba
1279 2382 1468 2464 usurpabo,
1496 2399 1572 2445 curn

402 2492 535 2560 omnino
559 2514 598 2559 ex
620 2495 691 2579 ipsa
709 2509 843 2562 naturae
865 2493 995 2579 specie,
1019 2513 1085 2562 non
1106 2491 1237 2558 aliunde
1260 2493 1480 2576 quaerendum
1505 2491 1571 2567 sit,

402 2621 562 2688 quantum
597 2607 689 2687 aliis,
723 2621 881 2691 quantum
902 2607 999 2674 nobis
1021 2606 1205 2673 debeamus,
1251 2606 1299 2672 Ita
1319 2606 1377 2672 fiet
1398 2621 1437 2671 ut
1458 2606 1572 2688 explo-

400 2734 471 2787 rato
499 2721 577 2787 belli
609 2740 645 2785 ac
680 2719 887 2805 potissimum
910 2719 1045 2804 praedae
1061 2719 1155 2804 jure,
1177 2717 1282 2783 omnis
1305 2737 1355 2783 res
1376 2717 1438 2783 ista
1459 2731 1568 2800 patere

400 2831 509 2900 cuivis
529 2833 653 2916 possit,
679 2833 737 2916 qui
760 2833 859 2900 modo
878 2852 976 2899 sensu
998 2829 1166 2898 communi
1183 2850 1250 2895 non
1272 2845 1389 2895 careat.

289 2951 386 3014 Aream·
445 2943 634 3027 Idunum,
658 2944 698 3011 de
720 2965 787 3028 quo
808 2944 997 3028 quaeritur,
1018 2944 1082 3008 tale
1103 2957 1163 3009 est.
1212 2942 1298 3006 Cum
1317 2942 1357 3008 ab
1370 2959 1454 3007 anno
1467 2959 1571 3021 usque

404 3063 487 3137 1595
524 3056 640 3122 missae
675 3057 715 3121 ab
750 3055 926 3122 Hollandis
960 3053 1180 3136 Zelandisque
1211 3052 1447 3118 mercatoribus
1471 3070 1571 3117 naves

401 3166 434 3232 in
467 3166 612 3234 diversas
640 3166 746 3233 Indici
778 3167 902 3233 Oceani
934 3167 1078 3245 insulas,
1111 3166 1151 3230 ab
1173 3165 1312 3248 imperio
1334 3163 1569 3229 Lusitanorum

399 3279 538 3358 liberas,
571 3279 839 3347 commerciorum
861 3280 963 3364 gratia
982 3278 1138 3359 itassent,
1160 3290 1278 3343 nautae
1299 3275 1411 3346 multis
1434 3293 1569 3343 suorum

399 3391 553 3458 caedibus
585 3392 719 3475 suisque
746 3391 894 3471 damnis,
927 3410 1010 3473 quae
1040 3409 1098 3473 per
1127 3387 1361 3455 Lusitanorum
1392 3385 1571 3452 calumnias

399 3519 456 3570 aut
479 3503 660 3572 emissarios
694 3503 947 3586 eorumdemque
969 3500 1138 3585 perfidiam
1163 3515 1195 3564 et
1216 3499 1284 3566 vim
1308 3497 1448 3581 denique
1480 3516 1570 3580 aper·

398 3632 462 3682 tam
503 3631 600 3700 atque
629 3631 802 3694 armatam,
836 3635 910 3681 cnm
944 3613 1007 3697 ipsi
1038 3628 1108 3679 tum
1142 3611 1249 3679 sociae
1284 3623 1395 3694 gentes
1429 3609 1570 3692 pertule-

398 3743 490 3808 rant,
514 3727 555 3794 ad
576 3727 735 3794 ultionem
759 3727 887 3792 tandem
911 3745 946 3793 se
969 3743 1195 3808 composuere.
1240 3723 1321 3788 Post
1341 3719 1468 3803 aliquot
1481 3719 1568 3786 edita

397 3840 551 3923 utrinque
571 3838 761 3906 hostilitatis
786 3841 932 3921 exempla
965 3856 1050 3903 anno
1077 3837 1159 3901 1602
1182 3833 1326 3916 accidit,
1356 3846 1394 3898 ut
1425 3833 1569 3917 Jacobus

397 3951 652 4020 Hemslre'rckius
695 3951 790 4018 classi
834 3948 1130 4017 Amstelodamensi
1161 3949 1239 4014 octo
1267 3944 1400 4012 navium
1423 3942 1569 4027 praefec-

429 4227 438 4260 ¹
455 4226 531 4274 Num.
552 4239 590 4288 19.
607 4235 648 4282 31.
660 4226 736 4273 Dent.
754 4235 779 4281 7.
798 4236 822 4272 a.
856 4220 868 4256 ²
884 4225 950 4270 Sam.
968 4235 990 4270 1.
1009 4231 1047 4277 rs.
1082 4219 1201 4268 Ambros.
1218 4221 1250 4268 de
1266 4217 1309 4269 off.
1325 4219 1343 4266 l.
1364 4231 1387 4266 1.
1402 4215 1493 4266 citatur
1507 4216 1533 4264 in
1544 4229 1568 4264 c.

395 4329 432 4367 est
449 4316 551 4375 injusta.
571 4315 652 4380 [Haec
664 4329 717 4370 non
734 4317 850 4376 leguntur
866 4313 893 4364 in
910 4312 977 4364 libro
995 4310 1126 4360 Ambrosii
1144 4312 1176 4359 de
1192 4309 1300 4372 officiis,
1316 4321 1405 4360 verum
1422 4306 1448 4356 in
1457 4319 1530 4356 serm.
1541 4307 1567 4352 8.

395 4410 426 4458 ad
441 4423 482 4470 ps.
501 4411 557 4458 118.
573 4421 613 4456 vs.
632 4421 656 4456 a.
673 4407 740 4456 Vide
761 4417 846 4456 annot.
864 4407 896 4454 ad
915 4405 992 4453 Decr.
1010 4404 1079 4452 Grat.
1096 4415 1122 4463 p.
1142 4415 1165 4450 a.
1184 4413 1224 4459 23.
1242 4415 1267 4463 4.
1292 4399 1345 4464 aa]
1382 4398 1393 4431 ⁸
1411 4402 1519 4459 August.
1542 4408 1566 4444 c.

394 4501 477 4550 Faust.
495 4499 608 4551 Manich.
620 4501 638 4546 1.
657 4511 697 4548 oa.
716 4512 739 4547 c.
757 4509 799 4558 74.
817 4497 908 4547 citatur
922 4495 948 4546 ln
964 4509 989 4545 c.
1006 4493 1069 4556 quid
1085 4485 1210 4554 culpatur.
1239 4491 1327 4556 [Dect.
1346 4493 1415 4540 Grat.
1434 4505 1461 4551 p.
1481 4503 1507 4538 u.
1526 4499 1568 4544 aa.

397 4604 420 4639 1.
437 4589 476 4656 4.]
512 4589 523 4622 ⁴
538 4592 659 4640 Lucreti.
676 4603 700 4639 a.
718 4587 770 4654 [vs.
787 4593 828 4646 58.
845 4587 915 4654 squ]
987 4599 989 4602 ’
