3558 5664
517 690 563 736 nn
586 692 679 756 June
707 691 889 740 runconia.
915 689 995 738 car.
1019 690 1085 740 xri.
1341 691 1402 753 243

224 845 304 928 Jure
324 845 469 930 gentium
491 848 555 910 hoc
578 845 802 912 introductum
827 862 876 912 est
900 862 937 914 ut
957 848 1085 912 cunctis
1104 845 1294 912 hominibus
1318 844 1403 909 inter

227 975 262 1022 se
294 956 394 1023 libera
426 972 511 1022 esset
542 956 732 1042 negotiandi
766 956 904 1024 facultas
927 967 962 1038 ¹,
997 977 1080 1040 quae
1104 977 1121 1023 a
1143 957 1270 1024 nemine
1294 956 1400 1040 possit

229 1068 337 1133 adimi.
384 1069 428 1133 Et
451 1069 515 1134 hoc
536 1069 625 1134 sicut
643 1083 720 1152 post
738 1069 959 1135 dominiorum
980 1069 1223 1136 distinctionem
1243 1067 1400 1134 continuo

227 1180 445 1245 necessarium
487 1177 576 1261 fuit,
620 1180 665 1246 ita
699 1181 857 1265 originem
898 1181 1002 1246 videri
1037 1196 1147 1264 potest
1180 1172 1398 1262 antiquiorem

229 1292 392 1358 habuisse.
449 1292 622 1359 Subtiliter
665 1293 749 1359 enim
789 1293 988 1359 Aristoteles
1018 1296 1029 1332 ¹
1060 1299 1282 1376 μεταβλητικὴ
1316 1291 1400 1358 dixit

229 1409 429 1488 ἀναπλήρωσιν
460 1416 511 1482 τῆς
543 1410 625 1474 κατὰ
655 1409 743 1492 Φύσιν
774 1409 968 1488 αὐταρκείας,
993 1405 1056 1469 hoc
1081 1419 1152 1483 est,
1177 1408 1401 1490 negotiatione

230 1516 379 1600 suppleri
410 1514 448 1580 id
477 1515 565 1599 qaod
587 1529 734 1579 naturae
756 1514 866 1596 deest,
890 1514 1135 1599 percommode
1159 1517 1305 1580 omnibus
1328 1515 1399 1600 suf·

226 1623 333 1705 ficiat.
381 1627 522 1709 Oportet
542 1627 644 1710 igitur
663 1646 868 1717 communem
890 1645 961 1692 esse
979 1627 1053 1710 jure
1075 1626 1221 1710 gentium
1244 1645 1310 1692 non
1329 1642 1399 1692 tan·

229 1752 299 1803 tum
331 1738 516 1820 privative,
550 1739 608 1804 sed
628 1753 659 1802 et
681 1736 824 1820 positive
844 1742 878 1818 ³,
912 1753 950 1803 ut
974 1727 1090 1802 dicunt
1122 1737 1296 1822 magistri,
1331 1738 1401 1804 sive

230 1849 427 1914 affirmative.
484 1850 579 1935 Quae
604 1864 720 1915 vautem
748 1849 806 1913 illo
829 1849 927 1914 modo
951 1865 1029 1914 sunt
1050 1849 1134 1934 juris
1158 1850 1304 1934 gentium
1328 1869 1400 1915 mu·

219 1959 290 2042 ,tari
312 1976 476 2043 possunt,
501 1979 585 2042 quae
607 1961 672 2026 hoc
694 1961 793 2026 modo
828 1982 894 2028 non
917 1977 1069 2045 possunt.
1116 1963 1155 2028 Id
1185 1961 1229 2028 ita
1262 1963 1401 2047 intelligi

229 2087 348 2155 potest.
404 2073 549 2139 Dederat
580 2087 694 2138 natura
728 2073 838 2138 omnia
872 2073 1047 2154 omnibus,
1075 2075 1134 2140 sed
1155 2091 1230 2140 cum
1254 2095 1271 2138 a
1292 2091 1400 2140 rerum

230 2187 404 2250 multarum
438 2204 524 2266 usu,
558 2202 641 2266 quas
668 2185 739 2250 vita
760 2185 921 2252 desiderat
943 2187 1107 2266 humana,
1131 2187 1278 2251 locorum
1302 2185 1401 2252 inter·

230 2298 318 2361 vallo
342 2297 492 2361 homines
516 2312 725 2378 arcerentur,
754 2297 833 2379 quia
856 2311 1014 2380 utsupra
1038 2296 1180 2362 diximus
1203 2313 1270 2362 non
1292 2299 1403 2362 omnia

232 2408 357 2489 ubique
389 2407 611 2490 proveniunt,
647 2427 731 2491 opus
763 2407 828 2474 fuit
859 2409 1070 2492 traiectione:
1103 2427 1162 2473 nec
1197 2409 1304 2474 adhuc
1325 2425 1404 2474 vera

233 2519 430 2600 permutatio
462 2535 550 2599 erat,
585 2519 641 2584 sed
673 2520 728 2585 alii
757 2520 904 2585 vicissim
928 2520 1026 2586 rebus
1050 2520 1137 2603 apud
1160 2521 1241 2584 alios
1266 2519 1403 2602 repertis

233 2649 294 2695 suo
326 2629 459 2696 arbitrio
492 2631 687 2695 utebantur:
720 2651 788 2712 quo
821 2630 888 2696 fere
921 2631 1019 2697 modo
1052 2631 1139 2714 apud
1163 2631 1259 2696 Seres
1282 2628 1404 2698 dicitur

232 2743 330 2808 rebus
353 2741 386 2806 in
410 2741 588 2807 solitudine
621 2742 744 2809 relictis
776 2745 846 2809 sola
876 2742 1073 2808 mutantium
1105 2743 1263 2826 religione
1292 2743 1404 2827 peragi

233 2853 462 2920 commercium
485 2857 511 2919 -⁴.
559 2853 624 2919 Sed
657 2875 731 2919 cum
756 2854 865 2921 statim
889 2875 940 2921 res
963 2854 1101 2920 mobiles
1125 2869 1325 2921 monstrante
1347 2869 1404 2920 ne·

232 2965 499 3047 cessitate‚quae
523 2965 620 3031 modo
645 2967 898 3048 explicatam,
923 2966 956 3030 in
978 2967 1032 3050 J'us
1056 2965 1224 3048 proprium
1258 2966 1405 3032 transiis-

234 3091 329 3156 sent,
362 3077 494 3142 inventa
525 3091 573 3143 est
603 3079 801 3160 permutatio
821 3077 856 3159 ⁵,
891 3097 956 3158 qua
990 3078 1081 3160 quod
1113 3079 1206 3144 alteri
1239 3079 1330 3143 deest
1365 3097 1404 3142 ex

235 3209 273 3253 eo
304 3189 395 3270 quod
428 3188 521 3254 alteri
552 3203 702 3270 superest
732 3191 950 3272 suppleretur.
1008 3189 1057 3254 Ita
1080 3189 1274 3283 commercia
1296 3189 1406 3254 victus

234 3301 335 3384 gratia
363 3300 496 3366 inventa
519 3321 559 3366 ex
583 3301 728 3367 Homero
760 3300 888 3366 Plinius
908 3298 920 3334 ⁶
938 3302 1067 3384 probat.
1114 3301 1292 3384 Postquam
1324 3319 1404 3366 vero

234 3431 284 3476 res
308 3412 403 3478 etiam
427 3411 610 3478 immobiles
634 3413 667 3477 in
689 3412 840 3479 dominos
865 3412 1025 3496 distingui
1050 3428 1251 3496 coeperunt,
1275 3413 1405 3479 sublata

233 3522 380 3605 undique
403 3523 589 3590 communio
613 3543 677 3590 non
699 3523 783 3590 inter
795 3525 943 3590 homines
956 3526 1103 3590 locorum
1115 3525 1230 3608 spatiis
1241 3525 1402 3590 discretos

234 3648 382 3717 tantum,
405 3645 518 3702 verum
542 3625 638 3702 eria'm
657 3636 742 3702 inter
761 3636 889 3702 vicinos
909 3637 1128 3704 necessariam
1146 3636 1229 3702 fecit
1247 3649 1405 3702 commer-

236 3748 341 3813 cium:
366 3747 456 3830 quod
479 3763 516 3812 ut
538 3747 669 3838 facilius
692 3748 882 3831 procederet
905 3769 1058 3813 nummus
1078 3763 1192 3830 postea
1211 3748 1408 3814 adinventus

236 3875 285 3926 est
302 3859 333 3924 ⁷:
358 3859 467 3925 dictus
490 3873 596 3924 autem
619 3865 678 3930 aial
700 3865 750 3928 τοὺ
772 3862 876 3942 νόμον,
902 3860 993 3941 quod
1014 3860 1202 3925 institutum
1225 3859 1267 3924 sit
1286 3859 1406 3924 civile:

236 3971 403 4054 antiquior
439 3971 524 4036 enim
552 3971 638 4036 inter
664 3969 753 4036 cives
783 3985 842 4036 est.
915 3970 990 4052 Ipsa
1016 3969 1118 4054 igitur
1145 3970 1229 4036 ratio
1257 3969 1405 4035 omnium

273 4267 317 4316 11.
341 4281 373 4318 ex
396 4270 448 4316 hoc
472 4266 536 4324 iure.
559 4268 584 4315 ff.
610 4269 641 4317 de
656 4265 716 4325 just
732 4279 757 4316 et
777 4265 842 4324 iure.
861 4265 905 4330 [D.
926 4281 947 4315 1.
968 4281 989 4318 ι.
1008 4267 1044 4330 5.]
1064 4279 1088 4315 et
1104 4267 1140 4314 ibi
1159 4268 1283 4316 Bartolus.
1318 4263 1364 4314 ²1.
1387 4279 1409 4313 ι.

240 4362 271 4408 de
288 4371 342 4420 rep.
360 4374 383 4409 c.
399 4375 423 4422 9.
443 4358 482 4422 [p.
500 4372 571 4418 12⁵7·
591 4369 613 4408 1.
627 4373 665 4409 vs.
685 4359 740 4424 ap]
768 4357 778 4391 ³
796 4375 822 4408 v.
841 4360 947 4408 Covarn
965 4360 991 4407 in
1006 4373 1030 4408 c.
1046 4371 1187 4420 peceatum.
1205 4363 1226 4418 ξ.
1246 4359 1269 4406 8.
1291 4355 1303 4388 ⁴
1320 4357 1409 4418 Pomp.

238 4451 351 4498 Metal.
369 4449 501 4514 a.[c.p.]
537 4451 582 4499 ⁶1.
599 4450 711 4500 uffide
728 4454 916 4500 contrement.
938 4449 981 4514 [D.
1000 4454 1039 4499 18.
1061 4450 1095 4511 r.]
1131 4449 1233 4508 ‘aaa
1253 4463 1275 4498 c.
1297 4464 1318 4498 1.
1354 4447 1408 4498 ⁷d.

239 4543 257 4588 l.
278 4555 299 4590 a.
318 4541 363 4604 [D.
385 4546 423 4592 18.
446 4543 482 4604 u]
1219 4609 1277 4672 16*
