3536 5692
506 679 552 724 os
576 680 669 746 June
696 679 880 724 ornemur.
905 679 984 724 cnr.
1010 679 1089 725 xnr.
1321 665 1382 741 283
1437 729 1439 740 ,

212 849 283 897 tuta
300 847 349 897 est
369 832 581 898 conscientia.
629 831 785 897 Omittam
803 831 1009 898 notissimum
1028 831 1165 897 Davidis
1182 834 1383 914 exemplum,

213 942 271 1024 qui
293 959 406 1009 contra
430 945 559 1010 Saiilem
583 962 617 1008 se
637 941 781 1008 defendit
804 958 836 1006 ct
859 943 993 1008 Lobnae
1015 942 1182 1021 civitatis,
1218 964 1302 1023 quae
1326 944 1385 1026 Jo-

212 1053 290 1118 rami
312 1073 345 1120 se
365 1038 465 1136 regno
487 1053 645 1118 subduxit
658 1055 680 1118 ¹.
705 1053 765 1116 ‘De
787 1053 978 1117 Abrahamo
1000 1053 1082 1132 quid
1105 1053 1241 1116 dicent?
1277 1054 1408 1134 Αρει·η

212 1162 336 1228 tissime
356 1176 494 1227 testatur
515 1161 627 1227 divina
648 1162 786 1227 historia
805 1183 940 1246 regnum
965 1163 1126 1235 Sodomae
1152 1179 1183 1229 et
1202 1163 1384 1228 vicinarum

214 1272 365 1351 urbium,
399 1293 473 1338 cum
495 1273 667 1337 duodecim
688 1293 872 1354 perannos
895 1275 957 1339 sub
981 1273 1104 1338 ditione
1124 1272 1265 1338 fuissent
1295 1273 1385 1338 Cho-

213 1383 388 1449 dorlomari
419 1383 633 1448 Elamitarum
665 1383 773 1466 regis,
804 1383 844 1447 ab
869 1383 1015 1467 ejusdem
1044 1383 1181 1465 imperio
1206 1383 1384 1462 defecisse,

213 1513 419 1575 quae-causa
442 1494 603 1560 Elamitae
626 1493 780 1559 movendi
811 1493 845 1559 in
876 1495 1051 1559 Sodomam
1073 1492 1149 1559 suit.
1195 1493 1257 1558 Vir
1285 1493 1387 1577 igitur

212 1605 439 1671 sanctissimus
460 1606 638 1671 rebellibus
658 1625 751 1688 opem
773 1606 876 1684 tulit,
909 1625 1017 1688 regem
1045 1599 1196 1670 subditos
1218 1623 1295 1670 suos
1313 1605 1386 1688 jure

212 1717 401 1798 punientem
432 1715 605 1798 impediit,
638 1715 668 1780 ei
700 1736 734 1782 se
768 1716 912 1796 denique
937 1717 1033 1780 bello
1061 1715 1262 1796 immiscuit,
1296 1715 1386 1796 quod

211 1827 301 1890 nulla
321 1846 418 1892 causa
440 1825 568 1892 defendi
591 1826 746 1908 poterat?
793 1827 850 1892 An
874 1825 958 1891 illud
979 1826 1129 1892 Thomae
1152 1824 1164 1859 ²
1182 1826 1294 1892 verius
1314 1841 1384 1906 est,

211 1956 286 2002 cum
319 1938 467 2020 tyrannis
495 1956 562 2002 non
590 1937 633 2004 sit
660 1937 786 2020 justum
809 1936 976 2022 regimen,
999 1937 1122 2020 quippe
1146 1938 1238 2018 quod
1258 1937 1299 2002 ad
1319 1937 1385 2019 pri-

211 2062 323 2113 vatum
345 2067 412 2113 non
433 2049 473 2112 ad
496 2047 665 2131 publicum
685 2051 808 2114 bonum
831 2049 1024 2128 ordinetur,
1045 2051 1116 2133 ejus
1142 2049 1384 2130 perturbatores

212 2157 293 2224 falso
317 2158 487 2224 seditionis
518 2158 725 2224 insimulari?
756 2159 859 2242 magis
892 2158 977 2223 enim
1009 2173 1182 2241 tyrannum
1205 2177 1276 2224 esse
1299 2159 1385 2224 sedi·

212 2268 358 2350 tiosum,
381 2268 438 2351 qui
461 2268 493 2332 in
520 2271 645 2351 populo
674 2268 737 2334 sibi
767 2269 918 2351 subjecto
942 2267 1124 2334 discordias
1146 2283 1178 2334 et
1206 2268 1384 2333 seditiones

212 2379 334 2458 nutrit,
356 2393 393 2444 ut
414 2379 520 2444 tutius
543 2379 702 2444 dominari
721 2378 849 2461 possit?
884 2377 1030 2461 Tyranni
1055 2393 1162 2444 autem
1185 2398 1303 2444 nomen
1318 2398 1383 2458 non

213 2489 279 2556 illis
297 2505 422 2554 tantum
444 2490 641 2569 convenire,
673 2489 731 2569 qui
755 2489 926 2570 imperium
947 2489 1010 2553 sibi
1032 2488 1214 2555 indebitum
1239 2489 1383 2571 pervim

212 2615 390 2684 usurpant,
415 2600 472 2666 sed
489 2614 521 2665 et
533 2600 590 2681 qui
602 2599 750 2684 legitimo
763 2599 900 2681 imperio
912 2621 969 2682 per
989 2599 1057 2665 vim
1075 2600 1302 2680 abutuntur³,
1319 2602 1383 2665 hoc

213 2727 261 2778 est
272 2712 331 2776 ubi
342 2710 461 2776 vitium
474 2725 523 2777 est
534 2731 601 2776 non
613 2731 653 2776 ex
664 2725 754 2792 parte
772 2711 881 2790 tituli,
894 2711 951 2776 sed
970 2731 1010 2775 ex
1026 2727 1114 2792 parte
1128 2711 1295 2790 exercitii,
1307 2732 1382 2794 pro-

214 2823 347 2888 batione
359 2842 425 2888 non
438 2822 573 2906 indiget.
602 2821 960 2888 Panormitanusetiam
974 2823 1013 2887 de
1025 2823 1112 2904 Papa
1134 2837 1165 2887 et
1185 2823 1383 2903 Imperatore

213 2933 333 3012 tradit,
366 2943 432 2997 non
446 2952 484 2997 eo
498 2932 570 3014 ipso
583 2934 674 3014 quod
694 2934 815 2998 bellum
828 2931 975 3012 faciunt,
1000 2932 1094 2998 etiam
1120 2911 1329 2998 inferioribus
1349 2932 1383 2996 id

213 3045 335 3109 bellum
354 3045 480 3128 justum
500 3043 628 3123 videri,
653 3065 727 3109 cum
742 3059 773 3108 et
786 3044 848 3126 ipsi
861 3063 994 3127 peccare
1006 3043 1157 3126 possint,
1181 3044 1238 3108 sed
1260 3042 1382 3124 requiri

113 3199 115 3202 -
213 3170 250 3219 ut
273 3173 370 3219 causa
392 3155 499 3220 subsit
518 3151 540 3219 ⁴.
585 3155 705 3236 Neque
736 3175 813 3238 ergo
846 3153 993 3220 dicemus
1016 3169 1136 3219 temere
1169 3154 1381 3238 rejiciendum

105 3243 109 3256 ”
213 3266 374 3348 Principis
398 3265 567 3348 imperium
589 3279 647 3330 aut
666 3281 785 3330 tantam
810 3266 850 3329 ad
866 3286 932 3330 rem
951 3265 1085 3346 quasvis
1104 3264 1238 3348 iniurias
1257 3265 1382 3330 suffice-

212 3377 338 3443 rezsed
350 3392 382 3441 et
394 3395 529 3456 omnes,
544 3375 601 3459 qui
623 3376 658 3441 id
680 3395 825 3456 unquam
846 3375 1016 3457 fecerunt,
1039 3375 1225 3440 rebellionis
1247 3375 1382 3442 crimine

212 3487 373 3571 obstringi
405 3501 593 3554 constanter
622 3487 806 3570 negandum
838 3501 896 3552 est.
953 3487 1038 3552 Sunt
1066 3486 1150 3551 enim
1175 3486 1382 3568 exceptiones
1394 3529 1464 3577 Nova
1478 3529 1515 3574 ἁ,

213 3598 362 3679 aliquot,
397 3618 533 3678 quarum
557 3597 612 3662 hic
636 3598 717 3662 duas
747 3597 974 3680 proponimus.
1020 3596 1114 3662 Prior
1144 3597 1206 3661 sit:
1253 3584 1503 3680 rempu·⁶¹⁶'⁰⁸¹'⁰·

209 3709 329 3773 blicam
354 3707 563 3787 universam,
599 3707 725 3772 etiamsi
748 3721 861 3790 posset
885 3708 996 3788 aliquo
1019 3708 1117 3772 modo
1142 3707 1175 3772 in
1197 3707 1380 3791 Principem

211 3838 366 3902 peccare,
399 3818 550 3882 rebellem
583 3833 690 3882 tamen
724 3817 788 3881 dici
820 3836 886 3882 non
920 3837 1015 3899 posse
1037 3823 1058 3881 ⁵.
1104 3816 1260 3899 Princeps
1296 3818 1381 3882 enim

213 3945 262 3996 est
293 3949 351 4012 per
383 3943 415 3992 et
446 3941 578 4010 propter
609 3927 865 4008 rempublicam,
897 3946 964 3992 non
1006 3927 1190 4008 respublica
1229 3948 1287 4010 per
1326 3943 1382 3992 aut

211 4055 345 4122 propter
376 4037 558 4123 Principem
587 4033 610 4103 ⁶.
661 4037 706 4101 Et
737 4036 811 4104 ideo
843 4036 1033 4104 rebellionis
1066 4037 1281 4117 damnantur,
1324 4037 1381 4119 qui

213 4193 407 4205 ....--—

247 4260 255 4291 ¹
274 4264 337 4308 Sam.
354 4261 400 4308 lib.
419 4273 440 4308 1.
458 4274 504 4320 per
519 4270 610 4307 totum.
630 4260 724 4306 Chron.
740 4272 762 4304 2.
777 4271 799 4305 c.
819 4271 858 4305 21.
875 4257 937 4305 Gen.
956 4271 994 4317 14.
1019 4254 1030 4288 ²
1048 4260 1145 4305 Summa
1159 4271 1181 4304 2.
1199 4272 1221 4305 2.
1236 4272 1277 4318 42.
1296 4270 1380 4306 aru-2.

214 4354 245 4400 ad
263 4351 374 4400 tertium.
407 4349 502 4398 'Baro
521 4351 552 4398 xin
566 4360 639 4398 tract.
657 4352 689 4398 de
706 4360 756 4409 tyr.
774 4362 800 4396 n.
818 4362 858 4406 27.
892 4347 903 4382 ⁴
921 4349 947 4396 in
968 4362 990 4396 c.
1004 4348 1075 4396 olim.
1090 4349 1120 4396 de
1135 4359 1194 4397 rest.
1212 4351 1277 4408 spol.
1292 4349 1381 4409 [Decr.

212 4443 282 4490 Grat.
300 4455 326 4501 p.
344 4455 367 4488 2.
386 4455 409 4488 2.
428 4453 466 4498 13.
487 4441 540 4502 ra]
560 4439 619 4490 silv.
637 4441 704 4489 inv.
722 4441 827 4488 bellum.
847 4453 868 4488 1.
884 4453 948 4500 n.4.
983 4438 1042 4485 ⁵V.
1055 4440 1130 4498 Vasq.
1145 4453 1168 4486 c.
1183 4442 1223 4487 82.
1236 4453 1261 4486 n.
1275 4440 1300 4488 6.
1316 4450 1341 4487 et
1356 4453 1381 4500 9.

211 4531 314 4591 ⁶Vasq.
332 4545 355 4579 c.
376 4545 397 4580 1.
413 4545 438 4580 n.
457 4545 495 4579 10.
