3546 5654
545 634 590 680 DE
615 635 708 700 June
734 634 917 681 PRAEDAE.
947 636 1026 681 CAP.
1053 636 1115 681 XII.
1352 638 1413 700 223

244 788 405 870 pediatur.
453 785 543 852 Ante
576 788 672 852 aedes
700 788 802 871 igitur
825 807 911 852 meas
935 803 993 854 aut
1015 787 1214 870 praetorium
1238 802 1276 852 ut
1298 788 1415 870 pIscari

245 897 385 980 aliquem
410 897 624 979 prohibeam,
648 913 841 980 usurpatum
866 899 998 979 quidem
1023 913 1095 977 est,
1120 897 1178 962 sed
1200 898 1293 962 nullo
1319 899 1414 981 jure:

244 1008 324 1074 adeo
348 1006 481 1089 quidern
503 1023 541 1073 ut
563 1008 728 1090 Ulpianus
749 1010 757 1042 ¹
777 1022 942 1074 contemta
966 1029 1002 1074 ea
1025 1007 1262 1090 usurpatione,
1287 1008 1316 1072 si
1340 1007 1416 1088 quis

244 1119 478 1203 prohibeatur,
501 1118 695 1203 injuriarum
719 1119 806 1183 dicat
825 1119 877 1202 agi
896 1107 1004 1201 posse.
1030 1119 1105 1183 Hoc
1125 1119 1304 1200 Imperator
1323 1119 1416 1182 Leo²

244 1230 362 1314 (cujus
392 1228 522 1313 legibus
552 1249 619 1294 non
650 1228 793 1314 utimur)
827 1244 940 1294 contra
970 1229 1054 1313 juris
1086 1228 1243 1293 rationem
1276 1228 1418 1292 mutavit

243 1339 418 1421 voluitque
449 1343 587 1424 πρόθυρα,
619 1340 683 1406 hoc
718 1354 770 1405 est
792 1339 957 1406 vestibula
980 1339 1165 1418 nraritInra,
1202 1358 1314 1404 eorunr
1346 1359 1416 1404 esse

244 1451 399 1535 propria,
424 1449 483 1532 qui
507 1469 594 1515 orarn
616 1450 802 1517 habitarent
821 1450 936 1531 ibique
958 1470 1013 1515 eos
1032 1453 1089 1536 jus
1109 1447 1257 1532 piscandi
1279 1449 1416 1514 habere:

246 1562 337 1644 quod
369 1575 475 1626 tamen
499 1560 541 1626 ite
566 1563 742 1643 procedere
773 1561 905 1643 voluit,
940 1575 978 1628 ut
1009 1561 1110 1643 septis
1145 1559 1342 1643 quibusdam
1366 1581 1417 1624 re·

245 1672 455 1753 moratoriis,
488 1691 570 1754 quas
596 1674 712 1757 ἐποχάς
736 1671 855 1738 Graeci
876 1687 1020 1753 vocant,
1046 1674 1139 1738 iocus
1163 1673 1218 1737 ille
1241 1691 1417 1753 occupare-

245 1799 300 1849 tur
319 1784 349 1847 ⁸:
374 1781 561 1850 existimans
584 1781 739 1848 nimirum
761 1803 827 1849 non
860 1781 956 1865 fore,
980 1798 1019 1849 ut
1046 1783 1122 1864 quis
1146 1782 1296 1866 exiguam
1320 1781 1416 1847 maris

243 1893 428 1977 portionem
452 1893 544 1959 alteri
567 1893 750 1975 invideret,
785 1893 845 1976 qui
869 1894 940 1976 ipse
964 1908 1035 1960 toto
1059 1893 1137 1959 mari
1161 1894 1203 1959 ad
1225 1893 1414 1975 piscandum

243 2003 480 2072 admitteretur.
528 2005 626 2069 Certe
654 2019 693 2070 ut
721 2004 797 2087 quis
825 2025 973 2090 magnam
1002 2004 1100 2070 maris
1120 2018 1267 2086 partem,
1292 2003 1416 2068 etiarnsi

244 2117 372 2198 possit,
403 2115 548 2199 publicis
579 2115 780 2181 utilitatibus
813 2115 952 2199 eripiat,
988 2135 1054 2181 non
1078 2114 1262 2180 tolerandae
1285 2129 1334 2180 est
1357 2115 1417 2178 inr-

244 2227 434 2309 probitatis:
467 2226 500 2290 in
534 2247 631 2307 quarn
659 2227 776 2292 merito
804 2226 856 2291 vir
885 2223 1018 2292 sanctus
1038 2224 1050 2260 ⁴
1071 2225 1250 2290 invehitur.
1295 2225 1416 2310 Spatia

246 2341 351 2402 maris
384 2337 447 2402 sibi
479 2336 655 2404 vindicant
678 2338 763 2422 jure
796 2340 979 2420 rrraacipii,
997 2339 1205 2420 pisciumque
1218 2337 1308 2420 jura
1331 2339 1417 2400 sicut

244 2447 525 2529 vernaculorum,
548 2446 735 2512 conditt'one
756 2447 820 2512 sibi
842 2450 974 2515 servitii
995 2446 1140 2532 subjecta
1151 2459 1415 2510 commemorant.

246 2559 335 2638 Iste,
359 2561 494 2644 inquit,
518 2562 610 2622 sinus
633 2561 738 2622 maris
762 2579 849 2622 meus
872 2571 943 2640 est,
967 2557 1025 2623 ille
1047 2558 1202 2623 alterius.
1246 2555 1417 2624 Dividunt

244 2667 403 2734 clementa
435 2670 499 2734 sibi
524 2681 684 2754 potentes.
729 2667 793 2732 Est
824 2667 926 2752 igitur
958 2689 1045 2733 mare
1077 2669 1111 2734 in
1140 2688 1275 2734 numero
1307 2687 1416 2733 earum

246 2799 376 2860 rerum,
401 2799 484 2860 quae
512 2779 546 2845 in
568 2778 764 2846 commercio
787 2798 854 2844 non
878 2794 978 2860 sunt,
1002 2781 1066 2845 hoe
1090 2793 1161 2858 est,
1185 2797 1269 2859 quae
1292 2777 1415 2860 proprii

243 2889 326 2975 juris
350 2890 420 2956 fieri
443 2909 508 2956 non
532 2905 673 2973 possunt
692 2895 714 2955 ⁵.
760 2889 880 2970 Unde,
904 2904 1039 2955 censent
1062 2889 1280 2968 eruditiores,
1305 2888 1416 2969 sequi-

246 3015 321 3081 tur,
353 3001 381 3066 si
414 3016 500 3067 recte
533 3017 565 3066 et
595 3001 727 3084 proprie
750 3002 945 3082 loquamur,
969 3003 1092 3068 nullam
1116 3001 1214 3066 marIs
1236 3015 1360 3083 partem
1384 2999 1417 3064 in

246 3111 412 3179 territorio
444 3113 559 3196 popuii
583 3113 725 3197 alicujus
750 3131 846 3194 posse
869 3111 1012 3176 censeri:
1037 3112 1130 3193 quod
1151 3111 1259 3194 ipsunr
1283 3111 1419 3178 Placen·

246 3223 336 3288 tinus
367 3223 507 3290 sensisse
538 3222 695 3303 videtur,
729 3243 804 3288 curn
838 3222 922 3288 dixit
951 3242 1037 3288 rnare
1060 3223 1105 3288 ita
1128 3241 1199 3288 esse
1222 3241 1416 3302 commune,

246 3349 284 3399 ut
307 3333 340 3398 in
362 3333 488 3399 nullius
512 3333 657 3401 dominio
682 3332 812 3400 sitnisi
835 3333 941 3400 solius
956 3332 1045 3414 Dei,
1069 3333 1418 3418 etJohannesFaber⁸

247 3465 321 3510 curu
344 3465 430 3510 rnare
454 3445 570 3512 asserit
592 3445 742 3510 relictum
766 3444 798 3510 in
823 3465 886 3511 suo
905 3446 977 3529 jure
999 3460 1032 3511 et
1052 3463 1122 3512 esse
1142 3445 1326 3528 primaevo,
1351 3465 1419 3526 quo

247 3555 355 3621 omnia
388 3570 478 3620 erant
505 3555 702 3622 communia.
748 3554 890 3638 Alioqui
913 3555 996 3623 nihii
1019 3555 1210 3636 differrent,
1235 3570 1420 3638 quaesunt

185 3658 187 3662 ’
248 3667 392 3733 omniunt
417 3667 625 3748 eornnrunia,
650 3667 690 3732 ab
713 3666 767 3732 his
790 3686 874 3748 quae
891 3667 1025 3749 publica
1037 3668 1168 3750 proprie
1181 3667 1358 3747 dicuntur,
1382 3681 1421 3732 ut

247 3798 332 3843 rnare
357 3798 374 3842 a
396 3777 542 3842 flumine.
589 3779 728 3842 Flumen
760 3778 906 3859 populus
938 3797 1098 3858 occupare
1131 3777 1265 3859 potuit,
1298 3792 1337 3842 ut
1370 3777 1419 3841 in·

247 3889 376 3954 clusum
400 3887 524 3952 finibus
548 3886 639 3968 suis,
663 3907 751 3952 mare
774 3905 840 3952 non
863 3886 984 3969 potuit.
1010 3886 1193 3953 Territoria
1216 3877 1323 3953 autent
1344 3902 1421 3952 sunt

283 4172 290 4204 ¹
310 4174 334 4220 d.
352 4175 369 4218 1.
387 4169 542 4227 injuriarum.
558 4173 579 4228 5.
598 4169 619 4217 si
638 4169 695 4229 quis
713 4183 761 4216 nte.
782 4168 825 4232 [D.
843 4181 885 4231 47.
906 4183 944 4218 10.
965 4182 1003 4226 13.
1022 4173 1044 4228 ξ.
1062 4167 1098 4232 7.]
1135 4165 1232 4216 ²Nov.
1249 4169 1289 4224 56.
1323 4167 1420 4218 3Νον.

248 4262 341 4310 Leonis
371 4275 424 4308 102.
453 4273 506 4318 103.
532 4275 586 4322 104.
611 4262 641 4307 V.
665 4261 751 4309 Cuiac.
777 4261 885 4309 Observ.
905 4263 923 4309 1.
950 4275 988 4322 14.
1016 4274 1036 4307 1.
1075 4258 1085 4290 ⁴
1108 4261 1229 4308 Hexacnr.
1250 4261 1267 4306 l.
1293 4272 1314 4314 5.
1339 4273 1361 4306 c.
1383 4273 1421 4307 10.

248 4351 379 4400 ⁵Doneil.
396 4354 414 4398 1.
432 4365 456 4412 4.
475 4366 497 4398 c.
521 4351 544 4398 6.
577 4351 638 4399 ⁶ad
660 4353 684 4400 d.
710 4355 732 4409 §-
756 4351 879 4400 littorum.
902 4353 961 4399 lust.
986 4352 1017 4398 de
1039 4363 1087 4398 rer.
1111 4350 1164 4399 div.
1189 4350 1222 4411 [I.
1247 4364 1270 4398 α.
1296 4363 1316 4397 1.
1338 4333 1367 4408 5.¹
1384 4351 1419 4412 5.]

250 4443 323 4491 Adde
342 4443 390 4489 Dd.
409 4441 434 4488 in
453 4444 471 4490 1.
490 4437 587 4494 ἀξίωσις.
606 4442 631 4489 ff.
650 4442 716 4489 adl.
735 4443 820 4489 Rhod.
840 4443 884 4502 [D.
906 4455 943 4502 14.
962 4455 985 4489 a.
1003 4441 1040 4503 9.]
