3546 5654
546 699 593 746 DE
617 699 710 766 JURE
736 698 921 745 PRAEDAE·
946 698 1029 744 CAP·
1054 701 1106 745 xl.
1353 700 1410 764 191

243 854 351 919 inulti.
376 853 478 941 Quod
498 871 576 918 vero
600 871 687 918 nunc
711 851 816 918 dicam
839 857 972 935 nesc10,
997 872 1036 918 an
1059 872 1126 919 non
1140 853 1236 919 etiam
1249 854 1416 920 crudelius

243 965 296 1030 sit.
319 965 481 1030 Undecim
506 964 670 1046 reliquos,
695 984 835 1045 quorum
858 963 985 1028 scilicet
1003 983 1090 1028 mors
1109 964 1304 1030 occultanda
1324 980 1413 1045 erat,

206 1157 209 1164 ¹
242 1095 283 1141 ne
312 1075 431 1158 prioris
459 1074 500 1140 ad
527 1076 670 1158 legatum
699 1074 861 1139 mendacii
893 1074 1184 1154 convincerentur,
1220 1091 1257 1140 ut
1289 1076 1414 1141 intuitu

243 1187 339 1252 etiam
369 1200 401 1251 et
428 1184 652 1252 misericordia
681 1183 850 1250 hominum
881 1183 1087 1264 fraudarent,
1120 1201 1218 1251 nocte
1246 1186 1352 1251 media
1382 1187 1415 1252 in

243 1297 329 1362 idem
352 1295 436 1361 illud
458 1296 574 1373 littus,
598 1295 631 1361 in
655 1295 747 1376 quod
769 1309 945 1377 conspecto
968 1295 1058 1378 pacis
1082 1296 1176 1386 signo
1200 1297 1415 1375 advenerant,

242 1407 374 1473 vinctos
391 1407 580 1489 producunt
603 1422 635 1472 et
656 1405 744 1471 saxis
767 1420 921 1471 oneratos
944 1406 978 1471 in
1001 1425 1087 1472 mare
1110 1410 1323 1488 provolvunt.
1369 1409 1417 1474 At

244 1518 315 1599 illi,
349 1517 437 1582 sicut
470 1518 626 1583 credibile
650 1531 720 1599 est,
750 1536 824 1582 cum
845 1517 910 1601 jam
935 1516 1081 1582 ultimam
1104 1519 1253 1584 tellurem
1275 1519 1416 1601 pedibus

245 1632 427 1708 calcarent,
455 1644 512 1694 aut
544 1629 629 1695 inter
660 1629 765 1694 undas
794 1628 999 1694 semianimes
1022 1630 1252 1708 volverentur,
1284 1649 1351 1695 non
1380 1645 1417 1695 ut

244 1741 344 1806 vitam
365 1739 572 1821 obtinerent,
598 1759 681 1822 quae
702 1739 818 1805 merito
841 1739 972 1805 cunctis
991 1739 1181 1806 dulcissima
1200 1755 1270 1820 est,
1293 1760 1359 1806 non
1380 1755 1418 1806 ut

244 1853 357 1917 saltem
385 1851 508 1933 optima
527 1851 559 1916 in
580 1852 683 1934 patria
711 1853 891 1936 conjugum
912 1850 1117 1932 liberdnrque
1137 1852 1288 1918 manibus
1306 1867 1416 1917 tumu-

243 1965 404 2040 larentur,
427 1962 485 2027 sed
507 1981 609 2027 unum
633 1962 697 2027 boc
719 1961 890 2027 deficiente
907 1961 973 2046 jam
993 1961 1130 2044 spiritu,
1154 1961 1271 2028 nediu
1291 1977 1417 2028 tantum

245 2074 353 2138 scelus
382 2074 517 2154 lateret,
542 2073 767 2138 inclamabant.
814 2073 957 2138 Audivit
980 2072 1096 2152 Deus,
1124 2074 1279 2139 audivere
1303 2089 1335 2138 et
1356 2075 1417 2140 ho·

244 2184 374 2250 mines·
403 2186 451 2248 Ac
484 2183 625 2266 primum
658 2184 811 2249 Sinenses
841 2198 959 2248 nautae
983 2199 1125 2264 quatuor
1147 2184 1339 2250 Bantamum
1363 2185 1418 2250 ad-

244 2293 413 2359 venientes
445 2294 580 2372 onmia,
613 2308 652 2358 ut
682 2293 769 2358 facta
802 2309 916 2374 erant,
952 2293 1224 2359 renuntiaverunt
1252 2315 1325 2359 cum
1347 2296 1419 2362 aliis

245 2405 381 2484 multis,
402 2419 472 2469 tum
494 2405 674 2486 Latmoni,
699 2423 795 2486 quern
821 2418 895 2469 ante
917 2403 1183 2484 nominavimus,
1206 2405 1333 2470 homini
1357 2407 1418 2470 im·

245 2515 358 2596 primis
376 2515 513 2597 potenti.
548 2515 607 2579 llle
629 2515 769 2580 Batavos
792 2514 947 2594 edocuit,
972 2529 1003 2579 et
1020 2514 1118 2579 simul
1131 2514 1215 2580 fama
1228 2537 1285 2598 per
1301 2517 1415 2601 Javam

244 2644 424 2708 omnesque
454 2625 554 2692 Indos
586 2624 742 2691 latissime
773 2640 925 2708 evagata:
961 2625 1018 2690 ubi
1042 2625 1125 2691 illud
1148 2627 1413 2710 vulgatissimum

246 2751 336 2816 erat,
360 2735 518 2817 quosdam
543 2735 783 2801 Hollandorum
802 2756 820 2800 a
840 2735 1009 2800 Lusitanis
1027 2751 1140 2801 contra
1160 2735 1257 2802 fidem
1279 2757 1418 2821 suspen·

248 2846 304 2912 dio
323 2849 388 2932 jam
408 2847 613 2928 destinatos,
638 2852 777 2912 ea'voce
800 2866 884 2928 quae
907 2846 1046 2928 intelligi
1069 2862 1205 2928 posset,
1228 2848 1418 2914 Lusitanica

246 2957 424 3038 nimirum,
457 2971 606 3040 precatus
640 2974 799 3023 memores
826 2956 878 3022 sui
910 2957 1064 3040 supplicii
1084 2959 1268 3040 populares.
1312 2959 1361 3025 Ita
1381 2975 1419 3025 ut

245 3068 319 3134 Indi
358 3088 472 3134 omnes
507 3068 676 3134 atrocitate
708 3067 861 3134 facinoris
896 3067 1072 3147 commoti,
1111 3088 1186 3134 cum
1218 3068 1418 3136 Wibrandus

245 3179 442 3245 Warwicius
463 3200 502 3245 eo
524 3179 694 3259 venisset,
718 3179 870 3262 indignos
891 3178 972 3244 caeli
993 3179 1145 3262 lucisque
1168 3195 1303 3262 aspectu
1323 3181 1417 3247 Bata·

244 3311 307 3358 vos
333 3291 498 3371 dicerent,
523 3291 557 3356 ni
581 3292 676 3356 talem
701 3288 871 3372 perfidiam
896 3289 993 3374 digne
1017 3291 1263 3357 ulciscerentur.
1287 3293 1361 3358 Nec
1386 3293 1420 3358 id

245 3403 336 3469 satis.
382 3401 518 3468 Testem
550 3403 644 3468 Deus
675 3401 709 3466 in
741 3401 883 3467 Batavos
913 3400 1117 3481 transmisit,
1147 3402 1206 3484 qui
1230 3402 1291 3469 ista
1309 3404 1419 3470 omnia

246 3513 363 3596 partim
386 3513 455 3595 ipse
475 3512 585 3592 vidit,
609 3512 724 3594 partim
748 3533 787 3578 ex
811 3512 891 3596 ipsis
913 3511 1081 3579 Lusitanis
1105 3513 1163 3594 qui
1189 3513 1357 3598 fecerant,
1379 3535 1419 3582 ex

246 3623 318 3689 aliis
340 3623 399 3704 qui
422 3623 594 3702 viderant,
617 3637 707 3689 certo
730 3624 845 3689 auditu
869 3624 1025 3706 percepit.
1049 3624 1082 3689 Is
1102 3638 1174 3704 est,
1200 3645 1297 3706 quem
1320 3626 1419 3691 modo

244 3734 411 3812 dicebam,
435 3734 603 3799 Martinus
626 3733 759 3816 Apius,
784 3733 843 3816 qui
867 3753 953 3798 unus
971 3755 987 3799 e
1004 3733 1180 3800 miserabili
1208 3735 1304 3801 turba
1324 3756 1419 3819 prae-

245 3859 293 3910 ter
322 3863 443 3927 pueros
476 3845 560 3909 duos
592 3862 751 3908 annorum
783 3842 1028 3925 septendecim,
1049 3844 1115 3928 jam
1140 3844 1334 3925 damnatus,
1353 3847 1428 3930 jam'

245 3955 452 4036 productus,
486 3952 693 4018 sacerdotum
722 3947 957 4018 Lusitanorum
988 3953 1160 4035 precibus:
1195 3955 1286 4036 quod
1316 3975 1420 4039 genus

246 4067 324 4132 alias
356 4064 487 4131 Batavis
509 4063 780 4129 ‚inimicissimum
812 4078 883 4144 est,
915 4079 954 4129 ut
985 4079 1017 4128 et
1048 4063 1102 4128 hic
1132 4067 1271 4130 caeleste
1294 4066 1419 4132 benefi-

246 4177 334 4242 cium
364 4176 460 4241 liceat
487 4193 682 4260 agnoscere:
707 4193 773 4239 non
798 4189 970 4256 servatus,
993 4175 1052 4240 sed
1075 4190 1182 4241 tamen
1206 4176 1328 4242 dilatus
1356 4192 1418 4243 est.

246 4288 426 4352 Malaccam
459 4286 534 4353 inde
558 4299 591 4351 et
613 4285 762 4352 Malacca
783 4284 891 4350 Goam
913 4286 1078 4366 mittitur,
1104 4287 1160 4352 ubi
1184 4307 1257 4352 curn
1279 4289 1421 4356 reniten-

249 4396 339 4462 tibus
362 4397 484 4463 frustra
506 4397 751 4480 magistratibus
772 4417 789 4461 a
809 4397 958 4479 praeside
976 4397 1076 4463 vitam
1097 4397 1320 4480 impetrasset,
1344 4420 1419 4482 pro·
1503 4408 1508 4422 '

250 4504 357 4571 fectus
381 4507 414 4570 in
438 4507 666 4589 Lusitaniam,
691 4507 830 4591 Bajonae
853 4507 886 4574 in
907 4509 1072 4575 Callaecia
1095 4528 1223 4575 rursum
1244 4510 1419 4579 detinetur.
