3546 5654
353 665 412 744 198
659 678 706 724 ore
729 677 822 743 Joarr
846 676 1029 723 pareone.
1054 676 1134 723 can.
1158 677 1208 723 ιιι.

352 833 506 899 omnibus
531 831 704 898 inferiores
723 831 859 912 Batavi,
883 845 1108 914 praeterquam
1127 831 1235 896 animo
1255 845 1287 896 et
1306 851 1404 898 eausa
1424 847 1525 901 etant.

352 946 402 1010 At
423 964 497 1010 cunr
520 945 615 1011 velut
636 957 711 1009 ante
733 945 848 1010 oculos
872 944 1100 1010 obversaretur
1120 941 1259 1011 foeditas
1278 941 1395 1029 fugae,
1420 945 1526 1030 gentis

354 1055 554 1140 ignominia,
588 1069 621 1121 et
653 1055 770 1121 amissa
800 1055 834 1120 in
866 1069 1032 1138 posterum
1068 1053 1290 1138 negotiatione
1313 1055 1427 1122 Indica
1449 1077 1527 1122 suae

354 1166 476 1248 cuique
497 1166 616 1232 domus
628 1165 789 1248 exitium,
811 1165 933 1234 fretum
947 1165 1094 1248 pervecti
1107 1163 1367 1248 inconspectum
1379 1167 1525 1234 hostium

355 1277 565 1361 prodierunt,
614 1278 667 1344 Illi
698 1275 859 1358 fremere,
892 1275 1078 1360 indignari,
1108 1275 1260 1358 expedire
1288 1278 1461 1344 classicum
1495 1291 1526 1344 et

355 1390 432 1456 belli
452 1389 591 1470 vexilla,
615 1388 883 1472 circumstrepere
902 1386 1091 1468 tormentis,
1116 1401 1149 1452 et
1167 1402 1206 1452 ιιι
1224 1406 1390 1469 quamque
1410 1408 1524 1454 navem

354 1514 576 1582 accesserant,
590 1499 747 1566 continuo
772 1499 970 1579 inclamare,
984 1513 1022 1563 ut
1044 1497 1194 1564 demissis
1215 1497 1298 1564 velis
1325 1498 1524 1565 deditionem

354 1611 541 1679 faterentur.
565 1613 614 1677 At
632 1611 745 1678 Batavi
764 1610 853 1676 haud
871 1609 916 1678 ita
934 1609 968 1676 in
987 1607 1092 1692 patria
1111 1608 1237 1691 edocti,
1263 1629 1329 1691 quo
1349 1611 1524 1676 verborum

354 1722 560 1789 insolentiam
603 1721 697 1788 factis
740 1734 1004 1804 compescerent,
1047 1721 1137 1785 ultro
1175 1735 1294 1786 ventos
1328 1721 1522 1804 captabant,

354 1833 478 1915 quibus
502 1833 535 1897 in
558 1835 686 1900 hostem
717 1832 807 1898 vecti
830 1833 970 1898 telorum
992 1832 1082 1915 jactu
1106 1849 1141 1895 se
1162 1831 1383 1898 vindicabant.
1429 1832 1525 1898 Favit

353 1944 471 2012 virtuti
483 1943 629 2024 fortuna,
642 1963 838 2026 quamquam
851 1942 937 2008 inter
956 1941 1079 2024 primos
1099 1956 1239 2007 conatus
1258 1942 1383 2027 ingenti
1402 1958 1525 2010 terrore

354 2056 503 2121 machina
534 2075 600 2121 una
630 2055 827 2121 Batavorum
860 2052 1046 2120 dissilierat.
1093 2052 1159 2118 Sed
1192 2069 1337 2120 resumto
1361 2054 1469 2120 animo
1493 2070 1525 2120 et

353 2156 527 2232 certamine
558 2181 653 2248 capta
685 2165 921 2232 Lusitanorum
953 2163 1048 2229 navis
1079 2183 1165 2246 una,
1190 2178 1283 2247 capta
1305 2163 1381 2230 item
1405 2167 1521 2232 altera:

352 2280 462 2361 plures
483 2278 528 2343 ita
549 2276 733 2360 perfossae,
758 2291 796 2342 ut
817 2294 892 2341 cum
924 2274 1000 2340 usui
1032 2274 1173 2357 amplius
1205 2293 1366 2360 essenon
1389 2292 1524 2359 possent

334 2380 492 2456 'nudatae
528 2388 718 2456 vectoribus
752 2400 987 2472 mergerentur.
1033 2385 1162 2452 Domiti
1195 2386 1304 2452 statim
1339 2388 1399 2460 hac
1433 2388 1523 2454 clade

352 2499 530 2582 Lusitani,
563 2499 654 2581 quod
684 2497 750 2564 fere
785 2496 1020 2580 praeferoeium
1043 2497 1142 2562 rebus
1164 2497 1317 2563 secundis
1341 2498 1522 2565 animorum

351 2611 520 2696 ingenium
553 2625 622 2692 est,
655 2608 716 2674 etsi
747 2623 864 2675 ventos
887 2609 1052 2673 habebant
1073 2605 1236 2690 ferentes,
1260 2628 1327 2675 non
1351 2610 1422 2674 ausi
1446 2625 1524 2677 sunt

351 2722 565 2805 sequentibus
589 2720 705 2786 diebus
727 2719 850 2804 praelio
874 2719 1038 2785 dimicare.
1062 2718 1128 2784 Sed
1147 2736 1236 2786 more
1255 2718 1413 2804 ferarum,
1438 2742 1523 2803 quae

351 2834 480 2900 viribus
512 2833 620 2899 exutis
652 2833 715 2898 iras
745 2831 892 2899 nondum
925 2831 1119 2915 deponunt,
1152 2845 1191 2896 ut
1219 2845 1251 2896 et
1272 2831 1388 2913 pavori
1409 2851 1472 2899 suo
1491 2849 1524 2900 et

352 2946 430 3012 odio
454 2943 699 3027 satisfacerent,
724 2962 824 3010 naves
847 2922 979 3008 suarum
1003 2941 1132 3025 aliquot
1155 2940 1303 3007 ardentes
1327 2942 1360 3008 in
1383 2944 1523 3012 Batavos

353 3057 567 3122 immiserunt.
598 3056 750 3121 Frustra:
774 3073 915 3136 namque
934 3053 1019 3138 ignis
1039 3053 1123 3118 intra
1143 3052 1229 3135 ipsas
1249 3069 1442 3121 consumtus
1463 3070 1528 3122 ests

352 3169 437 3235 Cum
470 3169 629 3233 instarent
659 3166 796 3246 Batavi,
828 3179 867 3230 ut
889 3164 1012 3248 quibus
1046 3163 1110 3230 nisi
1133 3164 1271 3246 depulso
1296 3165 1391 3233 hoste
1415 3167 1523 3234 aditus

351 3280 392 3345 ad
414 3293 591 3344 mereatum
622 3295 689 3342 non
712 3291 858 3360 pateret,
889 3275 1040 3342 Lusitani
1064 3275 1179 3342 relicto
1203 3276 1343 3358 turpiter
1365 3277 1521 3343 Bantamo

350 3390 384 3454 in
409 3391 582 3456 Moluccas
600 3387 765 3473 fugerunt.
808 3387 882 3453 Nec
901 3386 1041 3454 insecuti
1061 3373 1226 3468 victores,
1250 3401 1288 3452 ut
1306 3388 1401 3471 cujus
1420 3389 1523 3472 gratia

350 3515 529 3582 venerant,
553 3499 588 3564 id
609 3497 982 3582 primumperficerent,
1007 3498 1129 3564 adeunt
1140 3499 1330 3564 urbemase
1342 3498 1521 3566 liberatam.

351 3612 477 3678 Mirum
500 3611 618 3693 dictu,
643 3631 727 3693 quae
761 3610 836 3677 illos
867 3610 1067 3694 Javanorum
1103 3609 1339 3694 gratulationes
1373 3625 1406 3675 er
1439 3630 1522 3693 quae

348 3724 442 3810 signa
462 3722 603 3789 laetitiae
621 3725 715 3789 velut
733 3721 971 3804 triumphantes
995 3720 1204 3802 exceperint,
1230 3735 1418 3805 quantaque
1438 3723 1522 3787 Hol-

350 3836 521 3903 landorum
553 3833 636 3900 fama
667 3855 725 3918 per
756 3853 869 3900 omnes
904 3832 1028 3900 insulas
1050 3831 1209 3912 manarit,
1234 3845 1272 3898 ut
1294 3831 1401 3898 dicere
1424 3832 1522 3898 liceat

351 3949 439 4014 illam
462 3967 539 4014 vete
571 3945 655 4012 diem
691 3943 911 4010 felicissimam
934 3958 966 4009 et
986 3942 1116 4009 Batavis
1140 3957 1174 4009 et
1196 3943 1344 4008 Orientis
1368 3931 1520 4027 gentibus

350 4059 509 4126 illuxisse.
554 4060 604 4124 At
634 4056 870 4123 Lusitanorum
903 4055 1000 4122 etiam
1032 4054 1110 4138 fuga
1132 4053 1290 4121 crudelis:
1314 4074 1387 4120 nam
1405 4058 1522 4138 procul

351 4185 383 4235 et
404 4172 498 4236 velut
509 4184 633 4235 remoto
646 4171 775 4249 ultore,
799 4167 970 4251 impunitis
992 4165 1174 4233 latrociniis
1194 4166 1439 4250 grassabantur,
1462 4186 1521 4232 nec

349 4295 490 4347 mentem
523 4278 741 4346 effascinatam
775 4279 861 4345 odiis
893 4277 1036 4344 deterior
1066 4275 1199 4346 fortuna
1230 4291 1434 4357 mutaverat,
1458 4279 1520 4343 nisi

190 4399 285 4500 ,5⁰ssss
296 4414 336 4446 aa
349 4407 475 4458 tantum
500 4406 539 4458 ut
561 4392 685 4457 vellent
715 4389 821 4455 tutius
843 4409 987 4472 peccare.
1034 4388 1178 4478 Primum
1210 4388 1311 4474 igitur
1334 4389 1519 4456 Ambonam

287 4487 292 4500 ⁸
349 4506 521 4571 advolant:
555 4502 613 4568 ubi
644 4518 714 4568 tum
747 4503 854 4568 nullae
886 4513 978 4568 erant
1010 4499 1204 4566 batavorum
1234 4520 1345 4566 naves.
1391 4501 1466 4584 Ityn
1487 4517 1518 4567 et
