3552 5654
375 683 458 745 '¹3⁰
711 683 758 728 DE
782 682 874 747 ¹{URE
901 681 1085 728 PRAEDAE·
1110 681 1192 728 CAP·
1218 681 1251 727 Χ.

393 833 515 899 idcirco
554 853 620 900 non
659 850 753 916 putat
792 855 830 900 ex
870 835 956 899 bello
995 833 1124 916 privato
1162 833 1311 916 praedam
1349 833 1453 917 nasci,
1488 835 1566 917 quia

393 945 640 1026 nusquam'hoc
662 945 696 1011 in
717 947 790 1030 jure
814 945 970 1027 scriptum
994 944 1171 1010 habeatur:
1206 944 1401 1025 quasivero
1426 947 1566 1028 quaein

393 1075 530 1138 corpore
554 1056 662 1140 legum
685 1057 907 1122 Romanarum
931 1055 1141 1120 continentur
1163 1074 1229 1119 non
1253 1055 1294 1120 ad
1313 1056 1369 1139 jus
1391 1057 1567 1140 praecipue

392 1164 491 1232 civile
513 1165 717 1248 pertineant,
741 1165 785 1232 ita
808 1181 847 1233 ut
867 1168 971 1230 multa
992 1166 1027 1230 in
1050 1165 1116 1230 illis
1137 1165 1460 1248 praetermittantur,
1483 1187 1567 1248 quae

391 1276 577 1342 communis
599 1277 682 1343 ratio
704 1277 844 1357 melius,
869 1296 966 1358 quam
996 1277 1063 1340 ulla
1086 1275 1263 1340 auctoritas
1286 1275 1457 1359 dijudicet.
1503 1278 1566 1343 Sed

392 1406 452 1453 cur
472 1406 539 1460 non
562 1387 747 1454 inveniatur
770 1388 848 1452 haec
871 1402 982 1452 nostra
1006 1385 1155 1467 quaestio
1177 1385 1268 1451 dictu
1288 1385 1384 1451 facile
1403 1403 1465 1453 est:
1489 1387 1566 1470 quia

393 1497 536 1562 Romani
568 1497 697 1580 imperii
729 1519 765 1562 ea
796 1499 946 1581 majestas
978 1496 1078 1578 idque
1110 1495 1230 1563 virium
1260 1495 1347 1578 fuit,
1372 1513 1410 1562 ut
1431 1499 1566 1580 penuria

390 1606 532 1692 judicii,
555 1609 711 1675 continua
735 1627 832 1687 sane,
856 1610 953 1692 cujus
976 1607 1009 1671 in
1032 1607 1120 1672 bello
1141 1606 1269 1689 privato
1290 1607 1357 1673 vim
1379 1627 1447 1673 esse
1465 1608 1567 1673 maxi-

393 1738 476 1783 mam
509 1717 650 1784 diximus
672 1723 703 1799 ¹,
734 1717 792 1784 vix
824 1738 968 1800 unquam
1002 1717 1212 1783 laboraretur.
1258 1718 1304 1783 At
1334 1718 1361 1782 si
1389 1718 1565 1784 definiendi

392 1846 486 1893 veras
509 1828 651 1893 rationes
674 1827 893 1909 inquirimus,
927 1827 1010 1909 quid
1031 1843 1081 1894 est
1103 1827 1224 1893 certius
1245 1848 1343 1909 quam
1367 1828 1400 1892 in
1424 1829 1510 1894 bello
1532 1829 1566 1894 id

393 1958 489 2004 omne
519 1939 636 2019 licere,
670 1939 762 2020 quod
785 1938 826 2004 ad
845 1938 929 2023 juris
952 1938 1194 2004 exsecutionem
1217 1937 1434 2004 necessarium
1458 1954 1508 2004 est
1529 1947 1565 2019 ²,

393 2063 458 2113 tam
482 2048 515 2114 in
538 2049 667 2132 privato
693 2069 791 2130 quam
814 2047 975 2131 publico?
1001 2048 1109 2130 Atqui
1130 2048 1346 2114 necessarium
1366 2064 1437 2129 est,
1461 2049 1489 2113 si
1510 2049 1566 2115 de-

393 2158 498 2224 bitum
531 2159 689 2241 consequi
713 2161 886 2239 volumus,
907 2158 1073 2240 acquirere
1105 2178 1166 2225 nos
1198 2179 1264 2224 rem
1296 2159 1477 2237 hostilem,
1502 2161 1565 2225 hoc

393 2283 500 2334 autem
530 2284 579 2335 est
605 2270 689 2335 illud
712 2270 843 2353 ipsum,
868 2270 959 2352 quod
987 2269 1136 2352 praedam
1166 2289 1321 2334 vocamus
1342 2270 1373 2334 ³:
1398 2269 1460 2334 nisi
1490 2270 1565 2351 quis

392 2377 479 2444 forte
512 2401 584 2445 eum
618 2381 675 2462 qui
704 2380 855 2464 privatim
879 2400 939 2446 nos
961 2395 1130 2466 oppugnat
1151 2380 1277 2446 hostem
1310 2380 1374 2445 dici
1403 2399 1470 2446 non
1492 2382 1566 2446 vult

392 2508 453 2554 nec
477 2491 568 2570 quod
595 2491 642 2568 sic
662 2491 829 2573 quaeritur
848 2490 1023 2574 praedam,
1047 2491 1173 2572 dequo
1195 2491 1256 2556 etsi
1279 2491 1486 2573 pertinaciter
1504 2510 1565 2556 no-

392 2598 449 2664 lim
480 2600 671 2684 digladiari,
704 2601 881 2667 dummodo
911 2601 950 2666 de
982 2621 1015 2664 re
1047 2615 1197 2683 constet,
1221 2603 1361 2666 multum
1392 2616 1499 2667 tamen
1524 2602 1565 2667 ad

393 2729 459 2774 rem
481 2711 696 2779 extricandam
717 2713 878 2796 pertinere
910 2711 1066 2791 arbitror,
1090 2710 1216 2794 injure
1239 2710 1352 2777 eodem
1375 2712 1563 2778 nominibus

393 2821 443 2886 uti
464 2841 528 2887 non
550 2822 698 2889 diversis.
744 2823 834 2890 Etsi
857 2823 1030 2910 diligenter
1052 2821 1182 2886 illorum
1207 2841 1292 2904 quos
1315 2821 1457 2888 diximus
1480 2823 1564 2906 juris

393 2934 619 2998 consultorum
641 2937 654 2976 ⁴
676 2934 853 2999 sententias
876 2949 1080 3011 scrutamur,
1110 2952 1224 3015 parum
1253 2932 1355 2998 aberit
1377 2932 1458 3015 quin
1482 2951 1563 2998 sono

391 3041 596 3122 differentia,
617 3063 650 3107 re
670 3044 779 3108 eadem
798 3044 905 3108 dioere
923 3043 1108 3109 videantur.
1141 3042 1190 3107 lta
1214 3041 1298 3107 enim
1318 3042 1455 3121 docent,
1477 3044 1562 3108 bello

392 3151 544 3232 privat0,
577 3153 604 3218 si
632 3154 735 3238 judex
767 3153 873 3234 desit,
904 3172 1001 3237 posse
1028 3173 1089 3219 nos
1107 3174 1167 3236 pro
1188 3152 1432 3236 recuperatione
1456 3173 1561 3219 rerum

393 3277 576 3328 nostrarum
606 3279 639 3329 et
660 3264 813 3346 hisquae
837 3265 933 3330 nobis
954 3265 1114 3330 debentur
1136 3262 1232 3328 etiam
1254 3283 1294 3328 ex
1314 3263 1486 3329 intervallo
1509 3285 1562 3329 ca·

392 3394 469 3454 pere
505 3395 556 3440 res
584 3375 842 3442 adversariorum
873 3375 979 3458 pretio
1012 3389 1106 3440 tenus
1132 3373 1377 3456 aequiparabili.
1435 3374 1469 3438 Si
1502 3395 1562 3455 pro

393 3485 520 3550 cunctis
542 3505 625 3567 quae
645 3485 740 3553 nobis
761 3486 943 3566 debentur,
967 3485 1083 3567 utique
1107 3499 1138 3549 et
1157 3504 1217 3568 pro
1238 3483 1363 3549 damnis
1385 3498 1417 3549 et
1439 3483 1562 3567 impen-

393 3594 438 3660 sis
460 3596 500 3660 ad
518 3597 602 3680 juris
622 3595 887 3662 consecutionem
908 3595 1020 3677 factis3
1047 3596 1113 3661 imo
1134 3616 1193 3678 pro
1213 3593 1367 3677 periculis
1393 3593 1488 3659 etiam
1511 3597 1561 3660 lu·

392 3726 515 3788 eroque
535 3706 697 3787 cessanti,
720 3706 790 3773 sive
809 3707 928 3773 damno
954 3707 1136 3773 extrinseco
1154 3721 1187 3772 et
1206 3705 1295 3771 omni
1328 3725 1366 3770 eo
1397 3706 1489 3787 quod
1512 3705 1562 3770 in-

391 3832 514 3899 terest,
546 3833 585 3884 ut
614 3817 748 3885 tradunt
777 3817 923 3901 theologi
946 3817 958 3852 ⁵
981 3818 1016 3884 in
1049 3818 1113 3883 hoc
1144 3830 1352 3900 argumento:
1386 3836 1459 3881 nam
1482 3817 1561 3882 haec

393 3928 489 3996 etiam
509 3930 634 4013 judex,
666 3930 694 3995 si
726 3930 802 4011 quis
834 3929 987 4011 daretur,
1013 3927 1135 3994 insonti
1158 3926 1380 4010 adjudicaret,
1404 3947 1478 3991 cum
1504 3947 1562 4009 par

393 4041 436 4105 sit
465 4055 582 4105 cuncta
613 4039 646 4106 in
679 4041 750 4123 ejus
781 4039 894 4105 odium
923 4058 1056 4123 vergere
1087 4037 1144 4121 qui
1167 4038 1253 4102 malo
1276 4056 1405 4103 causam
1427 4037 1517 4103 dedit
1537 4040 1560 4102 ⁶.

425 4286 500 4334 ¹art.
520 4299 542 4334 1.
557 4287 638 4334 concl.
653 4297 677 4344 7.
711 4281 821 4346 'prino
844 4299 867 4333 c.
890 4298 916 4345 4.
940 4295 964 4332 et
984 4284 1068 4332 concl.
1092 4294 1117 4341 7.
1132 4294 1177 4330 art.
1198 4295 1218 4330 1.
1253 4280 1332 4330 ³fine
1349 4295 1372 4330 c.
1389 4295 1412 4329 2.
1445 4280 1562 4330 ⁴Franc.

391 4377 461 4426 Arias
480 4379 505 4425 d.
522 4379 539 4424 1.
573 4375 675 4424 ‘Wiln
694 4377 775 4424 Math.
792 4378 823 4424 de
842 4377 911 4424 bello
929 4373 1013 4435 justo,
1034 4374 1060 4422 in
1082 4387 1135 4434 req.
1157 4386 1177 4421 1.
1193 4387 1240 4433 per
1254 4377 1271 4421 l.
1287 4374 1405 4433 proinde.
1421 4383 1446 4420 et
1462 4385 1515 4433 seq.
1531 4373 1562 4420 ad

391 4468 408 4514 l.
429 4467 515 4527 aquil.
538 4466 582 4530 [D.
601 4481 626 4528 9.
647 4481 669 4514 a.
693 4478 732 4522 as.
750 4477 775 4514 et
794 4465 845 4528 26.]
881 4466 934 4514 ⁸d.
951 4479 973 4515 c.
992 4465 1066 4512 sicut.
1083 4466 1115 4513 de
1130 4462 1237 4520 jureiur.
1252 4466 1269 4510 l.
1290 4463 1418 4523 quoniam.
1439 4464 1468 4510 C.
1486 4461 1561 4510 dcvi

390 4556 460 4614 publ.
477 4554 519 4617 [C.
534 4570 557 4617 9.
579 4570 616 4604 12.
631 4557 667 4616 6.]
755 4612 759 4620 ,
