<?xml version="1.0" encoding="UTF-8"?>
<!DOCTYPE html PUBLIC "-//W3C//DTD XHTML 1.0 Transitional//EN"
    "http://www.w3.org/TR/xhtml1/DTD/xhtml1-transitional.dtd">
<html xmlns="http://www.w3.org/1999/xhtml" xml:lang="en" lang="en">
 <head>
  <title>
</title>
<meta http-equiv="Content-Type" content="text/html;charset=utf-8" />
  <meta name='ocr-system' content='tesseract 3.04.00' />
  <meta name='ocr-capabilities' content='ocr_page ocr_carea ocr_par ocr_line ocrx_word'/>
</head>
<body>
  <div class='ocr_page' id='page_1' title='image "./ledroitdeprised00hamagoog_0206.png"; bbox 0 0 3546 5654; ppageno 0'>
   <div class='ocr_carea' id='block_1_1' title="bbox 352 579 1213 676">
    <p class='ocr_par' dir='ltr' id='par_1_1' title="bbox 352 579 1213 676">
     <span class='ocr_line' id='line_1_1' title="bbox 352 579 1213 676; baseline 0.003 -27"><span class='ocrx_word' id='word_1_1' title='bbox 352 592 435 667; x_wconf 81' lang='lat'>1&#39;84·</span> <span class='ocrx_word' id='word_1_2' title='bbox 510 579 516 587; x_wconf 70' lang='grc'><strong>’</strong></span> <span class='ocrx_word' id='word_1_3' title='bbox 664 609 710 654; x_wconf 81' lang='lat' dir='ltr'>nn</span> <span class='ocrx_word' id='word_1_4' title='bbox 733 609 826 676; x_wconf 79' lang='lat' dir='ltr'>June</span> <span class='ocrx_word' id='word_1_5' title='bbox 852 610 1034 655; x_wconf 74' lang='lat' dir='ltr'>aurnuns.</span> <span class='ocrx_word' id='word_1_6' title='bbox 1060 610 1139 656; x_wconf 81' lang='lat' dir='ltr'>can.</span> <span class='ocrx_word' id='word_1_7' title='bbox 1165 608 1213 653; x_wconf 87' lang='lat' dir='ltr'>xr.</span> 
     </span>
    </p>
   </div>
   <div class='ocr_carea' id='block_1_2' title="bbox 94 758 1557 4514">
    <p class='ocr_par' dir='ltr' id='par_1_2' title="bbox 347 758 1521 847">
     <span class='ocr_line' id='line_1_2' title="bbox 347 758 1521 847; baseline 0.002 -23"><span class='ocrx_word' id='word_1_8' title='bbox 347 759 457 844; x_wconf 88' lang='lat' dir='ltr'>juncis</span> <span class='ocrx_word' id='word_1_9' title='bbox 482 761 728 842; x_wconf 91' lang='lat' dir='ltr'>quatuordecim</span> <span class='ocrx_word' id='word_1_10' title='bbox 753 763 1025 847; x_wconf 72' lang='lat' dir='ltr'>(navigibgenus</span> <span class='ocrx_word' id='word_1_11' title='bbox 1049 777 1098 828; x_wconf 89' lang='lat' dir='ltr'>est</span> <span class='ocrx_word' id='word_1_12' title='bbox 1126 760 1256 826; x_wconf 87' lang='lat' dir='ltr'>Orienti</span> <span class='ocrx_word' id='word_1_13' title='bbox 1279 758 1456 844; x_wconf 91' lang='lat' dir='ltr'>usitatum)</span> <span class='ocrx_word' id='word_1_14' title='bbox 1489 775 1521 826; x_wconf 92' lang='lat' dir='ltr'>et</span> 
     </span>
    </p>

    <p class='ocr_par' dir='ltr' id='par_1_3' title="bbox 350 869 1519 959">
     <span class='ocr_line' id='line_1_3' title="bbox 350 869 1519 959; baseline 0.001 -25"><span class='ocrx_word' id='word_1_15' title='bbox 350 869 540 937; x_wconf 91' lang='lat' dir='ltr'>hominibus</span> <span class='ocrx_word' id='word_1_16' title='bbox 563 873 737 938; x_wconf 84' lang='lat' dir='ltr'>admodum</span> <span class='ocrx_word' id='word_1_17' title='bbox 759 873 848 940; x_wconf 92' lang='lat' dir='ltr'>mille</span> <span class='ocrx_word' id='word_1_18' title='bbox 873 873 1062 959; x_wconf 85' lang='lat' dir='ltr'><strong>quingentis</strong></span> <span class='ocrx_word' id='word_1_19' title='bbox 1086 894 1120 940; x_wconf 94' lang='lat' dir='ltr'>se</span> <span class='ocrx_word' id='word_1_20' title='bbox 1142 870 1273 938; x_wconf 89' lang='lat' dir='ltr'>intulit:</span> <span class='ocrx_word' id='word_1_21' title='bbox 1297 889 1357 936; x_wconf 90' lang='lat' dir='ltr'>nec</span> <span class='ocrx_word' id='word_1_22' title='bbox 1383 871 1519 937; x_wconf 91' lang='lat' dir='ltr'>dubium</span> 
     </span>
    </p>

    <p class='ocr_par' dir='ltr' id='par_1_4' title="bbox 350 981 1522 1067">
     <span class='ocr_line' id='line_1_4' title="bbox 350 981 1522 1067; baseline 0.002 -21"><span class='ocrx_word' id='word_1_23' title='bbox 350 997 417 1046; x_wconf 90' lang='lat' dir='ltr'>erat</span> <span class='ocrx_word' id='word_1_24' title='bbox 440 983 520 1063; x_wconf 93' lang='lat' dir='ltr'>quin</span> <span class='ocrx_word' id='word_1_25' title='bbox 545 983 593 1048; x_wconf 90' lang='lat' dir='ltr'>illi</span> <span class='ocrx_word' id='word_1_26' title='bbox 614 982 813 1066; x_wconf 87' lang='lat' dir='ltr'>periissent,</span> <span class='ocrx_word' id='word_1_27' title='bbox 829 985 864 1051; x_wconf 91' lang='lat' dir='ltr'>ni</span> <span class='ocrx_word' id='word_1_28' title='bbox 881 986 973 1052; x_wconf 91' lang='lat' dir='ltr'>Deus</span> <span class='ocrx_word' id='word_1_29' title='bbox 997 983 1182 1067; x_wconf 77' lang='lat' dir='ltr'>sospitator</span> <span class='ocrx_word' id='word_1_30' title='bbox 1203 982 1243 1047; x_wconf 90' lang='lat' dir='ltr'>ad</span> <span class='ocrx_word' id='word_1_31' title='bbox 1264 981 1348 1046; x_wconf 89' lang='lat' dir='ltr'>idem</span> <span class='ocrx_word' id='word_1_32' title='bbox 1365 981 1522 1063; x_wconf 86' lang='lat' dir='ltr'>temporis</span> 
     </span>
    </p>

    <p class='ocr_par' dir='ltr' id='par_1_5' title="bbox 349 1092 1521 1177">
     <span class='ocr_line' id='line_1_5' title="bbox 349 1092 1521 1177; baseline -0.001 -20"><span class='ocrx_word' id='word_1_33' title='bbox 349 1112 452 1158; x_wconf 90' lang='lat' dir='ltr'>novas</span> <span class='ocrx_word' id='word_1_34' title='bbox 476 1093 642 1159; x_wconf 91' lang='lat' dir='ltr'>cBatavis</span> <span class='ocrx_word' id='word_1_35' title='bbox 664 1114 785 1177; x_wconf 89' lang='lat' dir='ltr'>naves,</span> <span class='ocrx_word' id='word_1_36' title='bbox 809 1096 936 1160; x_wconf 90' lang='lat' dir='ltr'>Lunam</span> <span class='ocrx_word' id='word_1_37' title='bbox 950 1111 982 1160; x_wconf 89' lang='lat' dir='ltr'>et</span> <span class='ocrx_word' id='word_1_38' title='bbox 993 1093 1206 1173; x_wconf 85' lang='lat' dir='ltr'>Luciferum,</span> <span class='ocrx_word' id='word_1_39' title='bbox 1229 1093 1262 1158; x_wconf 92' lang='lat' dir='ltr'>in</span> <span class='ocrx_word' id='word_1_40' title='bbox 1275 1092 1521 1158; x_wconf 88' lang='lat' dir='ltr'>eamdeminsu-</span> 
     </span>
    </p>

    <p class='ocr_par' dir='ltr' id='par_1_6' title="bbox 204 1203 1520 1290">
     <span class='ocr_line' id='line_1_6' title="bbox 204 1203 1520 1290; baseline -0.002 -20"><span class='ocrx_word' id='word_1_41' title='bbox 204 1214 275 1261; x_wconf 78' lang='lat' dir='ltr'><em>Anno</em></span> <span class='ocrx_word' id='word_1_42' title='bbox 289 1213 336 1258; x_wconf 76' lang='lat' dir='ltr'>eod·</span> <span class='ocrx_word' id='word_1_43' title='bbox 349 1206 411 1270; x_wconf 90' lang='lat' dir='ltr'>lam</span> <span class='ocrx_word' id='word_1_44' title='bbox 437 1204 617 1290; x_wconf 89' lang='lat' dir='ltr'>adjecisset.</span> <span class='ocrx_word' id='word_1_45' title='bbox 660 1207 712 1272; x_wconf 90' lang='lat' dir='ltr'>Ab</span> <span class='ocrx_word' id='word_1_46' title='bbox 733 1207 847 1272; x_wconf 91' lang='lat' dir='ltr'>eodem</span> <span class='ocrx_word' id='word_1_47' title='bbox 871 1227 946 1290; x_wconf 88' lang='lat' dir='ltr'>rege</span> <span class='ocrx_word' id='word_1_48' title='bbox 967 1221 1000 1272; x_wconf 91' lang='lat' dir='ltr'>et</span> <span class='ocrx_word' id='word_1_49' title='bbox 1022 1205 1192 1271; x_wconf 91' lang='lat' dir='ltr'>Lusitanis</span> <span class='ocrx_word' id='word_1_50' title='bbox 1211 1218 1346 1286; x_wconf 88' lang='lat' dir='ltr'>accepto</span> <span class='ocrx_word' id='word_1_51' title='bbox 1369 1203 1520 1269; x_wconf 88' lang='lat' dir='ltr'>mandato</span> 
     </span>
    </p>

    <p class='ocr_par' dir='ltr' id='par_1_7' title="bbox 350 1312 1521 1400">
     <span class='ocr_line' id='line_1_7' title="bbox 350 1312 1521 1400; baseline -0.003 -19"><span class='ocrx_word' id='word_1_52' title='bbox 350 1318 502 1382; x_wconf 84' lang='lat' dir='ltr'>Rasalata</span> <span class='ocrx_word' id='word_1_53' title='bbox 524 1318 603 1400; x_wconf 93' lang='lat' dir='ltr'>ille,</span> <span class='ocrx_word' id='word_1_54' title='bbox 635 1338 732 1400; x_wconf 92' lang='lat' dir='ltr'>quem</span> <span class='ocrx_word' id='word_1_55' title='bbox 754 1319 924 1384; x_wconf 88' lang='lat' dir='ltr'>latrocinia</span> <span class='ocrx_word' id='word_1_56' title='bbox 947 1321 1069 1384; x_wconf 90' lang='lat' dir='ltr'>clarum</span> <span class='ocrx_word' id='word_1_57' title='bbox 1095 1317 1291 1395; x_wconf 87' lang='lat' dir='ltr'>effecerant,</span> <span class='ocrx_word' id='word_1_58' title='bbox 1319 1335 1393 1380; x_wconf 92' lang='lat' dir='ltr'>cum</span> <span class='ocrx_word' id='word_1_59' title='bbox 1417 1312 1521 1378; x_wconf 91' lang='lat' dir='ltr'>milite</span> 
     </span>
    </p>

    <p class='ocr_par' dir='ltr' id='par_1_8' title="bbox 350 1425 1520 1513">
     <span class='ocr_line' id='line_1_8' title="bbox 350 1425 1520 1513; baseline -0.002 -22"><span class='ocrx_word' id='word_1_60' title='bbox 350 1426 542 1494; x_wconf 89' lang='lat' dir='ltr'>Tubancnsi</span> <span class='ocrx_word' id='word_1_61' title='bbox 572 1443 604 1493; x_wconf 90' lang='lat' dir='ltr'>et</span> <span class='ocrx_word' id='word_1_62' title='bbox 633 1429 749 1513; x_wconf 87' lang='lat' dir='ltr'>legatis</span> <span class='ocrx_word' id='word_1_63' title='bbox 778 1429 947 1496; x_wconf 90' lang='lat' dir='ltr'>Lusitanis</span> <span class='ocrx_word' id='word_1_64' title='bbox 970 1429 1089 1513; x_wconf 92' lang='lat' dir='ltr'>viginti</span> <span class='ocrx_word' id='word_1_65' title='bbox 1111 1428 1286 1494; x_wconf 90' lang='lat' dir='ltr'>Moluccas</span> <span class='ocrx_word' id='word_1_66' title='bbox 1308 1425 1378 1490; x_wconf 88' lang='lat' dir='ltr'>fere</span> <span class='ocrx_word' id='word_1_67' title='bbox 1408 1444 1520 1490; x_wconf 89' lang='lat' dir='ltr'>omnes</span> 
     </span>
    </p>

    <p class='ocr_par' dir='ltr' id='par_1_9' title="bbox 350 1538 1519 1623">
     <span class='ocr_line' id='line_1_9' title="bbox 350 1538 1519 1623; baseline -0.002 -21"><span class='ocrx_word' id='word_1_68' title='bbox 350 1538 491 1617; x_wconf 90' lang='lat' dir='ltr'>adierat,</span> <span class='ocrx_word' id='word_1_69' title='bbox 524 1553 562 1604; x_wconf 91' lang='lat' dir='ltr'>ut</span> <span class='ocrx_word' id='word_1_70' title='bbox 592 1539 815 1622; x_wconf 88' lang='lat' dir='ltr'>negotiatores</span> <span class='ocrx_word' id='word_1_71' title='bbox 846 1541 987 1606; x_wconf 90' lang='lat' dir='ltr'>Batavos</span> <span class='ocrx_word' id='word_1_72' title='bbox 1018 1539 1142 1623; x_wconf 90' lang='lat' dir='ltr'>ubique</span> <span class='ocrx_word' id='word_1_73' title='bbox 1176 1551 1354 1604; x_wconf 89' lang='lat' dir='ltr'>everteret:</span> <span class='ocrx_word' id='word_1_74' title='bbox 1382 1551 1421 1601; x_wconf 90' lang='lat' dir='ltr'>ut</span> <span class='ocrx_word' id='word_1_75' title='bbox 1446 1555 1519 1600; x_wconf 91' lang='lat' dir='ltr'>cum</span> 
     </span>
    </p>

    <p class='ocr_par' dir='ltr' id='par_1_10' title="bbox 350 1646 1521 1733">
     <span class='ocr_line' id='line_1_10' title="bbox 350 1646 1521 1733; baseline -0.003 -20"><span class='ocrx_word' id='word_1_76' title='bbox 350 1649 540 1716; x_wconf 90' lang='lat' dir='ltr'>Willekeno</span> <span class='ocrx_word' id='word_1_77' title='bbox 563 1649 702 1733; x_wconf 87' lang='lat' dir='ltr'>profecti</span> <span class='ocrx_word' id='word_1_78' title='bbox 733 1671 772 1716; x_wconf 85' lang='lat' dir='ltr'>ex</span> <span class='ocrx_word' id='word_1_79' title='bbox 804 1651 918 1718; x_wconf 87' lang='lat' dir='ltr'>Sarcio</span> <span class='ocrx_word' id='word_1_80' title='bbox 939 1652 1071 1716; x_wconf 89' lang='lat' dir='ltr'>Maluca</span> <span class='ocrx_word' id='word_1_81' title='bbox 1101 1665 1134 1716; x_wconf 91' lang='lat' dir='ltr'>et</span> <span class='ocrx_word' id='word_1_82' title='bbox 1161 1671 1200 1714; x_wconf 85' lang='lat' dir='ltr'>ex</span> <span class='ocrx_word' id='word_1_83' title='bbox 1223 1646 1386 1732; x_wconf 84' lang='lat' dir='ltr'>praefecto</span> <span class='ocrx_word' id='word_1_84' title='bbox 1407 1647 1521 1711; x_wconf 89' lang='lat' dir='ltr'>Banta·</span> 
     </span>
    </p>

    <p class='ocr_par' dir='ltr' id='par_1_11' title="bbox 349 1757 1519 1844">
     <span class='ocr_line' id='line_1_11' title="bbox 349 1757 1519 1844; baseline -0.003 -18"><span class='ocrx_word' id='word_1_85' title='bbox 349 1761 452 1826; x_wconf 91' lang='lat' dir='ltr'>mensi</span> <span class='ocrx_word' id='word_1_86' title='bbox 479 1761 674 1828; x_wconf 90' lang='lat' dir='ltr'>didicerunt.</span> <span class='ocrx_word' id='word_1_87' title='bbox 720 1759 845 1827; x_wconf 90' lang='lat' dir='ltr'>Verum</span> <span class='ocrx_word' id='word_1_88' title='bbox 879 1763 955 1829; x_wconf 88' lang='lat' dir='ltr'>inde</span> <span class='ocrx_word' id='word_1_89' title='bbox 979 1762 1064 1828; x_wconf 92' lang='lat' dir='ltr'>idem</span> <span class='ocrx_word' id='word_1_90' title='bbox 1088 1761 1143 1826; x_wconf 92' lang='lat' dir='ltr'>ille</span> <span class='ocrx_word' id='word_1_91' title='bbox 1164 1760 1267 1844; x_wconf 83' lang='lat' dir='ltr'>pirata</span> <span class='ocrx_word' id='word_1_92' title='bbox 1290 1759 1399 1842; x_wconf 88' lang='lat' dir='ltr'>pravis</span> <span class='ocrx_word' id='word_1_93' title='bbox 1422 1757 1519 1822; x_wconf 88' lang='lat' dir='ltr'>ferme</span> 
     </span>
    </p>

    <p class='ocr_par' dir='ltr' id='par_1_12' title="bbox 349 1871 1519 1958">
     <span class='ocr_line' id='line_1_12' title="bbox 349 1871 1519 1958; baseline -0.004 -21"><span class='ocrx_word' id='word_1_94' title='bbox 349 1872 563 1958; x_wconf 89' lang='lat' dir='ltr'>quadraginta</span> <span class='ocrx_word' id='word_1_95' title='bbox 597 1871 757 1939; x_wconf 90' lang='lat' dir='ltr'>continuo</span> <span class='ocrx_word' id='word_1_96' title='bbox 786 1873 900 1958; x_wconf 88' lang='lat' dir='ltr'>Javam</span> <span class='ocrx_word' id='word_1_97' title='bbox 932 1873 1129 1954; x_wconf 85' lang='lat' dir='ltr'>advolabat,</span> <span class='ocrx_word' id='word_1_98' title='bbox 1154 1891 1222 1954; x_wconf 91' lang='lat' dir='ltr'>quo</span> <span class='ocrx_word' id='word_1_99' title='bbox 1244 1891 1350 1938; x_wconf 90' lang='lat' dir='ltr'>novos</span> <span class='ocrx_word' id='word_1_100' title='bbox 1380 1871 1519 1936; x_wconf 89' lang='lat' dir='ltr'>Batavos</span> 
     </span>
    </p>

    <p class='ocr_par' dir='ltr' id='par_1_13' title="bbox 347 1983 1520 2068">
     <span class='ocr_line' id='line_1_13' title="bbox 347 1983 1520 2068; baseline -0.003 -20"><span class='ocrx_word' id='word_1_101' title='bbox 347 1983 478 2048; x_wconf 88' lang='lat' dir='ltr'>venisse</span> <span class='ocrx_word' id='word_1_102' title='bbox 510 1983 737 2065; x_wconf 82' lang='lat' dir='ltr'>intellexerat,</span> <span class='ocrx_word' id='word_1_103' title='bbox 771 1984 905 2051; x_wconf 90' lang='lat' dir='ltr'>adactus</span> <span class='ocrx_word' id='word_1_104' title='bbox 935 1985 1121 2068; x_wconf 87' lang='lat' dir='ltr'>juramento</span> <span class='ocrx_word' id='word_1_105' title='bbox 1150 1983 1291 2064; x_wconf 91' lang='lat' dir='ltr'>aliquam</span> <span class='ocrx_word' id='word_1_106' title='bbox 1323 2001 1432 2047; x_wconf 89' lang='lat' dir='ltr'>carum</span> <span class='ocrx_word' id='word_1_107' title='bbox 1464 1995 1520 2046; x_wconf 90' lang='lat' dir='ltr'>aut</span> 
     </span>
    </p>

    <p class='ocr_par' dir='ltr' id='par_1_14' title="bbox 348 2092 1520 2182">
     <span class='ocr_line' id='line_1_14' title="bbox 348 2092 1520 2182; baseline -0.003 -23"><span class='ocrx_word' id='word_1_108' title='bbox 348 2113 482 2177; x_wconf 87' lang='lat' dir='ltr'>rapere,</span> <span class='ocrx_word' id='word_1_109' title='bbox 508 2108 565 2159; x_wconf 89' lang='lat' dir='ltr'>aut</span> <span class='ocrx_word' id='word_1_110' title='bbox 591 2114 809 2177; x_wconf 88' lang='lat' dir='ltr'>corrumpere.</span> <span class='ocrx_word' id='word_1_111' title='bbox 854 2095 963 2182; x_wconf 86' lang='lat' dir='ltr'>Quam</span> <span class='ocrx_word' id='word_1_112' title='bbox 987 2095 1117 2161; x_wconf 88' lang='lat' dir='ltr'>adrem</span> <span class='ocrx_word' id='word_1_113' title='bbox 1139 2092 1409 2177; x_wconf 87' lang='lat' dir='ltr'>praesectietiam</span> <span class='ocrx_word' id='word_1_114' title='bbox 1439 2093 1520 2157; x_wconf 75' lang='lat' dir='ltr'>llan-</span> 
     </span>
    </p>

    <p class='ocr_par' dir='ltr' id='par_1_15' title="bbox 347 2204 1518 2292">
     <span class='ocr_line' id='line_1_15' title="bbox 347 2204 1518 2292; baseline -0.001 -23"><span class='ocrx_word' id='word_1_115' title='bbox 347 2205 503 2272; x_wconf 89' lang='lat' dir='ltr'>tamensis</span> <span class='ocrx_word' id='word_1_116' title='bbox 525 2225 655 2288; x_wconf 84' lang='lat' dir='ltr'>operam</span> <span class='ocrx_word' id='word_1_117' title='bbox 685 2207 818 2272; x_wconf 88' lang='lat' dir='ltr'>nomine</span> <span class='ocrx_word' id='word_1_118' title='bbox 841 2206 975 2272; x_wconf 90' lang='lat' dir='ltr'>Tubani</span> <span class='ocrx_word' id='word_1_119' title='bbox 1002 2207 1089 2292; x_wconf 88' lang='lat' dir='ltr'>regis</span> <span class='ocrx_word' id='word_1_120' title='bbox 1117 2205 1299 2270; x_wconf 85' lang='lat' dir='ltr'>ambiebat:</span> <span class='ocrx_word' id='word_1_121' title='bbox 1323 2204 1411 2270; x_wconf 93' lang='lat' dir='ltr'>unde</span> <span class='ocrx_word' id='word_1_122' title='bbox 1426 2204 1518 2289; x_wconf 88' lang='lat' dir='ltr'>Jaca-</span> 
     </span>
    </p>

    <p class='ocr_par' dir='ltr' id='par_1_16' title="bbox 203 2315 1519 2401">
     <span class='ocr_line' id='line_1_16' title="bbox 203 2315 1519 2401; baseline 0.001 -21"><span class='ocrx_word' id='word_1_123' title='bbox 203 2333 274 2380; x_wconf 68' lang='lat' dir='ltr'>Anao</span> <span class='ocrx_word' id='word_1_124' title='bbox 286 2333 335 2379; x_wconf 69' lang='lat' dir='ltr'>aaa</span> <span class='ocrx_word' id='word_1_125' title='bbox 349 2330 429 2382; x_wconf 88' lang='lat' dir='ltr'>tram</span> <span class='ocrx_word' id='word_1_126' title='bbox 460 2337 494 2382; x_wconf 90' lang='lat' dir='ltr'>se</span> <span class='ocrx_word' id='word_1_127' title='bbox 533 2316 675 2382; x_wconf 88' lang='lat' dir='ltr'>contulit</span> <span class='ocrx_word' id='word_1_128' title='bbox 709 2317 902 2383; x_wconf 90' lang='lat' dir='ltr'>insidiarum</span> <span class='ocrx_word' id='word_1_129' title='bbox 935 2333 1082 2401; x_wconf 90' lang='lat' dir='ltr'>tempora</span> <span class='ocrx_word' id='word_1_130' title='bbox 1114 2330 1349 2400; x_wconf 88' lang='lat' dir='ltr'>occupaturus.</span> <span class='ocrx_word' id='word_1_131' title='bbox 1406 2315 1519 2400; x_wconf 86' lang='lat' dir='ltr'>Majus</span> 
     </span>
    </p>

    <p class='ocr_par' dir='ltr' id='par_1_17' title="bbox 349 2425 1519 2510">
     <span class='ocr_line' id='line_1_17' title="bbox 349 2425 1519 2510; baseline -0.002 -17"><span class='ocrx_word' id='word_1_132' title='bbox 349 2427 445 2493; x_wconf 87' lang='lat' dir='ltr'>etiam</span> <span class='ocrx_word' id='word_1_133' title='bbox 465 2427 646 2510; x_wconf 91' lang='lat' dir='ltr'>periculum</span> <span class='ocrx_word' id='word_1_134' title='bbox 668 2429 739 2510; x_wconf 87' lang='lat' dir='ltr'>his,</span> <span class='ocrx_word' id='word_1_135' title='bbox 762 2428 821 2510; x_wconf 89' lang='lat' dir='ltr'>qui</span> <span class='ocrx_word' id='word_1_136' title='bbox 845 2433 947 2495; x_wconf 88' lang='lat' dir='ltr'>altero</span> <span class='ocrx_word' id='word_1_137' title='bbox 971 2429 1087 2495; x_wconf 90' lang='lat' dir='ltr'>itinere</span> <span class='ocrx_word' id='word_1_138' title='bbox 1110 2427 1274 2494; x_wconf 80' lang='lat' dir='ltr'>Neclcium</span> <span class='ocrx_word' id='word_1_139' title='bbox 1297 2425 1442 2492; x_wconf 88' lang='lat' dir='ltr'>comitati</span> <span class='ocrx_word' id='word_1_140' title='bbox 1464 2446 1519 2491; x_wconf 91' lang='lat' dir='ltr'>vc·</span> 
     </span>
    </p>

    <p class='ocr_par' dir='ltr' id='par_1_18' title="bbox 349 2538 1519 2622">
     <span class='ocr_line' id='line_1_18' title="bbox 349 2538 1519 2622; baseline 0.002 -20"><span class='ocrx_word' id='word_1_141' title='bbox 349 2553 482 2619; x_wconf 89' lang='lat' dir='ltr'>nerant,</span> <span class='ocrx_word' id='word_1_142' title='bbox 506 2539 539 2604; x_wconf 90' lang='lat' dir='ltr'>in</span> <span class='ocrx_word' id='word_1_143' title='bbox 557 2539 644 2622; x_wconf 89' lang='lat' dir='ltr'>regia</span> <span class='ocrx_word' id='word_1_144' title='bbox 666 2539 851 2605; x_wconf 88' lang='lat' dir='ltr'>Achinensi</span> <span class='ocrx_word' id='word_1_145' title='bbox 876 2539 1086 2620; x_wconf 87' lang='lat' dir='ltr'>imminebat,</span> <span class='ocrx_word' id='word_1_146' title='bbox 1110 2538 1174 2606; x_wconf 90' lang='lat' dir='ltr'>nisi</span> <span class='ocrx_word' id='word_1_147' title='bbox 1185 2553 1345 2604; x_wconf 92' lang='lat' dir='ltr'>maturato</span> <span class='ocrx_word' id='word_1_148' title='bbox 1355 2538 1519 2618; x_wconf 88' lang='lat' dir='ltr'>discessu,</span> 
     </span>
    </p>

    <p class='ocr_par' dir='ltr' id='par_1_19' title="bbox 349 2648 1519 2732">
     <span class='ocr_line' id='line_1_19' title="bbox 349 2648 1519 2732; baseline -0.001 -17"><span class='ocrx_word' id='word_1_149' title='bbox 349 2649 408 2731; x_wconf 93' lang='lat' dir='ltr'>qui</span> <span class='ocrx_word' id='word_1_150' title='bbox 438 2648 506 2714; x_wconf 89' lang='lat' dir='ltr'>illic</span> <span class='ocrx_word' id='word_1_151' title='bbox 533 2665 739 2731; x_wconf 85' lang='lat' dir='ltr'>manserant,</span> <span class='ocrx_word' id='word_1_152' title='bbox 773 2649 897 2723; x_wconf 84' lang='lat' dir='ltr'>fraudis</span> <span class='ocrx_word' id='word_1_153' title='bbox 917 2650 1126 2716; x_wconf 87' lang='lat' dir='ltr'>Lusitanicae</span> <span class='ocrx_word' id='word_1_154' title='bbox 1155 2665 1307 2716; x_wconf 90' lang='lat' dir='ltr'>eventum</span> <span class='ocrx_word' id='word_1_155' title='bbox 1332 2649 1519 2732; x_wconf 86' lang='lat' dir='ltr'>praevenis-</span> 
     </span>
    </p>

    <p class='ocr_par' dir='ltr' id='par_1_20' title="bbox 350 2759 1518 2847">
     <span class='ocr_line' id='line_1_20' title="bbox 350 2759 1518 2847; baseline -0.001 -22"><span class='ocrx_word' id='word_1_156' title='bbox 350 2776 434 2828; x_wconf 89' lang='lat' dir='ltr'>sent.</span> <span class='ocrx_word' id='word_1_157' title='bbox 481 2760 599 2827; x_wconf 90' lang='lat' dir='ltr'>Parum</span> <span class='ocrx_word' id='word_1_158' title='bbox 623 2760 749 2828; x_wconf 88' lang='lat' dir='ltr'>scilicet</span> <span class='ocrx_word' id='word_1_159' title='bbox 780 2761 886 2828; x_wconf 90' lang='lat' dir='ltr'>suerat</span> <span class='ocrx_word' id='word_1_160' title='bbox 910 2777 1058 2829; x_wconf 88' lang='lat' dir='ltr'>externas</span> <span class='ocrx_word' id='word_1_161' title='bbox 1091 2776 1203 2847; x_wconf 86' lang='lat' dir='ltr'>gentes</span> <span class='ocrx_word' id='word_1_162' title='bbox 1234 2759 1431 2842; x_wconf 89' lang='lat' dir='ltr'>immisisse,</span> <span class='ocrx_word' id='word_1_163' title='bbox 1455 2760 1518 2826; x_wconf 91' lang='lat' dir='ltr'>nisi</span> 
     </span>
    </p>

    <p class='ocr_par' dir='ltr' id='par_1_21' title="bbox 94 2871 1521 2962">
     <span class='ocr_line' id='line_1_21' title="bbox 94 2871 1521 2962; baseline -0.003 -22"><span class='ocrx_word' id='word_1_164' title='bbox 94 2907 97 2911; x_wconf 96' lang='lat'>·</span> <span class='ocrx_word' id='word_1_165' title='bbox 190 2896 261 2940; x_wconf 67' lang='lat' dir='ltr'>Anao</span> <span class='ocrx_word' id='word_1_166' title='bbox 276 2901 336 2962; x_wconf 66' lang='grc' dir='ltr'><strong><em>ιροι.</em></strong></span> <span class='ocrx_word' id='word_1_167' title='bbox 349 2871 383 2937; x_wconf 91' lang='lat' dir='ltr'>in</span> <span class='ocrx_word' id='word_1_168' title='bbox 406 2871 487 2954; x_wconf 89' lang='lat' dir='ltr'>ipsis</span> <span class='ocrx_word' id='word_1_169' title='bbox 511 2873 607 2938; x_wconf 91' lang='lat' dir='ltr'>etiam</span> <span class='ocrx_word' id='word_1_170' title='bbox 629 2873 771 2939; x_wconf 90' lang='lat' dir='ltr'>navibus</span> <span class='ocrx_word' id='word_1_171' title='bbox 794 2892 969 2956; x_wconf 88' lang='lat' dir='ltr'>percussor</span> <span class='ocrx_word' id='word_1_172' title='bbox 992 2887 1212 2955; x_wconf 83' lang='lat' dir='ltr'>quaereretur.</span> <span class='ocrx_word' id='word_1_173' title='bbox 1258 2872 1365 2938; x_wconf 92' lang='lat' dir='ltr'>Navis</span> <span class='ocrx_word' id='word_1_174' title='bbox 1384 2891 1400 2935; x_wconf 91' lang='lat' dir='ltr'>e</span> <span class='ocrx_word' id='word_1_175' title='bbox 1419 2873 1521 2938; x_wconf 85' lang='lat' dir='ltr'>classe</span> 
     </span>
    </p>

    <p class='ocr_par' dir='ltr' id='par_1_22' title="bbox 184 2950 1522 3068">
     <span class='ocr_line' id='line_1_22' title="bbox 184 2950 1522 3068; baseline 0.001 -22"><span class='ocrx_word' id='word_1_176' title='bbox 184 2950 311 3005; x_wconf 54' lang='lat' dir='ltr'>mm</span> <span class='ocrx_word' id='word_1_177' title='bbox 349 2983 452 3048; x_wconf 89' lang='lat' dir='ltr'>Bottii</span> <span class='ocrx_word' id='word_1_178' title='bbox 484 2984 546 3050; x_wconf 93' lang='lat' dir='ltr'>sub</span> <span class='ocrx_word' id='word_1_179' title='bbox 579 2984 702 3050; x_wconf 89' lang='lat' dir='ltr'>Cardio</span> <span class='ocrx_word' id='word_1_180' title='bbox 734 2999 766 3048; x_wconf 90' lang='lat' dir='ltr'>et</span> <span class='ocrx_word' id='word_1_181' title='bbox 796 2984 967 3068; x_wconf 88' lang='lat' dir='ltr'>Flemingo</span> <span class='ocrx_word' id='word_1_182' title='bbox 1002 2984 1090 3066; x_wconf 90' lang='lat' dir='ltr'>apud</span> <span class='ocrx_word' id='word_1_183' title='bbox 1119 2983 1284 3048; x_wconf 83' lang='lat' dir='ltr'>Achiuum</span> <span class='ocrx_word' id='word_1_184' title='bbox 1316 2984 1350 3048; x_wconf 91' lang='lat' dir='ltr'>in</span> <span class='ocrx_word' id='word_1_185' title='bbox 1369 2981 1522 3048; x_wconf 89' lang='lat' dir='ltr'>anchoris</span> 
     </span>
    </p>

    <p class='ocr_par' dir='ltr' id='par_1_23' title="bbox 348 3093 1519 3175">
     <span class='ocr_line' id='line_1_23' title="bbox 348 3093 1519 3175; baseline -0.002 -15"><span class='ocrx_word' id='word_1_186' title='bbox 348 3095 466 3160; x_wconf 88' lang='lat' dir='ltr'>stabat.</span> <span class='ocrx_word' id='word_1_187' title='bbox 513 3095 595 3159; x_wconf 88' lang='lat' dir='ltr'>Erat</span> <span class='ocrx_word' id='word_1_188' title='bbox 625 3094 746 3160; x_wconf 89' lang='lat' dir='ltr'>ibidem</span> <span class='ocrx_word' id='word_1_189' title='bbox 778 3093 1013 3162; x_wconf 89' lang='lat' dir='ltr'>Lusitanorum</span> <span class='ocrx_word' id='word_1_190' title='bbox 1036 3095 1129 3160; x_wconf 89' lang='lat' dir='ltr'>navis</span> <span class='ocrx_word' id='word_1_191' title='bbox 1152 3095 1214 3160; x_wconf 91' lang='lat' dir='ltr'>sub</span> <span class='ocrx_word' id='word_1_192' title='bbox 1236 3093 1399 3159; x_wconf 81' lang='lat' dir='ltr'>Roderico</span> <span class='ocrx_word' id='word_1_193' title='bbox 1421 3113 1519 3175; x_wconf 91' lang='lat' dir='ltr'>quem</span> 
     </span>
    </p>

    <p class='ocr_par' dir='ltr' id='par_1_24' title="bbox 348 3204 1519 3290">
     <span class='ocr_line' id='line_1_24' title="bbox 348 3204 1519 3290; baseline -0.002 -20"><span class='ocrx_word' id='word_1_194' title='bbox 348 3205 418 3270; x_wconf 88' lang='lat' dir='ltr'>dixi</span> <span class='ocrx_word' id='word_1_195' title='bbox 460 3205 682 3287; x_wconf 86' lang='lat' dir='ltr'>Motamorio,</span> <span class='ocrx_word' id='word_1_196' title='bbox 725 3207 820 3289; x_wconf 89' lang='lat' dir='ltr'>cujus</span> <span class='ocrx_word' id='word_1_197' title='bbox 851 3206 1071 3272; x_wconf 88' lang='lat' dir='ltr'>machinarius</span> <span class='ocrx_word' id='word_1_198' title='bbox 1104 3204 1365 3290; x_wconf 88' lang='lat' dir='ltr'>Hamburgensis</span> <span class='ocrx_word' id='word_1_199' title='bbox 1400 3219 1519 3288; x_wconf 89' lang='lat' dir='ltr'>gente,</span> 
     </span>
    </p>

    <p class='ocr_par' dir='ltr' id='par_1_25' title="bbox 347 3314 1520 3400">
     <span class='ocr_line' id='line_1_25' title="bbox 347 3314 1520 3400; baseline -0.002 -20"><span class='ocrx_word' id='word_1_200' title='bbox 347 3317 538 3382; x_wconf 88' lang='lat' dir='ltr'>Matthaeus</span> <span class='ocrx_word' id='word_1_201' title='bbox 555 3316 678 3382; x_wconf 93' lang='lat' dir='ltr'>Novus</span> <span class='ocrx_word' id='word_1_202' title='bbox 695 3316 850 3397; x_wconf 87' lang='lat' dir='ltr'>nomine,</span> <span class='ocrx_word' id='word_1_203' title='bbox 872 3337 946 3382; x_wconf 91' lang='lat' dir='ltr'>cum</span> <span class='ocrx_word' id='word_1_204' title='bbox 970 3315 1135 3399; x_wconf 86' lang='lat' dir='ltr'>praefecto</span> <span class='ocrx_word' id='word_1_205' title='bbox 1157 3314 1294 3400; x_wconf 89' lang='lat' dir='ltr'>vigilum</span> <span class='ocrx_word' id='word_1_206' title='bbox 1320 3330 1353 3380; x_wconf 92' lang='lat' dir='ltr'>et</span> <span class='ocrx_word' id='word_1_207' title='bbox 1369 3314 1520 3400; x_wconf 90' lang='lat' dir='ltr'>Johanne</span> 
     </span>
    </p>

    <p class='ocr_par' dir='ltr' id='par_1_26' title="bbox 348 3426 1519 3512">
     <span class='ocr_line' id='line_1_26' title="bbox 348 3426 1519 3512; baseline 0 -20"><span class='ocrx_word' id='word_1_208' title='bbox 348 3427 485 3493; x_wconf 89' lang='lat' dir='ltr'>Henrici</span> <span class='ocrx_word' id='word_1_209' title='bbox 513 3426 736 3509; x_wconf 89' lang='lat' dir='ltr'>machinari0,</span> <span class='ocrx_word' id='word_1_210' title='bbox 761 3447 904 3510; x_wconf 91' lang='lat' dir='ltr'>cumque</span> <span class='ocrx_word' id='word_1_211' title='bbox 929 3429 1146 3512; x_wconf 83' lang='lat' dir='ltr'>gubernatore</span> <span class='ocrx_word' id='word_1_212' title='bbox 1178 3447 1216 3493; x_wconf 90' lang='lat' dir='ltr'>ac</span> <span class='ocrx_word' id='word_1_213' title='bbox 1238 3441 1367 3510; x_wconf 85' lang='lat' dir='ltr'>proreta</span> <span class='ocrx_word' id='word_1_214' title='bbox 1387 3427 1519 3510; x_wconf 88' lang='lat' dir='ltr'>saepius</span> 
     </span>
    </p>

    <p class='ocr_par' dir='ltr' id='par_1_27' title="bbox 348 3536 1519 3622">
     <span class='ocr_line' id='line_1_27' title="bbox 348 3536 1519 3622; baseline -0.001 -19"><span class='ocrx_word' id='word_1_215' title='bbox 348 3538 437 3622; x_wconf 89' lang='lat' dir='ltr'>egit,</span> <span class='ocrx_word' id='word_1_216' title='bbox 461 3553 500 3603; x_wconf 93' lang='lat' dir='ltr'>ut</span> <span class='ocrx_word' id='word_1_217' title='bbox 522 3536 656 3604; x_wconf 88' lang='lat' dir='ltr'>adscitis</span> <span class='ocrx_word' id='word_1_218' title='bbox 678 3537 712 3603; x_wconf 93' lang='lat' dir='ltr'>in</span> <span class='ocrx_word' id='word_1_219' title='bbox 735 3537 969 3604; x_wconf 87' lang='lat' dir='ltr'>conscientiam</span> <span class='ocrx_word' id='word_1_220' title='bbox 991 3538 1149 3605; x_wconf 88' lang='lat' dir='ltr'>facinoris</span> <span class='ocrx_word' id='word_1_221' title='bbox 1174 3559 1260 3621; x_wconf 90' lang='lat' dir='ltr'>quos</span> <span class='ocrx_word' id='word_1_222' title='bbox 1280 3538 1418 3604; x_wconf 91' lang='lat' dir='ltr'>idoneos</span> <span class='ocrx_word' id='word_1_223' title='bbox 1429 3558 1519 3603; x_wconf 90' lang='lat' dir='ltr'>com·</span> 
     </span>
    </p>

    <p class='ocr_par' dir='ltr' id='par_1_28' title="bbox 346 3647 1557 3844">
     <span class='ocr_line' id='line_1_28' title="bbox 346 3647 1517 3733; baseline -0.001 -18"><span class='ocrx_word' id='word_1_224' title='bbox 346 3650 531 3732; x_wconf 88' lang='lat' dir='ltr'>perissent,</span> <span class='ocrx_word' id='word_1_225' title='bbox 555 3647 743 3732; x_wconf 85' lang='lat' dir='ltr'>praefectos</span> <span class='ocrx_word' id='word_1_226' title='bbox 764 3649 999 3715; x_wconf 88' lang='lat' dir='ltr'>obtruncarent</span> <span class='ocrx_word' id='word_1_227' title='bbox 1020 3669 1057 3714; x_wconf 90' lang='lat' dir='ltr'>ac</span> <span class='ocrx_word' id='word_1_228' title='bbox 1078 3670 1192 3716; x_wconf 88' lang='lat' dir='ltr'>nauem</span> <span class='ocrx_word' id='word_1_229' title='bbox 1215 3650 1316 3733; x_wconf 91' lang='lat' dir='ltr'>ipsam</span> <span class='ocrx_word' id='word_1_230' title='bbox 1337 3650 1517 3715; x_wconf 87' lang='lat' dir='ltr'>Malaccarn</span> 
     </span>
     <span class='ocr_line' id='line_1_29' title="bbox 348 3759 1557 3844; baseline -0.002 -17"><span class='ocrx_word' id='word_1_231' title='bbox 348 3762 567 3827; x_wconf 87' lang='lat' dir='ltr'>deveherent:</span> <span class='ocrx_word' id='word_1_232' title='bbox 591 3761 771 3844; x_wconf 88' lang='lat' dir='ltr'>praemium</span> <span class='ocrx_word' id='word_1_233' title='bbox 792 3760 963 3843; x_wconf 91' lang='lat' dir='ltr'>pollicitus</span> <span class='ocrx_word' id='word_1_234' title='bbox 986 3780 1052 3826; x_wconf 90' lang='lat' dir='ltr'>non</span> <span class='ocrx_word' id='word_1_235' title='bbox 1076 3761 1185 3826; x_wconf 91' lang='lat' dir='ltr'>minus</span> <span class='ocrx_word' id='word_1_236' title='bbox 1208 3760 1331 3826; x_wconf 90' lang='lat' dir='ltr'>viritim</span> <span class='ocrx_word' id='word_1_237' title='bbox 1355 3759 1408 3825; x_wconf 90' lang='lat' dir='ltr'>bis</span> <span class='ocrx_word' id='word_1_238' title='bbox 1430 3760 1519 3826; x_wconf 91' lang='lat' dir='ltr'>mille</span> <span class='ocrx_word' id='word_1_239' title='bbox 1553 3799 1557 3806; x_wconf 91' lang='lat'><em>·</em></span> 
     </span>
    </p>

    <p class='ocr_par' dir='ltr' id='par_1_29' title="bbox 188 3871 1519 3955">
     <span class='ocr_line' id='line_1_30' title="bbox 188 3871 1519 3955; baseline -0.005 -12"><span class='ocrx_word' id='word_1_240' title='bbox 188 3897 258 3944; x_wconf 73' lang='lat' dir='ltr'>Anno</span> <span class='ocrx_word' id='word_1_241' title='bbox 274 3903 334 3944; x_wconf 79' lang='lat'>1602.</span> <span class='ocrx_word' id='word_1_242' title='bbox 348 3872 486 3939; x_wconf 90' lang='lat' dir='ltr'>ducatis.</span> <span class='ocrx_word' id='word_1_243' title='bbox 532 3873 599 3939; x_wconf 87' lang='lat' dir='ltr'>Sed</span> <span class='ocrx_word' id='word_1_244' title='bbox 630 3871 762 3939; x_wconf 88' lang='lat' dir='ltr'>obstitit</span> <span class='ocrx_word' id='word_1_245' title='bbox 791 3871 918 3955; x_wconf 85' lang='lat' dir='ltr'>perfido</span> <span class='ocrx_word' id='word_1_246' title='bbox 951 3871 1085 3939; x_wconf 91' lang='lat' dir='ltr'>conatui</span> <span class='ocrx_word' id='word_1_247' title='bbox 1108 3872 1304 3938; x_wconf 88' lang='lat' dir='ltr'>Batavorum</span> <span class='ocrx_word' id='word_1_248' title='bbox 1335 3871 1430 3938; x_wconf 89' lang='lat' dir='ltr'>fides.</span> <span class='ocrx_word' id='word_1_249' title='bbox 1474 3874 1519 3937; x_wconf 81' lang='lat' dir='ltr'>‘At</span> 
     </span>
    </p>

    <p class='ocr_par' dir='ltr' id='par_1_30' title="bbox 347 3983 1518 4067">
     <span class='ocr_line' id='line_1_31' title="bbox 347 3983 1518 4067; baseline -0.001 -18"><span class='ocrx_word' id='word_1_250' title='bbox 347 4005 420 4050; x_wconf 91' lang='lat' dir='ltr'>cum</span> <span class='ocrx_word' id='word_1_251' title='bbox 452 4004 551 4049; x_wconf 89' lang='lat' dir='ltr'>naves</span> <span class='ocrx_word' id='word_1_252' title='bbox 582 3984 689 4066; x_wconf 88' lang='lat' dir='ltr'>duae,</span> <span class='ocrx_word' id='word_1_253' title='bbox 714 3983 916 4067; x_wconf 85' lang='lat' dir='ltr'>Lugdunum</span> <span class='ocrx_word' id='word_1_254' title='bbox 938 3998 972 4048; x_wconf 92' lang='lat' dir='ltr'>ct</span> <span class='ocrx_word' id='word_1_255' title='bbox 994 3983 1184 4048; x_wconf 89' lang='lat' dir='ltr'>Harlemum</span> <span class='ocrx_word' id='word_1_256' title='bbox 1208 3983 1362 4065; x_wconf 89' lang='lat' dir='ltr'>nomine,</span> <span class='ocrx_word' id='word_1_257' title='bbox 1387 4004 1404 4048; x_wconf 88' lang='lat' dir='ltr'>e</span> <span class='ocrx_word' id='word_1_258' title='bbox 1425 4002 1518 4065; x_wconf 90' lang='lat' dir='ltr'>prae-</span> 
     </span>
    </p>

    <p class='ocr_par' dir='ltr' id='par_1_31' title="bbox 346 4095 1518 4180">
     <span class='ocr_line' id='line_1_32' title="bbox 346 4095 1518 4180; baseline 0 -19"><span class='ocrx_word' id='word_1_259' title='bbox 346 4096 470 4162; x_wconf 87' lang='lat' dir='ltr'>fectura</span> <span class='ocrx_word' id='word_1_260' title='bbox 504 4095 747 4180; x_wconf 86' lang='lat' dir='ltr'>Gronsbergii,</span> <span class='ocrx_word' id='word_1_261' title='bbox 771 4097 831 4177; x_wconf 91' lang='lat' dir='ltr'>qui</span> <span class='ocrx_word' id='word_1_262' title='bbox 853 4095 973 4163; x_wconf 90' lang='lat' dir='ltr'>missus</span> <span class='ocrx_word' id='word_1_263' title='bbox 997 4115 1015 4160; x_wconf 93' lang='lat' dir='ltr'>a</span> <span class='ocrx_word' id='word_1_264' title='bbox 1035 4096 1192 4162; x_wconf 88' lang='lat' dir='ltr'>societate</span> <span class='ocrx_word' id='word_1_265' title='bbox 1221 4095 1420 4161; x_wconf 91' lang='lat' dir='ltr'>Hollandica</span> <span class='ocrx_word' id='word_1_266' title='bbox 1441 4115 1518 4178; x_wconf 90' lang='lat' dir='ltr'>pos·</span> 
     </span>
    </p>

    <p class='ocr_par' dir='ltr' id='par_1_32' title="bbox 346 4206 1516 4290">
     <span class='ocr_line' id='line_1_33' title="bbox 346 4206 1516 4290; baseline -0.002 -18"><span class='ocrx_word' id='word_1_267' title='bbox 346 4207 466 4272; x_wconf 89' lang='lat' dir='ltr'>teriore</span> <span class='ocrx_word' id='word_1_268' title='bbox 500 4206 621 4290; x_wconf 91' lang='lat' dir='ltr'>pariter</span> <span class='ocrx_word' id='word_1_269' title='bbox 651 4226 725 4271; x_wconf 92' lang='lat' dir='ltr'>cum</span> <span class='ocrx_word' id='word_1_270' title='bbox 759 4207 889 4272; x_wconf 80' lang='lat' dir='ltr'>Neclcio</span> <span class='ocrx_word' id='word_1_271' title='bbox 917 4207 1132 4288; x_wconf 88' lang='lat' dir='ltr'>discesserat,</span> <span class='ocrx_word' id='word_1_272' title='bbox 1157 4207 1191 4271; x_wconf 94' lang='lat' dir='ltr'>in</span> <span class='ocrx_word' id='word_1_273' title='bbox 1215 4206 1293 4271; x_wconf 90' lang='lat' dir='ltr'>Sina</span> <span class='ocrx_word' id='word_1_274' title='bbox 1315 4206 1516 4272; x_wconf 88' lang='lat' dir='ltr'>Cochinensi</span> 
     </span>
    </p>

    <p class='ocr_par' dir='ltr' id='par_1_33' title="bbox 346 4317 1516 4397">
     <span class='ocr_line' id='line_1_34' title="bbox 346 4317 1516 4397; baseline 0 -14"><span class='ocrx_word' id='word_1_275' title='bbox 346 4317 387 4383; x_wconf 89' lang='lat' dir='ltr'>ad</span> <span class='ocrx_word' id='word_1_276' title='bbox 418 4318 611 4384; x_wconf 89' lang='lat' dir='ltr'>Sinceonem</span> <span class='ocrx_word' id='word_1_277' title='bbox 644 4317 714 4382; x_wconf 88' lang='lat' dir='ltr'>sive</span> <span class='ocrx_word' id='word_1_278' title='bbox 745 4318 785 4382; x_wconf 90' lang='lat' dir='ltr'>ad</span> <span class='ocrx_word' id='word_1_279' title='bbox 819 4338 941 4383; x_wconf 89' lang='lat' dir='ltr'>amnem</span> <span class='ocrx_word' id='word_1_280' title='bbox 973 4317 1235 4385; x_wconf 87' lang='lat' dir='ltr'>Polocambarem</span> <span class='ocrx_word' id='word_1_281' title='bbox 1268 4317 1516 4397; x_wconf 89' lang='lat' dir='ltr'>substitissent,</span> 
     </span>
    </p>

    <p class='ocr_par' dir='ltr' id='par_1_34' title="bbox 346 4427 1516 4514">
     <span class='ocr_line' id='line_1_35' title="bbox 346 4427 1516 4514; baseline 0 -20"><span class='ocrx_word' id='word_1_282' title='bbox 346 4429 472 4496; x_wconf 88' lang='lat' dir='ltr'>incolae</span> <span class='ocrx_word' id='word_1_283' title='bbox 505 4429 649 4514; x_wconf 90' lang='lat' dir='ltr'>regionis</span> <span class='ocrx_word' id='word_1_284' title='bbox 682 4443 714 4494; x_wconf 89' lang='lat' dir='ltr'>et</span> <span class='ocrx_word' id='word_1_285' title='bbox 742 4449 799 4494; x_wconf 88' lang='lat' dir='ltr'>rex</span> <span class='ocrx_word' id='word_1_286' title='bbox 822 4429 892 4512; x_wconf 89' lang='lat' dir='ltr'>ipse</span> <span class='ocrx_word' id='word_1_287' title='bbox 916 4428 982 4494; x_wconf 91' lang='lat' dir='ltr'>loci</span> <span class='ocrx_word' id='word_1_288' title='bbox 1005 4429 1158 4494; x_wconf 92' lang='lat' dir='ltr'>monachi</span> <span class='ocrx_word' id='word_1_289' title='bbox 1180 4428 1334 4494; x_wconf 89' lang='lat' dir='ltr'>Lusitani</span> <span class='ocrx_word' id='word_1_290' title='bbox 1357 4427 1516 4496; x_wconf 88' lang='lat' dir='ltr'>instinctu</span> 
     </span>
    </p>
   </div>
   <div class='ocr_carea' id='block_1_3' title="bbox 0 0 1778 5654">
    <p class='ocr_par' dir='ltr' id='par_1_35' title="bbox 0 0 1778 5654">
     <span class='ocr_line' id='line_1_36' title="bbox 0 0 1778 5654; baseline 0 1"><span class='ocrx_word' id='word_1_291' title='bbox 0 0 1778 5654; x_wconf 95' lang='lat' dir='ltr'> </span> 
     </span>
    </p>
   </div>
  </div>
 </body>
</html>
