3530 5656
383 703 423 768 50
678 703 724 750 nr.
746 703 841 771 June
867 703 1051 752 rannone.
1077 703 1158 752 cnr.
1186 705 1236 752 tv.

374 866 447 948 jure
480 875 611 926 naturae
638 857 789 942 praedam
814 853 823 890 ¹
847 857 924 923 oriri
953 858 1124 941 probatum
1159 874 1229 941 est,
1254 861 1345 943 quod
1366 861 1451 928 etin
1474 862 1547 928 aliis

376 972 594 1040 animantibus
620 967 843 1052 conspicitur,
867 967 933 1034 illis
956 967 1052 1034 etiam
1076 990 1160 1052 quae
1184 971 1339 1055 gregatim
1368 987 1548 1055 pascuntur

377 1099 434 1151 aut
454 1085 585 1150 volant:
609 1101 682 1148 nam
703 1099 777 1146 cum
798 1077 876 1145 alias
898 1097 1049 1162 possessa
1070 1081 1258 1163 relinquant
1278 1081 1545 1164 possidentibus,

377 1196 461 1262 idem
482 1209 589 1260 tamen
613 1211 679 1259 non
700 1189 826 1256 faciunt
846 1189 968 1272 praelio
988 1189 1132 1258 irritata:
1156 1213 1224 1274 quo
1245 1193 1327 1260 illud
1350 1193 1545 1260 Plutarchi²

376 1305 488 1372 referri
510 1319 635 1388 potest:
654 1307 730 1373 οὐδὲν
760 1307 866 1377 αὐτοὺς
898 1305 982 1370 δεινὸν
1012 1303 1166 1372 audineo
1195 1311 1361 1380 πονοῦντας,
1392 1309 1476 1374 ἀλλὰ
1503 1310 1544 1388 τῷ

375 1418 570 1502 πρεσβυτάτῳ
589 1423 645 1484 τῶν
664 1416 755 1497 νόμον
772 1416 1008 1488 ἀκολουθοῦντος,
1027 1409 1056 1487 it
1076 1418 1117 1498 τῷ
1137 1417 1270 1497 κρείττονι
1289 1419 1331 1485 τοὶ
1350 1422 1406 1484 τῶν
1425 1416 1546 1492 irritae

374 1531 495 1601 deinter,
517 1526 675 1610 ἀρχόμενος
696 1527 756 1592 eirri
777 1526 901 1592 τοῦθεοῦ
922 1525 972 1592 nal
994 1531 1134 1594 τελευτῶν
1145 1528 1184 1598 εἰς
1206 1527 1247 1594 τὰ
1259 1526 1347 1607 dipsa.
1391 1523 1497 1589 Nihil
1514 1545 1546 1588 se

378 1649 439 1701 aut
459 1657 567 1722 graue
587 1648 649 1699 aut
670 1635 823 1718 iniquum
838 1631 980 1716 facere,
1004 1630 1131 1716 sedjns
1144 1637 1415 1720 antiquissimum
1428 1637 1544 1719 sequi,

376 1745 465 1832 qued
488 1766 540 1810 res
562 1743 763 1828 inferiorum
785 1743 1011 1830 superioribus
1032 1743 1229 1829 largiatur,
1252 1765 1275 1810 a
1295 1744 1367 1810 Dee
1385 1747 1544 1830 incipiens

379 1871 410 1922 et
433 1861 469 1921 in
492 1857 613 1922 bestias
636 1854 808 1921 desinens:
844 1873 995 1936 quaeque
1018 1853 1152 1922 suntin
1176 1854 1303 1940 Gorgia
1334 1853 1481 1922 Platonis
1512 1870 1545 1922 et

379 1968 498 2052 passim
519 1967 606 2051 apud
627 1980 777 2032 auctores
797 1964 831 2031 in
852 1965 935 2030 hanc
956 1963 1163 2032 sententiam.
1206 1963 1254 2032 Et
1275 1967 1339 2032 hoc
1361 1965 1468 2049 ipsum
1489 1968 1546 2050 jus

379 2099 449 2146 esse
473 2093 629 2153 naturae,
653 2073 863 2159 quodetiam
887 2073 972 2140 inter
994 2071 1077 2142 feras
1097 2077 1225 2158 valcat,
1246 2075 1411 2160 Josephus
1433 2077 1545 2160 prodi.-

377 2191 427 2256 dit
449 2205 481 2255 et
502 2208 568 2255 non
590 2207 659 2254 uno
682 2189 756 2252 loco
779 2185 943 2252 Aristides
955 2185 977 2252 ¹.
1009 2185 1233 2268 Philosophus
1251 2198 1264 2232 ⁴
1283 2187 1399 2254 etiam:
1418 2193 1435 2266 ἡ
1457 2207 1543 2258 τομε-

375 2307 445 2386 uexit
462 2305 551 2388 φύσει
573 2301 693 2378 κτητική
713 2325 784 2374 τως.
817 2295 884 2363 Res
904 2295 1068 2362 militarit
1088 2297 1300 2364 naturaliter
1310 2298 1545 2383 quodammodo

375 2413 580 2498 acquisitiva
600 2423 662 2475 est.
697 2407 909 2492 Theophilus
921 2415 933 2448 ⁸
946 2408 1028 2474 hanc
1049 2407 1299 2490 acquisitionem
1310 2413 1544 2496 Φυτικὴνκτῆοον

374 2538 496 2604 vocat,
514 2523 741 2608 possessionem
761 2517 915 2586 videlieet
935 2518 1143 2584 naturalem.
1167 2519 1266 2586 Unde
1280 2519 1432 2603 sequitur
1447 2520 1542 2584 etiam

193 2630 360 2676 oenmnr.
375 2633 459 2700 inter
482 2630 689 2696 Christianos
710 2627 776 2713 juri
797 2627 930 2711 praedae
949 2629 1059 2694 locum
1082 2649 1161 2698 esse.
1185 2631 1291 2697 Recte
1312 2629 1405 2696 etiam
1425 2631 1543 2714 praeda

192 2683 263 2783 efflei.
272 2684 306 2732 II.
315 2696 339 2731 et

372 2745 439 2832 juri
463 2743 631 2830 gentium,
655 2745 749 2826 ἒονινῷ
772 2740 867 2825 νόμῳ,
891 2753 930 2804 ut
948 2739 1035 2823 apud
1054 2739 1279 2825 Theophilum
1300 2755 1369 2819 est,
1393 2742 1544 2808 attribui·

375 2870 430 2921 tur
445 2860 476 2918 ⁸:
500 2868 538 2918 ut
561 2852 649 2936 apud
668 2851 924 2918 Demosthenem
945 2858 976 2914 ²:
999 2851 1054 2922 εἶτ’
1071 2857 1102 2922 οὖ
1121 2857 1215 2926 δεινὸν,
1238 2852 1259 2922 ὦ
1281 2864 1322 2933 νῆ
1342 2856 1470 2928 sraelitai,
1493 2856 1543 2920 κοοὶ

373 2972 502 3052 φανερῶς
532 2965 708 3047 arreptitiorum,
741 2966 772 3031 οὐ
803 2964 886 3045 μόνον
917 2965 999 3044 annai
1031 2965 1079 3030 riu
1100 2966 1303 3046 γεγραμμένον
1330 2965 1429 3047 νόμον,
1459 2969 1544 3034 rinnai

373 3079 423 3144 aa>
443 3078 525 3157 aare
546 3077 594 3142 eiu
614 3075 699 3140 κοινὸν
719 3073 858 3141 ἁπάντων
872 3075 1021 3156 ἀνθρώπων
1039 3075 1136 3155 νόμον,
1159 3075 1339 3154 aiveinana
1357 3078 1407 3144 aui
1419 3079 1543 3162 Φέροντοο

373 3188 431 3270 βίᾳ
458 3187 547 3264 asiais
576 3185 605 3250 ἕν
635 3184 775 3264 πολεμίου
805 3184 892 3267 uulpes
917 3185 960 3265 ais
993 3184 1100 3263 ἐξεῖναί
1120 3211 1167 3266 μοι
1193 3187 1369 3267 induendas.
1413 3186 1544 3252 Deinde

373 3314 450 3362 uero
471 3313 575 3358 nonne
595 3291 687 3357 illud
701 3311 808 3378 grane
830 3304 897 3372 est,
922 3311 937 3355 o
961 3291 1071 3356 Tellus
1094 3307 1125 3359 et
1147 3292 1234 3375 Dii,
1259 3316 1364 3362 nonne
1386 3296 1541 3381 manifes-

374 3407 521 3468 tissimae
552 3405 770 3489 iniquitatis,
794 3423 850 3467 nee
873 3405 996 3488 scripto
1020 3402 1194 3493 duntaxat
1205 3407 1287 3491 juri
1306 3411 1541 3488 contrariam,

374 3513 431 3580 sed
458 3513 514 3579 illi
536 3517 638 3579 etiarn
659 3512 747 3599 legi,
780 3495 867 3598 duae
885 3517 1003 3599 generi
1032 3515 1175 3580 humane
1204 3521 1381 3582 eommunis
1404 3531 1473 3599 est,
1503 3533 1541 3584 ut

373 3645 446 3688 eum
471 3627 544 3709 quis
569 3645 620 3688 res
644 3644 731 3688 meas
751 3627 788 3692 ui
806 3623 945 3706 auferat
967 3627 1147 3710 rapiatque
1165 3626 1354 3708 hostiliter,
1377 3630 1460 3693 mihi
1478 3651 1543 3692 non

374 3734 475 3800 liceat
493 3749 564 3821 pur
581 3738 666 3820 pari
689 3733 894 3819 rependere?
915 3733 1033 3817 Judice
1057 3735 1151 3800 etiam
1175 3735 1266 3820 Cyro
1287 3738 1299 3774 ⁸
1321 3740 1402 3820 νόμος
1414 3744 1442 3806 ἕν
1453 3747 1542 3807 πᾶσιν

371 3849 520 3930 ἀνθρώποις
542 3847 631 3920 ἀΐδιος
652 3850 747 3924 ἔστιν,
774 3844 844 3914 irae
863 3847 1062 3928 athanasianae
1079 3849 1161 3920 πόλις
1179 3850 1242 3930 eine}
1264 3855 1320 3916 τῶν
1337 3850 1456 3918 indueus
1473 3850 1545 3918 aium

371 3961 412 4025 aie
432 3958 589 4041 χρήματα.
614 3955 689 4019 Lex
702 3968 749 4019 est
772 3957 864 4019 inter
886 3955 1029 4020 homines
1051 3959 1263 4042 sempiterna,
1282 3971 1383 4043 capta
1401 3959 1543 4024 hostium

367 4134 563 4147 m

409 4223 417 4256 ¹
437 4225 533 4272 Confer
550 4238 608 4273 cum
626 4225 764 4274 demonstr.
781 4237 828 4273 art.
849 4238 869 4272 r.
888 4224 960 4272 artic.
979 4239 1003 4273 2.
1020 4236 1045 4272 ct
1064 4237 1087 4282 ³·
1105 4229 1190 4274 eoncl.
1204 4239 1225 4276 ι.
1244 4225 1254 4260 ¹
1272 4227 1341 4276 Cam.
1354 4225 1393 4290 [p.
1405 4229 1540 4290 136.d.e.]

372 4311 517 4362 ³Citantur
541 4327 582 4374 ap.
607 4314 680 4363 Fabr.
706 4317 770 4362 Sem·
795 4317 814 4364 l.
841 4329 864 4362 a.
891 4329 915 4362 c.
943 4328 967 4364 a.
996 4313 1035 4377 [p.
1063 4314 1117 4378 aa]
1152 4314 1257 4365 ⁴Arist.
1276 4319 1308 4366 de
1325 4331 1380 4378 rep.
1397 4321 1414 4366 l.
1436 4332 1458 4366 1.
1475 4333 1499 4367 c.
1517 4321 1542 4368 8.

373 4400 412 4464 [p.
437 4403 508 4458 12⁵6.
527 4417 550 4451 2.
569 4417 607 4454 vs·
625 4402 678 4466 en]
714 4403 804 4452 ⁵lnst.
823 4406 854 4453 de
872 4418 920 4452 rer.
938 4404 992 4452 div.
1013 4403 1049 4467 [Ι.
1068 4419 1091 4452 ο.
1111 4404 1145 4469 1.]
1182 4406 1193 4438 ⁶
1211 4409 1288 4457 Conf.
1306 4422 1364 4457 cum
1381 4410 1447 4458 clem.
1464 4421 1508 4458 art.
1519 4423 1543 4456 2.

370 4491 442 4540 artic.
459 4507 482 4542 a.
499 4504 523 4540 et
548 4507 571 4550 3.
587 4496 671 4542 concl.
699 4506 721 4541 1.
756 4491 811 4542 ⁷c.
837 4493 962 4542 Aristocr.
980 4493 1016 4556 [p.
1035 4495 1092 4556 ⁶³9·
1109 4496 1129 4556 ς.
1148 4495 1201 4558 eo]
1238 4495 1249 4528 ⁸
1275 4499 1416 4558 Xenophon
1434 4477 1465 4546 d'e
1483 4499 1542 4546 inst.

371 4579 429 4639 Cyri
453 4581 470 4626 1·
486 4593 509 4638 ⁷·
537 4581 571 4644 [c.
597 4595 619 4640 5·
637 4584 659 4645 §-
677 4582 728 4645 aa]
