<?xml version="1.0" encoding="UTF-8"?>
<!DOCTYPE html PUBLIC "-//W3C//DTD XHTML 1.0 Transitional//EN"
    "http://www.w3.org/TR/xhtml1/DTD/xhtml1-transitional.dtd">
<html xmlns="http://www.w3.org/1999/xhtml" xml:lang="en" lang="en">
 <head>
  <title>
</title>
<meta http-equiv="Content-Type" content="text/html;charset=utf-8" />
  <meta name='ocr-system' content='tesseract 3.04.00' />
  <meta name='ocr-capabilities' content='ocr_page ocr_carea ocr_par ocr_line ocrx_word'/>
</head>
<body>
  <div class='ocr_page' id='page_1' title='image "./ledroitdeprised00hamagoog_0228.png"; bbox 0 0 3546 5654; ppageno 0'>
   <div class='ocr_carea' id='block_1_1' title="bbox 349 642 1237 723">
    <p class='ocr_par' dir='ltr' id='par_1_1' title="bbox 349 642 1237 723">
     <span class='ocr_line' id='line_1_1' title="bbox 349 642 1237 723; baseline -0.008 -20"><span class='ocrx_word' id='word_1_1' title='bbox 349 642 411 703; x_wconf 75' lang='lat'>206</span> <span class='ocrx_word' id='word_1_2' title='bbox 669 656 714 720; x_wconf 82' lang='lat' dir='ltr'>uu</span> <span class='ocrx_word' id='word_1_3' title='bbox 738 656 831 723; x_wconf 82' lang='lat' dir='ltr'>Juuu</span> <span class='ocrx_word' id='word_1_4' title='bbox 858 653 1042 700; x_wconf 74' lang='lat' dir='ltr'>suntuna.</span> <span class='ocrx_word' id='word_1_5' title='bbox 1068 652 1147 698; x_wconf 78' lang='lat' dir='ltr'>cnr.</span> <span class='ocrx_word' id='word_1_6' title='bbox 1173 652 1237 698; x_wconf 83' lang='lat' dir='ltr'>xm.</span> 
     </span>
    </p>
   </div>
   <div class='ocr_carea' id='block_1_2' title="bbox 347 805 1529 2783">
    <p class='ocr_par' dir='ltr' id='par_1_2' title="bbox 347 805 1521 988">
     <span class='ocr_line' id='line_1_2' title="bbox 349 805 1521 892; baseline -0.001 -16"><span class='ocrx_word' id='word_1_7' title='bbox 349 824 433 878; x_wconf 90' lang='lat' dir='ltr'>esset</span> <span class='ocrx_word' id='word_1_8' title='bbox 464 808 588 892; x_wconf 84' lang='lat' dir='ltr'>uspiam</span> <span class='ocrx_word' id='word_1_9' title='bbox 623 809 711 892; x_wconf 90' lang='lat' dir='ltr'>apud</span> <span class='ocrx_word' id='word_1_10' title='bbox 732 828 845 875; x_wconf 92' lang='lat' dir='ltr'>omnes</span> <span class='ocrx_word' id='word_1_11' title='bbox 867 807 1044 875; x_wconf 89' lang='lat' dir='ltr'>videretur.</span> <span class='ocrx_word' id='word_1_12' title='bbox 1090 805 1206 873; x_wconf 87' lang='lat' dir='ltr'>Poetas</span> <span class='ocrx_word' id='word_1_13' title='bbox 1230 806 1340 890; x_wconf 90' lang='lat' dir='ltr'>itaque</span> <span class='ocrx_word' id='word_1_14' title='bbox 1370 824 1521 875; x_wconf 87' lang='lat' dir='ltr'>canentes</span> 
     </span>
     <span class='ocr_line' id='line_1_3' title="bbox 347 922 519 988; baseline -0.012 0"><span class='ocrx_word' id='word_1_15' title='bbox 347 922 519 988; x_wconf 86' lang='lat' dir='ltr'><strong>audimus:</strong></span> 
     </span>
    </p>

    <p class='ocr_par' dir='ltr' id='par_1_3' title="bbox 501 1031 1350 1114">
     <span class='ocr_line' id='line_1_4' title="bbox 501 1031 1350 1114; baseline -0.002 -18"><span class='ocrx_word' id='word_1_16' title='bbox 501 1031 574 1096; x_wconf 84' lang='lat' dir='ltr'>Nec</span> <span class='ocrx_word' id='word_1_17' title='bbox 594 1051 671 1099; x_wconf 81' lang='lat' dir='ltr'>uero</span> <span class='ocrx_word' id='word_1_18' title='bbox 691 1045 807 1096; x_wconf 81' lang='lat' dir='ltr'>terrae</span> <span class='ocrx_word' id='word_1_19' title='bbox 822 1031 923 1114; x_wconf 83' lang='lat' dir='ltr'>ferre</span> <span class='ocrx_word' id='word_1_20' title='bbox 946 1050 1050 1094; x_wconf 82' lang='lat' dir='ltr'>omues</span> <span class='ocrx_word' id='word_1_21' title='bbox 1073 1033 1183 1095; x_wconf 83' lang='lat' dir='ltr'>omnio</span> <span class='ocrx_word' id='word_1_22' title='bbox 1201 1043 1350 1114; x_wconf 84' lang='lat' dir='ltr'><em>possunt.</em></span> 
     </span>
    </p>

    <p class='ocr_par' dir='ltr' id='par_1_4' title="bbox 393 1143 519 1208">
     <span class='ocr_line' id='line_1_5' title="bbox 393 1143 519 1208; baseline 0 -2"><span class='ocrx_word' id='word_1_23' title='bbox 393 1143 474 1208; x_wconf 90' lang='lat' dir='ltr'>Item</span> <span class='ocrx_word' id='word_1_24' title='bbox 489 1146 519 1206; x_wconf 88' lang='lat'>¹:</span> 
     </span>
    </p>

    <p class='ocr_par' dir='ltr' id='par_1_5' title="bbox 349 1249 1529 2783">
     <span class='ocr_line' id='line_1_6' title="bbox 502 1249 793 1332; baseline 0.003 -16"><span class='ocrx_word' id='word_1_25' title='bbox 502 1249 683 1317; x_wconf 79' lang='lat' dir='ltr'><em>Excudent</em></span> <span class='ocrx_word' id='word_1_26' title='bbox 705 1251 793 1332; x_wconf 81' lang='lat' dir='ltr'>alti,</span> 
     </span>
     <span class='ocr_line' id='line_1_7' title="bbox 350 1360 1524 1446; baseline -0.002 -16"><span class='ocrx_word' id='word_1_27' title='bbox 350 1380 381 1430; x_wconf 91' lang='lat' dir='ltr'>et</span> <span class='ocrx_word' id='word_1_28' title='bbox 404 1384 486 1446; x_wconf 89' lang='lat' dir='ltr'>quae</span> <span class='ocrx_word' id='word_1_29' title='bbox 516 1377 714 1446; x_wconf 89' lang='lat' dir='ltr'>sequuntur.</span> <span class='ocrx_word' id='word_1_30' title='bbox 759 1361 834 1428; x_wconf 91' lang='lat' dir='ltr'>Hoc</span> <span class='ocrx_word' id='word_1_31' title='bbox 856 1360 957 1446; x_wconf 89' lang='lat' dir='ltr'>igitur</span> <span class='ocrx_word' id='word_1_32' title='bbox 980 1361 1039 1444; x_wconf 92' lang='lat' dir='ltr'>qui</span> <span class='ocrx_word' id='word_1_33' title='bbox 1060 1363 1208 1440; x_wconf 89' lang='lat' dir='ltr'>tollunt,</span> <span class='ocrx_word' id='word_1_34' title='bbox 1232 1361 1319 1427; x_wconf 92' lang='lat' dir='ltr'>illam</span> <span class='ocrx_word' id='word_1_35' title='bbox 1339 1361 1524 1430; x_wconf 86' lang='lat' dir='ltr'>laudatissi-</span> 
     </span>
     <span class='ocr_line' id='line_1_8' title="bbox 349 1469 1524 1558; baseline -0.003 -15"><span class='ocrx_word' id='word_1_36' title='bbox 349 1496 432 1543; x_wconf 88' lang='lat' dir='ltr'>mam</span> <span class='ocrx_word' id='word_1_37' title='bbox 454 1476 577 1541; x_wconf 93' lang='lat' dir='ltr'>tollunt</span> <span class='ocrx_word' id='word_1_38' title='bbox 598 1473 733 1540; x_wconf 90' lang='lat' dir='ltr'>humaui</span> <span class='ocrx_word' id='word_1_39' title='bbox 764 1473 890 1558; x_wconf 89' lang='lat' dir='ltr'>generis</span> <span class='ocrx_word' id='word_1_40' title='bbox 918 1473 1129 1553; x_wconf 87' lang='lat' dir='ltr'>societatem,</span> <span class='ocrx_word' id='word_1_41' title='bbox 1148 1469 1271 1540; x_wconf 84' lang='lat' dir='ltr'>tollunt&#39;</span> <span class='ocrx_word' id='word_1_42' title='bbox 1291 1488 1422 1541; x_wconf 91' lang='lat' dir='ltr'>mutuas</span> <span class='ocrx_word' id='word_1_43' title='bbox 1443 1475 1524 1540; x_wconf 94' lang='lat' dir='ltr'>bene</span> 
     </span>
     <span class='ocr_line' id='line_1_9' title="bbox 349 1583 1524 1667; baseline -0.003 -14"><span class='ocrx_word' id='word_1_44' title='bbox 349 1586 491 1653; x_wconf 89' lang='lat' dir='ltr'>faciendi</span> <span class='ocrx_word' id='word_1_45' title='bbox 521 1583 732 1666; x_wconf 84' lang='lat' dir='ltr'>occasiones,</span> <span class='ocrx_word' id='word_1_46' title='bbox 767 1599 915 1650; x_wconf 89' lang='lat' dir='ltr'>naturam</span> <span class='ocrx_word' id='word_1_47' title='bbox 948 1583 1090 1666; x_wconf 90' lang='lat' dir='ltr'>denique</span> <span class='ocrx_word' id='word_1_48' title='bbox 1122 1583 1223 1667; x_wconf 86' lang='lat' dir='ltr'>ipsam</span> <span class='ocrx_word' id='word_1_49' title='bbox 1254 1584 1392 1651; x_wconf 90' lang='lat' dir='ltr'>violant.</span> <span class='ocrx_word' id='word_1_50' title='bbox 1437 1585 1524 1650; x_wconf 89' lang='lat' dir='ltr'>Nam</span> 
     </span>
     <span class='ocr_line' id='line_1_10' title="bbox 351 1693 1525 1778; baseline -0.003 -14"><span class='ocrx_word' id='word_1_51' title='bbox 351 1713 384 1765; x_wconf 91' lang='lat' dir='ltr'>et</span> <span class='ocrx_word' id='word_1_52' title='bbox 417 1697 495 1776; x_wconf 89' lang='lat' dir='ltr'>ille,</span> <span class='ocrx_word' id='word_1_53' title='bbox 529 1715 627 1778; x_wconf 92' lang='lat' dir='ltr'>quem</span> <span class='ocrx_word' id='word_1_54' title='bbox 659 1695 752 1760; x_wconf 90' lang='lat' dir='ltr'>Deus</span> <span class='ocrx_word' id='word_1_55' title='bbox 781 1693 877 1760; x_wconf 88' lang='lat' dir='ltr'>terris</span> <span class='ocrx_word' id='word_1_56' title='bbox 906 1693 1120 1761; x_wconf 88' lang='lat' dir='ltr'>circumfudit</span> <span class='ocrx_word' id='word_1_57' title='bbox 1147 1694 1301 1761; x_wconf 86' lang='lat' dir='ltr'>Oceanus</span> <span class='ocrx_word' id='word_1_58' title='bbox 1324 1697 1472 1778; x_wconf 92' lang='lat' dir='ltr'>undique</span> <span class='ocrx_word' id='word_1_59' title='bbox 1494 1712 1525 1761; x_wconf 91' lang='lat' dir='ltr'>et</span> 
     </span>
     <span class='ocr_line' id='line_1_11' title="bbox 350 1805 1524 1890; baseline 0 -16"><span class='ocrx_word' id='word_1_60' title='bbox 350 1808 617 1890; x_wconf 89' lang='lat' dir='ltr'>undiqueversus</span> <span class='ocrx_word' id='word_1_61' title='bbox 645 1805 864 1890; x_wconf 88' lang='lat' dir='ltr'>navigabilis,</span> <span class='ocrx_word' id='word_1_62' title='bbox 898 1820 931 1872; x_wconf 95' lang='lat' dir='ltr'>et</span> <span class='ocrx_word' id='word_1_63' title='bbox 958 1821 1132 1873; x_wconf 89' lang='lat' dir='ltr'>ventorum</span> <span class='ocrx_word' id='word_1_64' title='bbox 1155 1806 1230 1874; x_wconf 90' lang='lat' dir='ltr'>stati</span> <span class='ocrx_word' id='word_1_65' title='bbox 1260 1822 1318 1874; x_wconf 89' lang='lat' dir='ltr'>aut</span> <span class='ocrx_word' id='word_1_66' title='bbox 1347 1808 1524 1874; x_wconf 88' lang='lat' dir='ltr'>extraordi-</span> 
     </span>
     <span class='ocr_line' id='line_1_12' title="bbox 350 1903 1524 2002; baseline 0 -18"><span class='ocrx_word' id='word_1_67' title='bbox 350 1918 433 1984; x_wconf 89' lang='lat' dir='ltr'>narii</span> <span class='ocrx_word' id='word_1_68' title='bbox 465 1917 587 1999; x_wconf 85' lang='lat' dir='ltr'>flatus,</span> <span class='ocrx_word' id='word_1_69' title='bbox 620 1935 686 1982; x_wconf 91' lang='lat' dir='ltr'>non</span> <span class='ocrx_word' id='word_1_70' title='bbox 710 1916 750 1981; x_wconf 88' lang='lat' dir='ltr'>ab</span> <span class='ocrx_word' id='word_1_71' title='bbox 774 1916 884 1982; x_wconf 87' lang='lat' dir='ltr'>eadem</span> <span class='ocrx_word' id='word_1_72' title='bbox 909 1935 1036 1999; x_wconf 86' lang='lat' dir='ltr'>semper</span> <span class='ocrx_word' id='word_1_73' title='bbox 1058 1932 1127 1983; x_wconf 89' lang='lat' dir='ltr'>eta</span> <span class='ocrx_word' id='word_1_74' title='bbox 1150 1921 1239 1986; x_wconf 88' lang='lat' dir='ltr'>nulla</span> <span class='ocrx_word' id='word_1_75' title='bbox 1259 1938 1326 1985; x_wconf 92' lang='lat' dir='ltr'>non</span> <span class='ocrx_word' id='word_1_76' title='bbox 1349 1903 1524 2002; x_wconf 86' lang='lat' dir='ltr'>aliquando</span> 
     </span>
     <span class='ocr_line' id='line_1_13' title="bbox 351 2027 1526 2114; baseline 0 -18"><span class='ocrx_word' id='word_1_77' title='bbox 351 2029 485 2114; x_wconf 87' lang='lat' dir='ltr'>regione</span> <span class='ocrx_word' id='word_1_78' title='bbox 515 2027 699 2111; x_wconf 87' lang='lat' dir='ltr'>spirantes,</span> <span class='ocrx_word' id='word_1_79' title='bbox 723 2047 831 2094; x_wconf 90' lang='lat' dir='ltr'>nonne</span> <span class='ocrx_word' id='word_1_80' title='bbox 855 2027 1040 2112; x_wconf 88' lang='lat' dir='ltr'>significant</span> <span class='ocrx_word' id='word_1_81' title='bbox 1059 2029 1139 2096; x_wconf 87' lang='lat' dir='ltr'>satis</span> <span class='ocrx_word' id='word_1_82' title='bbox 1161 2049 1352 2096; x_wconf 89' lang='lat' dir='ltr'>concessum</span> <span class='ocrx_word' id='word_1_83' title='bbox 1376 2045 1526 2096; x_wconf 90' lang='lat' dir='ltr'>anatura</span> 
     </span>
     <span class='ocr_line' id='line_1_14' title="bbox 351 2139 1526 2225; baseline -0.002 -17"><span class='ocrx_word' id='word_1_84' title='bbox 351 2141 480 2208; x_wconf 90' lang='lat' dir='ltr'>cunctis</span> <span class='ocrx_word' id='word_1_85' title='bbox 512 2140 667 2225; x_wconf 89' lang='lat' dir='ltr'>gentibus</span> <span class='ocrx_word' id='word_1_86' title='bbox 697 2139 738 2206; x_wconf 86' lang='lat' dir='ltr'>ad</span> <span class='ocrx_word' id='word_1_87' title='bbox 758 2154 894 2205; x_wconf 88' lang='lat' dir='ltr'>cunctas</span> <span class='ocrx_word' id='word_1_88' title='bbox 912 2139 1065 2210; x_wconf 78' lang='lat' dir='ltr'>aditum?</span> <span class='ocrx_word' id='word_1_89' title='bbox 1090 2141 1165 2206; x_wconf 93' lang='lat' dir='ltr'>Hoc</span> <span class='ocrx_word' id='word_1_90' title='bbox 1188 2142 1309 2208; x_wconf 86' lang='lat' dir='ltr'>Seneca</span> <span class='ocrx_word' id='word_1_91' title='bbox 1331 2144 1342 2180; x_wconf 91' lang='lat'>²</span> <span class='ocrx_word' id='word_1_92' title='bbox 1364 2162 1526 2208; x_wconf 92' lang='lat' dir='ltr'>summum</span> 
     </span>
     <span class='ocr_line' id='line_1_15' title="bbox 351 2251 1528 2337; baseline 0.001 -18"><span class='ocrx_word' id='word_1_93' title='bbox 351 2253 498 2319; x_wconf 86' lang='lat' dir='ltr'>Naturae</span> <span class='ocrx_word' id='word_1_94' title='bbox 528 2251 724 2318; x_wconf 87' lang='lat' dir='ltr'>beneficium</span> <span class='ocrx_word' id='word_1_95' title='bbox 755 2265 875 2334; x_wconf 90' lang='lat' dir='ltr'>putat,</span> <span class='ocrx_word' id='word_1_96' title='bbox 910 2251 1001 2333; x_wconf 91' lang='lat' dir='ltr'>quod</span> <span class='ocrx_word' id='word_1_97' title='bbox 1033 2266 1065 2318; x_wconf 92' lang='lat' dir='ltr'>et</span> <span class='ocrx_word' id='word_1_98' title='bbox 1095 2267 1195 2318; x_wconf 91' lang='lat' dir='ltr'>vento</span> <span class='ocrx_word' id='word_1_99' title='bbox 1220 2269 1332 2337; x_wconf 86' lang='lat' dir='ltr'>gentes</span> <span class='ocrx_word' id='word_1_100' title='bbox 1354 2254 1437 2319; x_wconf 90' lang='lat' dir='ltr'>locis</span> <span class='ocrx_word' id='word_1_101' title='bbox 1459 2253 1528 2320; x_wconf 91' lang='lat' dir='ltr'>dis-</span> 
     </span>
     <span class='ocr_line' id='line_1_16' title="bbox 352 2361 1528 2449; baseline 0.003 -21"><span class='ocrx_word' id='word_1_102' title='bbox 352 2363 472 2446; x_wconf 87' lang='lat' dir='ltr'>sipatas</span> <span class='ocrx_word' id='word_1_103' title='bbox 493 2362 648 2443; x_wconf 88' lang='lat' dir='ltr'>miscuit,</span> <span class='ocrx_word' id='word_1_104' title='bbox 670 2377 702 2428; x_wconf 90' lang='lat' dir='ltr'>ct</span> <span class='ocrx_word' id='word_1_105' title='bbox 732 2381 790 2428; x_wconf 92' lang='lat' dir='ltr'>sua</span> <span class='ocrx_word' id='word_1_106' title='bbox 822 2361 931 2428; x_wconf 91' lang='lat' dir='ltr'>omnia</span> <span class='ocrx_word' id='word_1_107' title='bbox 958 2363 992 2429; x_wconf 94' lang='lat' dir='ltr'>in</span> <span class='ocrx_word' id='word_1_108' title='bbox 1022 2363 1171 2448; x_wconf 87' lang='lat' dir='ltr'>regiones</span> <span class='ocrx_word' id='word_1_109' title='bbox 1196 2365 1240 2429; x_wconf 93' lang='lat' dir='ltr'>ita</span> <span class='ocrx_word' id='word_1_110' title='bbox 1271 2365 1466 2449; x_wconf 90' lang='lat' dir='ltr'>descripsit,</span> <span class='ocrx_word' id='word_1_111' title='bbox 1490 2380 1528 2431; x_wconf 91' lang='lat' dir='ltr'>ut</span> 
     </span>
     <span class='ocr_line' id='line_1_17' title="bbox 350 2473 1526 2559; baseline 0.002 -19"><span class='ocrx_word' id='word_1_112' title='bbox 350 2474 582 2540; x_wconf 83' lang='lat' dir='ltr'>necessarium·</span> <span class='ocrx_word' id='word_1_113' title='bbox 600 2473 793 2539; x_wconf 89' lang='lat' dir='ltr'>mortalibus</span> <span class='ocrx_word' id='word_1_114' title='bbox 825 2489 911 2540; x_wconf 91' lang='lat' dir='ltr'>esset</span> <span class='ocrx_word' id='word_1_115' title='bbox 942 2474 1026 2540; x_wconf 93' lang='lat' dir='ltr'>inter</span> <span class='ocrx_word' id='word_1_116' title='bbox 1056 2475 1146 2559; x_wconf 91' lang='lat' dir='ltr'>ipsos</span> <span class='ocrx_word' id='word_1_117' title='bbox 1166 2475 1405 2542; x_wconf 88' lang='lat' dir='ltr'>commercium.</span> <span class='ocrx_word' id='word_1_118' title='bbox 1452 2477 1526 2542; x_wconf 94' lang='lat' dir='ltr'>Hoc</span> 
     </span>
     <span class='ocr_line' id='line_1_18' title="bbox 353 2585 1529 2670; baseline 0.003 -20"><span class='ocrx_word' id='word_1_119' title='bbox 353 2585 454 2670; x_wconf 86' lang='lat' dir='ltr'>igitur</span> <span class='ocrx_word' id='word_1_120' title='bbox 485 2585 540 2669; x_wconf 82' lang='lat' dir='ltr'>J&#39;us</span> <span class='ocrx_word' id='word_1_121' title='bbox 570 2585 610 2651; x_wconf 90' lang='lat' dir='ltr'>ad</span> <span class='ocrx_word' id='word_1_122' title='bbox 640 2598 773 2650; x_wconf 89' lang='lat' dir='ltr'>cunctas</span> <span class='ocrx_word' id='word_1_123' title='bbox 796 2599 907 2668; x_wconf 84' lang='lat' dir='ltr'>gentes</span> <span class='ocrx_word' id='word_1_124' title='bbox 928 2585 1107 2668; x_wconf 87' lang='lat' dir='ltr'>aequaliter</span> <span class='ocrx_word' id='word_1_125' title='bbox 1122 2586 1282 2669; x_wconf 89' lang='lat' dir='ltr'>pertinet:</span> <span class='ocrx_word' id='word_1_126' title='bbox 1306 2589 1397 2670; x_wconf 91' lang='lat' dir='ltr'>quod</span> <span class='ocrx_word' id='word_1_127' title='bbox 1417 2589 1529 2655; x_wconf 87' lang='lat' dir='ltr'>claris-</span> 
     </span>
     <span class='ocr_line' id='line_1_19' title="bbox 352 2695 1528 2783; baseline 0.004 -21"><span class='ocrx_word' id='word_1_128' title='bbox 352 2695 426 2762; x_wconf 90' lang='lat' dir='ltr'>simi</span> <span class='ocrx_word' id='word_1_129' title='bbox 447 2695 676 2782; x_wconf 87' lang='lat' dir='ltr'>jurisconsulti</span> <span class='ocrx_word' id='word_1_130' title='bbox 695 2696 707 2732; x_wconf 79' lang='lat'>⁸</span> <span class='ocrx_word' id='word_1_131' title='bbox 729 2714 875 2778; x_wconf 91' lang='lat' dir='ltr'>eousque</span> <span class='ocrx_word' id='word_1_132' title='bbox 899 2697 1109 2780; x_wconf 88' lang='lat' dir='ltr'>producunt,</span> <span class='ocrx_word' id='word_1_133' title='bbox 1133 2712 1171 2762; x_wconf 94' lang='lat' dir='ltr'>ut</span> <span class='ocrx_word' id='word_1_134' title='bbox 1189 2714 1309 2783; x_wconf 88' lang='lat' dir='ltr'>negent</span> <span class='ocrx_word' id='word_1_135' title='bbox 1326 2701 1425 2765; x_wconf 88' lang='lat' dir='ltr'>ullam</span> <span class='ocrx_word' id='word_1_136' title='bbox 1445 2722 1528 2766; x_wconf 90' lang='lat' dir='ltr'>rem-</span> 
     </span>
    </p>
   </div>
   <div class='ocr_carea' id='block_1_3' title="bbox 352 2807 1527 3228">
    <p class='ocr_par' dir='ltr' id='par_1_6' title="bbox 352 2807 1527 3115">
     <span class='ocr_line' id='line_1_20' title="bbox 352 2807 1527 2902; baseline 0.003 -28"><span class='ocrx_word' id='word_1_137' title='bbox 352 2807 516 2902; x_wconf 85' lang='lat' dir='ltr'>publicam</span> <span class='ocrx_word' id='word_1_138' title='bbox 547 2821 605 2873; x_wconf 91' lang='lat' dir='ltr'>aut</span> <span class='ocrx_word' id='word_1_139' title='bbox 632 2807 816 2890; x_wconf 87' lang='lat' dir='ltr'>Principem</span> <span class='ocrx_word' id='word_1_140' title='bbox 835 2807 1010 2890; x_wconf 89' lang='lat' dir='ltr'>probibere</span> <span class='ocrx_word' id='word_1_141' title='bbox 1033 2808 1067 2874; x_wconf 93' lang='lat' dir='ltr'>in</span> <span class='ocrx_word' id='word_1_142' title='bbox 1091 2809 1281 2876; x_wconf 90' lang='lat' dir='ltr'>universum</span> <span class='ocrx_word' id='word_1_143' title='bbox 1302 2829 1423 2894; x_wconf 92' lang='lat' dir='ltr'>posse,</span> <span class='ocrx_word' id='word_1_144' title='bbox 1444 2834 1527 2894; x_wconf 92' lang='lat' dir='ltr'>quo-</span> 
     </span>
     <span class='ocr_line' id='line_1_21' title="bbox 353 2918 1526 3007; baseline 0.004 -22"><span class='ocrx_word' id='word_1_145' title='bbox 353 2918 461 2986; x_wconf 89' lang='lat' dir='ltr'>minus</span> <span class='ocrx_word' id='word_1_146' title='bbox 483 2919 538 2985; x_wconf 90' lang='lat' dir='ltr'>alii</span> <span class='ocrx_word' id='word_1_147' title='bbox 559 2919 600 2984; x_wconf 92' lang='lat' dir='ltr'>ad</span> <span class='ocrx_word' id='word_1_148' title='bbox 621 2919 773 2986; x_wconf 84' lang='lat' dir='ltr'>subditos</span> <span class='ocrx_word' id='word_1_149' title='bbox 795 2937 875 2986; x_wconf 90' lang='lat' dir='ltr'>suos</span> <span class='ocrx_word' id='word_1_150' title='bbox 896 2919 1053 2986; x_wconf 86' lang='lat' dir='ltr'>accedant</span> <span class='ocrx_word' id='word_1_151' title='bbox 1073 2935 1107 2986; x_wconf 92' lang='lat' dir='ltr'>et</span> <span class='ocrx_word' id='word_1_152' title='bbox 1126 2939 1200 2986; x_wconf 94' lang='lat' dir='ltr'>cum</span> <span class='ocrx_word' id='word_1_153' title='bbox 1219 2920 1284 2986; x_wconf 93' lang='lat' dir='ltr'>illis</span> <span class='ocrx_word' id='word_1_154' title='bbox 1306 2923 1526 3007; x_wconf 88' lang='lat' dir='ltr'>negotientur.</span> 
     </span>
     <span class='ocr_line' id='line_1_22' title="bbox 354 3029 1469 3115; baseline 0.005 -21"><span class='ocrx_word' id='word_1_155' title='bbox 354 3029 443 3095; x_wconf 91' lang='lat' dir='ltr'>Hinc</span> <span class='ocrx_word' id='word_1_156' title='bbox 461 3031 515 3115; x_wconf 89' lang='lat' dir='ltr'>jus</span> <span class='ocrx_word' id='word_1_157' title='bbox 536 3029 704 3096; x_wconf 91' lang='lat' dir='ltr'>descendit</span> <span class='ocrx_word' id='word_1_158' title='bbox 726 3029 888 3113; x_wconf 91' lang='lat' dir='ltr'>hospitale</span> <span class='ocrx_word' id='word_1_159' title='bbox 910 3030 1175 3114; x_wconf 88' lang='lat' dir='ltr'>sanctissimum,</span> <span class='ocrx_word' id='word_1_160' title='bbox 1198 3032 1276 3097; x_wconf 91' lang='lat' dir='ltr'>hinc</span> <span class='ocrx_word' id='word_1_161' title='bbox 1296 3036 1469 3114; x_wconf 89' lang='lat' dir='ltr'>querelae:</span> 
     </span>
    </p>

    <p class='ocr_par' dir='ltr' id='par_1_7' title="bbox 356 3138 1527 3228">
     <span class='ocr_line' id='line_1_23' title="bbox 356 3138 1527 3228; baseline 0.004 -22"><span class='ocrx_word' id='word_1_162' title='bbox 356 3138 453 3223; x_wconf 85' lang='lat' dir='ltr'>Quod</span> <span class='ocrx_word' id='word_1_163' title='bbox 474 3161 578 3228; x_wconf 82' lang='lat' dir='ltr'>genus</span> <span class='ocrx_word' id='word_1_164' title='bbox 601 3142 659 3205; x_wconf 84' lang='lat' dir='ltr'>hoc</span> <span class='ocrx_word' id='word_1_165' title='bbox 678 3142 864 3220; x_wconf 85' lang='lat' dir='ltr'>homiuum,</span> <span class='ocrx_word' id='word_1_166' title='bbox 887 3163 1011 3226; x_wconf 82' lang='lat' dir='ltr'>quaeue</span> <span class='ocrx_word' id='word_1_167' title='bbox 1031 3144 1118 3208; x_wconf 87' lang='lat' dir='ltr'>huuc</span> <span class='ocrx_word' id='word_1_168' title='bbox 1140 3157 1210 3208; x_wconf 86' lang='lat' dir='ltr'>tam</span> <span class='ocrx_word' id='word_1_169' title='bbox 1234 3143 1386 3210; x_wconf 82' lang='lat' dir='ltr'>barbaro</span> <span class='ocrx_word' id='word_1_170' title='bbox 1408 3168 1527 3212; x_wconf 83' lang='lat' dir='ltr'>morem</span> 
     </span>
    </p>
   </div>
   <div class='ocr_carea' id='block_1_4' title="bbox 354 3251 1289 3429">
    <p class='ocr_par' dir='ltr' id='par_1_8' title="bbox 354 3251 1289 3429">
     <span class='ocr_line' id='line_1_24' title="bbox 354 3251 1289 3342; baseline 0.007 -28"><span class='ocrx_word' id='word_1_171' title='bbox 354 3251 532 3318; x_wconf 82' lang='lat' dir='ltr'>Permittit</span> <span class='ocrx_word' id='word_1_172' title='bbox 548 3253 700 3336; x_wconf 83' lang='lat' dir='ltr'>patria?</span> <span class='ocrx_word' id='word_1_173' title='bbox 724 3253 864 3339; x_wconf 84' lang='lat' dir='ltr'>hospitio</span> <span class='ocrx_word' id='word_1_174' title='bbox 880 3254 1099 3342; x_wconf 84' lang='lat' dir='ltr'>prohibemur</span> <span class='ocrx_word' id='word_1_175' title='bbox 1118 3275 1244 3320; x_wconf 81' lang='lat' dir='ltr'>arenae</span> <span class='ocrx_word' id='word_1_176' title='bbox 1267 3251 1289 3321; x_wconf 73' lang='lat'>⁴.</span> 
     </span>
     <span class='ocr_line' id='line_1_25' title="bbox 398 3362 651 3429; baseline 0 -1"><span class='ocrx_word' id='word_1_177' title='bbox 398 3363 445 3428; x_wconf 90' lang='lat' dir='ltr'>Et</span> <span class='ocrx_word' id='word_1_178' title='bbox 465 3362 564 3429; x_wconf 87' lang='lat' dir='ltr'>alibi:</span> <span class='ocrx_word' id='word_1_179' title='bbox 649 3369 651 3374; x_wconf 85' lang='lat'>&#39;</span> 
     </span>
    </p>
   </div>
   <div class='ocr_carea' id='block_1_5' title="bbox 356 3479 1531 3893">
    <p class='ocr_par' dir='ltr' id='par_1_9' title="bbox 1170 3479 1507 3565">
     <span class='ocr_line' id='line_1_26' title="bbox 1170 3479 1507 3565; baseline 0 -21"><span class='ocrx_word' id='word_1_180' title='bbox 1170 3479 1332 3562; x_wconf 80' lang='lat' dir='ltr'>littusque</span> <span class='ocrx_word' id='word_1_181' title='bbox 1352 3499 1507 3565; x_wconf 80' lang='lat' dir='ltr'>rogamus</span> 
     </span>
    </p>

    <p class='ocr_par' dir='ltr' id='par_1_10' title="bbox 356 3588 1531 3893">
     <span class='ocr_line' id='line_1_27' title="bbox 420 3588 1475 3675; baseline 0.004 -23"><span class='ocrx_word' id='word_1_182' title='bbox 420 3588 626 3667; x_wconf 75' lang='lat' dir='ltr'>Innocuam,</span> <span class='ocrx_word' id='word_1_183' title='bbox 649 3600 681 3652; x_wconf 85' lang='lat' dir='ltr'>et</span> <span class='ocrx_word' id='word_1_184' title='bbox 699 3591 828 3652; x_wconf 84' lang='lat' dir='ltr'>cunctis</span> <span class='ocrx_word' id='word_1_185' title='bbox 853 3588 1040 3674; x_wconf 82' lang='lat' dir='ltr'>undamque</span> <span class='ocrx_word' id='word_1_186' title='bbox 1060 3610 1248 3674; x_wconf 79' lang='lat' dir='ltr'>aurumque</span> <span class='ocrx_word' id='word_1_187' title='bbox 1264 3603 1433 3675; x_wconf 82' lang='lat' dir='ltr'>potentem</span> <span class='ocrx_word' id='word_1_188' title='bbox 1453 3590 1475 3656; x_wconf 84' lang='lat'>⁵.</span> 
     </span>
     <span class='ocr_line' id='line_1_28' title="bbox 399 3698 1531 3786; baseline 0.002 -22"><span class='ocrx_word' id='word_1_189' title='bbox 399 3699 446 3764; x_wconf 89' lang='lat' dir='ltr'>Et</span> <span class='ocrx_word' id='word_1_190' title='bbox 467 3698 590 3766; x_wconf 90' lang='lat' dir='ltr'>scimus</span> <span class='ocrx_word' id='word_1_191' title='bbox 612 3699 697 3765; x_wconf 91' lang='lat' dir='ltr'>bella</span> <span class='ocrx_word' id='word_1_192' title='bbox 720 3698 878 3780; x_wconf 86' lang='lat' dir='ltr'>quaedam</span> <span class='ocrx_word' id='word_1_193' title='bbox 900 3719 940 3765; x_wconf 86' lang='lat' dir='ltr'>ex</span> <span class='ocrx_word' id='word_1_194' title='bbox 959 3700 1020 3765; x_wconf 91' lang='lat' dir='ltr'>hac</span> <span class='ocrx_word' id='word_1_195' title='bbox 1043 3719 1139 3766; x_wconf 89' lang='lat' dir='ltr'>causa</span> <span class='ocrx_word' id='word_1_196' title='bbox 1161 3701 1333 3784; x_wconf 86' lang='lat' dir='ltr'>coepisse,</span> <span class='ocrx_word' id='word_1_197' title='bbox 1357 3715 1395 3766; x_wconf 93' lang='lat' dir='ltr'>ut</span> <span class='ocrx_word' id='word_1_198' title='bbox 1416 3702 1531 3786; x_wconf 88' lang='lat' dir='ltr'>Mega-</span> 
     </span>
     <span class='ocr_line' id='line_1_29' title="bbox 356 3808 1530 3893; baseline 0.002 -16"><span class='ocrx_word' id='word_1_199' title='bbox 356 3810 507 3878; x_wconf 89' lang='lat' dir='ltr'>rensibus</span> <span class='ocrx_word' id='word_1_200' title='bbox 529 3809 564 3876; x_wconf 90' lang='lat' dir='ltr'>in</span> <span class='ocrx_word' id='word_1_201' title='bbox 587 3810 806 3878; x_wconf 88' lang='lat' dir='ltr'>Athenienses</span> <span class='ocrx_word' id='word_1_202' title='bbox 826 3808 862 3893; x_wconf 82' lang='lat'>⁸,</span> <span class='ocrx_word' id='word_1_203' title='bbox 886 3811 1151 3878; x_wconf 82' lang='lat' dir='ltr'>Bononiensibus</span> <span class='ocrx_word' id='word_1_204' title='bbox 1172 3811 1206 3879; x_wconf 90' lang='lat' dir='ltr'>in</span> <span class='ocrx_word' id='word_1_205' title='bbox 1228 3813 1374 3880; x_wconf 89' lang='lat' dir='ltr'>Venetos</span> <span class='ocrx_word' id='word_1_206' title='bbox 1395 3811 1424 3876; x_wconf 84' lang='lat'>⁷:</span> <span class='ocrx_word' id='word_1_207' title='bbox 1449 3813 1530 3879; x_wconf 89' lang='lat' dir='ltr'>Cas·</span> 
     </span>
    </p>
   </div>
   <div class='ocr_carea' id='block_1_6' title="bbox 355 4001 552 4014">
    <p class='ocr_par' dir='ltr' id='par_1_11' title="bbox 355 4001 552 4014">
     <span class='ocr_line' id='line_1_30' title="bbox 355 4001 552 4014; baseline 0 0"><span class='ocrx_word' id='word_1_208' title='bbox 355 4001 552 4014; x_wconf 74' lang='lat'>-——</span> 
     </span>
    </p>
   </div>
   <div class='ocr_carea' id='block_1_7' title="bbox 351 4117 1534 4543">
    <p class='ocr_par' dir='ltr' id='par_1_12' title="bbox 351 4117 1534 4543">
     <span class='ocr_line' id='line_1_31' title="bbox 351 4117 1532 4186; baseline 0.001 -19"><span class='ocrx_word' id='word_1_209' title='bbox 351 4160 355 4168; x_wconf 94' lang='lat'>.</span> <span class='ocrx_word' id='word_1_210' title='bbox 395 4119 502 4184; x_wconf 83' lang='lat' dir='ltr'>¹[Virg.</span> <span class='ocrx_word' id='word_1_211' title='bbox 525 4123 590 4168; x_wconf 81' lang='lat' dir='ltr'>Aen.</span> <span class='ocrx_word' id='word_1_212' title='bbox 614 4121 631 4167; x_wconf 94' lang='lat'>1.</span> <span class='ocrx_word' id='word_1_213' title='bbox 654 4120 679 4168; x_wconf 88' lang='lat'>6.</span> <span class='ocrx_word' id='word_1_214' title='bbox 700 4133 739 4169; x_wconf 88' lang='lat' dir='ltr'>vs.</span> <span class='ocrx_word' id='word_1_215' title='bbox 758 4118 827 4183; x_wconf 84' lang='lat'>848.]</span> <span class='ocrx_word' id='word_1_216' title='bbox 864 4117 995 4186; x_wconf 72' lang='lat' dir='ltr'>2Quaest.</span> <span class='ocrx_word' id='word_1_217' title='bbox 1012 4121 1102 4170; x_wconf 88' lang='lat' dir='ltr'>Natur.</span> <span class='ocrx_word' id='word_1_218' title='bbox 1118 4123 1184 4184; x_wconf 74' lang='lat' dir='ltr'>[bs.</span> <span class='ocrx_word' id='word_1_219' title='bbox 1201 4137 1224 4172; x_wconf 87' lang='lat' dir='ltr'>c.</span> <span class='ocrx_word' id='word_1_220' title='bbox 1242 4121 1292 4186; x_wconf 67' lang='lat'>181]</span> <span class='ocrx_word' id='word_1_221' title='bbox 1329 4121 1418 4170; x_wconf 76' lang='lat' dir='ltr'>³Inst.</span> <span class='ocrx_word' id='word_1_222' title='bbox 1436 4123 1467 4170; x_wconf 94' lang='lat' dir='ltr'>de</span> <span class='ocrx_word' id='word_1_223' title='bbox 1484 4121 1532 4169; x_wconf 83' lang='lat' dir='ltr'>rei.</span> 
     </span>
     <span class='ocr_line' id='line_1_32' title="bbox 357 4209 1533 4278; baseline 0.001 -19"><span class='ocrx_word' id='word_1_224' title='bbox 357 4210 410 4259; x_wconf 89' lang='lat' dir='ltr'>div.</span> <span class='ocrx_word' id='word_1_225' title='bbox 424 4214 446 4268; x_wconf 78' lang='lat'>§-</span> <span class='ocrx_word' id='word_1_226' title='bbox 472 4223 493 4258; x_wconf 82' lang='lat'>1.</span> <span class='ocrx_word' id='word_1_227' title='bbox 514 4209 546 4274; x_wconf 89' lang='grc' dir='ltr'>[Ι.</span> <span class='ocrx_word' id='word_1_228' title='bbox 565 4224 587 4258; x_wconf 84' lang='lat' dir='ltr'>a.</span> <span class='ocrx_word' id='word_1_229' title='bbox 613 4210 646 4272; x_wconf 90' lang='lat'>1.]</span> <span class='ocrx_word' id='word_1_230' title='bbox 665 4222 690 4260; x_wconf 91' lang='lat' dir='ltr'>et</span> <span class='ocrx_word' id='word_1_231' title='bbox 705 4212 723 4258; x_wconf 85' lang='lat'>1.</span> <span class='ocrx_word' id='word_1_232' title='bbox 738 4223 813 4258; x_wconf 90' lang='lat' dir='ltr'>nemo</span> <span class='ocrx_word' id='word_1_233' title='bbox 833 4211 917 4271; x_wconf 87' lang='lat' dir='ltr'>igitur.</span> <span class='ocrx_word' id='word_1_234' title='bbox 930 4211 956 4259; x_wconf 83' lang='lat' dir='ltr'>ff.</span> <span class='ocrx_word' id='word_1_235' title='bbox 974 4225 1015 4260; x_wconf 92' lang='lat' dir='ltr'>eo.</span> <span class='ocrx_word' id='word_1_236' title='bbox 1028 4212 1067 4260; x_wconf 84' lang='lat' dir='ltr'>tit.</span> <span class='ocrx_word' id='word_1_237' title='bbox 1087 4211 1132 4276; x_wconf 90' lang='lat' dir='ltr'>[D.</span> <span class='ocrx_word' id='word_1_238' title='bbox 1153 4227 1174 4261; x_wconf 91' lang='lat' dir='ltr'>r.</span> <span class='ocrx_word' id='word_1_239' title='bbox 1193 4216 1216 4262; x_wconf 85' lang='lat'>8.</span> <span class='ocrx_word' id='word_1_240' title='bbox 1234 4213 1272 4278; x_wconf 94' lang='lat'>4.]</span> <span class='ocrx_word' id='word_1_241' title='bbox 1291 4215 1322 4262; x_wconf 92' lang='lat' dir='ltr'>V.</span> <span class='ocrx_word' id='word_1_242' title='bbox 1341 4216 1414 4262; x_wconf 87' lang='lat' dir='ltr'>Gent.</span> <span class='ocrx_word' id='word_1_243' title='bbox 1432 4211 1533 4269; x_wconf 81' lang='lat' dir='ltr'>dejure</span> 
     </span>
     <span class='ocr_line' id='line_1_33' title="bbox 357 4301 1532 4368; baseline 0.002 -20"><span class='ocrx_word' id='word_1_244' title='bbox 357 4301 428 4350; x_wconf 91' lang='lat' dir='ltr'>belli.</span> <span class='ocrx_word' id='word_1_245' title='bbox 448 4303 466 4347; x_wconf 92' lang='lat'>1.</span> <span class='ocrx_word' id='word_1_246' title='bbox 491 4314 512 4348; x_wconf 91' lang='lat'>1.</span> <span class='ocrx_word' id='word_1_247' title='bbox 535 4315 558 4350; x_wconf 87' lang='lat' dir='ltr'>c.</span> <span class='ocrx_word' id='word_1_248' title='bbox 577 4315 615 4362; x_wconf 87' lang='lat'>19.</span> <span class='ocrx_word' id='word_1_249' title='bbox 633 4312 658 4349; x_wconf 90' lang='lat' dir='ltr'>et</span> <span class='ocrx_word' id='word_1_250' title='bbox 672 4303 689 4348; x_wconf 94' lang='lat' dir='ltr'>l.</span> <span class='ocrx_word' id='word_1_251' title='bbox 703 4313 866 4350; x_wconf 86' lang='lat' dir='ltr'>mercatores.</span> <span class='ocrx_word' id='word_1_252' title='bbox 884 4304 913 4350; x_wconf 87' lang='lat' dir='ltr'>C.</span> <span class='ocrx_word' id='word_1_253' title='bbox 931 4304 963 4351; x_wconf 91' lang='lat' dir='ltr'>de</span> <span class='ocrx_word' id='word_1_254' title='bbox 977 4316 1069 4352; x_wconf 91' lang='lat' dir='ltr'>comm.</span> <span class='ocrx_word' id='word_1_255' title='bbox 1089 4302 1131 4366; x_wconf 88' lang='lat' dir='ltr'>[C.</span> <span class='ocrx_word' id='word_1_256' title='bbox 1148 4318 1173 4365; x_wconf 89' lang='lat'>4.</span> <span class='ocrx_word' id='word_1_257' title='bbox 1187 4305 1229 4361; x_wconf 78' lang='lat'>63.</span> <span class='ocrx_word' id='word_1_258' title='bbox 1244 4304 1282 4368; x_wconf 89' lang='lat'>4.]</span> <span class='ocrx_word' id='word_1_259' title='bbox 1319 4305 1330 4336; x_wconf 91' lang='lat'><strong>⁴</strong></span> <span class='ocrx_word' id='word_1_260' title='bbox 1347 4305 1417 4364; x_wconf 89' lang='lat' dir='ltr'>Virg.</span> <span class='ocrx_word' id='word_1_261' title='bbox 1435 4307 1499 4352; x_wconf 82' lang='lat' dir='ltr'>Aen.</span> <span class='ocrx_word' id='word_1_262' title='bbox 1516 4307 1532 4351; x_wconf 92' lang='lat' dir='ltr'>l.</span> 
     </span>
     <span class='ocr_line' id='line_1_34' title="bbox 360 4390 1534 4459; baseline 0.002 -19"><span class='ocrx_word' id='word_1_263' title='bbox 360 4405 381 4440; x_wconf 91' lang='lat' dir='ltr'>r.</span> <span class='ocrx_word' id='word_1_264' title='bbox 406 4390 456 4454; x_wconf 83' lang='lat' dir='ltr'>[vs.</span> <span class='ocrx_word' id='word_1_265' title='bbox 474 4403 529 4453; x_wconf 79' lang='lat'>539.</span> <span class='ocrx_word' id='word_1_266' title='bbox 546 4392 596 4454; x_wconf 89' lang='lat' dir='ltr'>sq.]</span> <span class='ocrx_word' id='word_1_267' title='bbox 632 4390 642 4422; x_wconf 79' lang='lat'>⁵</span> <span class='ocrx_word' id='word_1_268' title='bbox 660 4392 729 4452; x_wconf 85' lang='lat' dir='ltr'>Virg.</span> <span class='ocrx_word' id='word_1_269' title='bbox 744 4395 808 4441; x_wconf 81' lang='lat' dir='ltr'>Aen.</span> <span class='ocrx_word' id='word_1_270' title='bbox 823 4395 840 4440; x_wconf 95' lang='lat' dir='ltr'>l.</span> <span class='ocrx_word' id='word_1_271' title='bbox 855 4406 879 4450; x_wconf 85' lang='lat'>7.</span> <span class='ocrx_word' id='word_1_272' title='bbox 895 4393 947 4454; x_wconf 87' lang='lat' dir='ltr'>[vs.</span> <span class='ocrx_word' id='word_1_273' title='bbox 964 4408 1020 4456; x_wconf 78' lang='lat'>229.</span> <span class='ocrx_word' id='word_1_274' title='bbox 1043 4394 1094 4459; x_wconf 83' lang='lat' dir='ltr'>sq.]</span> <span class='ocrx_word' id='word_1_275' title='bbox 1128 4395 1140 4426; x_wconf 69' lang='grc' dir='ltr'><strong>θ</strong></span> <span class='ocrx_word' id='word_1_276' title='bbox 1157 4395 1235 4445; x_wconf 89' lang='lat' dir='ltr'>Diod.</span> <span class='ocrx_word' id='word_1_277' title='bbox 1255 4397 1284 4457; x_wconf 94' lang='lat' dir='ltr'>[l.</span> <span class='ocrx_word' id='word_1_278' title='bbox 1303 4410 1341 4444; x_wconf 83' lang='lat'>12.</span> <span class='ocrx_word' id='word_1_279' title='bbox 1359 4411 1380 4444; x_wconf 85' lang='lat' dir='ltr'>o.</span> <span class='ocrx_word' id='word_1_280' title='bbox 1397 4409 1437 4459; x_wconf 81' lang='lat'>39.</span> <span class='ocrx_word' id='word_1_281' title='bbox 1457 4394 1534 4458; x_wconf 84' lang='lat' dir='ltr'>[Plut.</span> 
     </span>
     <span class='ocr_line' id='line_1_35' title="bbox 357 4480 1045 4543; baseline 0.007 -15"><span class='ocrx_word' id='word_1_282' title='bbox 357 4481 462 4529; x_wconf 85' lang='lat' dir='ltr'>Pericle.</span> <span class='ocrx_word' id='word_1_283' title='bbox 483 4482 523 4543; x_wconf 91' lang='lat' dir='ltr'>[p.</span> <span class='ocrx_word' id='word_1_284' title='bbox 542 4482 597 4530; x_wconf 84' lang='lat'>168.</span> <span class='ocrx_word' id='word_1_285' title='bbox 613 4481 652 4543; x_wconf 88' lang='lat' dir='ltr'>b.]</span> <span class='ocrx_word' id='word_1_286' title='bbox 689 4480 700 4515; x_wconf 90' lang='lat'>⁷</span> <span class='ocrx_word' id='word_1_287' title='bbox 717 4482 765 4542; x_wconf 83' lang='lat' dir='ltr'>sig.</span> <span class='ocrx_word' id='word_1_288' title='bbox 781 4485 829 4532; x_wconf 90' lang='lat' dir='ltr'>ult.</span> <span class='ocrx_word' id='word_1_289' title='bbox 844 4487 861 4531; x_wconf 88' lang='lat' dir='ltr'>l.</span> <span class='ocrx_word' id='word_1_290' title='bbox 877 4485 908 4532; x_wconf 91' lang='lat' dir='ltr'>de</span> <span class='ocrx_word' id='word_1_291' title='bbox 923 4485 976 4532; x_wconf 89' lang='lat' dir='ltr'>reb.</span> <span class='ocrx_word' id='word_1_292' title='bbox 992 4487 1045 4533; x_wconf 84' lang='lat' dir='ltr'>Ital.</span> 
     </span>
    </p>
   </div>
   <div class='ocr_carea' id='block_1_8' title="bbox 0 0 1792 5654">
    <p class='ocr_par' dir='ltr' id='par_1_13' title="bbox 0 0 1792 5654">
     <span class='ocr_line' id='line_1_36' title="bbox 0 0 1792 5654; baseline 0 0"><span class='ocrx_word' id='word_1_293' title='bbox 0 0 1792 5654; x_wconf 95' lang='lat' dir='ltr'> </span> 
     </span>
    </p>
   </div>
  </div>
 </body>
</html>
