3546 5654
537 667 584 718 nn
607 667 701 738 June
727 663 1406 730 nantoan.car.x1na55

230 821 373 892 barbaris
397 826 507 893 datum
528 841 589 894 est.
634 825 762 890 Ultima
784 835 832 890 est
853 841 975 907 poenae
993 793 1186 906 persecutio
1211 822 1298 886 Nam
1312 822 1406 904 quis
1418 827 1527 926 fdxdjeg
1544 840 1564 926 s:

231 939 307 1021 quis
334 938 455 1004 bellum
481 939 564 1022 gerit
590 937 694 1003 sciens
718 938 902 1021 injustum,
926 956 1000 1001 cum
1022 934 1192 1015 delinquat
1216 933 1481 1049 gravissimeaat
1468 935 1508 979 414·
1530 950 1566 980 44·

128 1033 133 1040 ’
232 1050 347 1115 merito
374 1049 484 1133 puniri
515 1049 610 1114 etiam
641 1049 760 1128 debet,
793 1069 834 1112 ne
866 1047 991 1131 peccati
1019 1042 1210 1130 magnitudo
1240 1001 1431 1127 peccatorip

230 1161 448 1244 patrocinium
466 1173 616 1243 praestet.
663 1159 748 1224 Sunt
768 1175 875 1224 autem
899 1175 1012 1242 graves
1033 1175 1137 1222 noxae
1150 1153 1405 1235 Lusitanorum,

233 1291 315 1354 quas
346 1272 463 1355 partim
491 1271 692 1354 interpositis
728 1272 823 1351 aliis,
848 1270 964 1354 partim
995 1285 1027 1335 et
1057 1269 1119 1352 ipsi
1150 1268 1268 1334 fetere.
1321 1267 1407 1332 Sunt
1420 1283 1460 1382 dra
1484 1283 1565 1330 aanor.

234 1398 341 1449 autem
371 1385 449 1448 haee
481 1383 593 1465 paria,
617 1398 655 1447 ut
683 1383 804 1449 docent
830 1381 1082 1467 jurisconsulti‚
1116 1397 1173 1462 per
1202 1399 1236 1444 se
1266 1380 1320 1444 ael
1350 1393 1407 1461 per
1436 1338 1476 1384 ,a
1494 1339 1565 1384 'rm'

234 1496 371 1560 aiterum
401 1493 507 1559 facete
532 1499 560 1558 ¹:
586 1505 618 1560 et
641 1495 762 1560 crimen
793 1513 860 1560 non
891 1494 1000 1560 minus
1032 1492 1262 1572 mandantem,
1287 1489 1353 1556 imo
1378 1506 1410 1555 et

233 1606 336 1691 magis
359 1605 558 1688 obstringit,
589 1619 686 1687 quarn
711 1627 785 1672 eum
810 1607 868 1689 qui
889 1605 1055 1671 mandanti
1078 1602 1295 1669 ministerium
1316 1618 1409 1685 prae-

235 1714 320 1783 buit.
345 1715 391 1782 Et
412 1719 543 1799 proprie
564 1717 718 1782 traditum
733 1713 892 1797 est‚‘eum
906 1737 973 1799 quo
985 1716 1158 1780 mandante
1177 1727 1234 1780 aut
1252 1714 1408 1780 suadente

235 1828 356 1910 aliquis
378 1829 547 1911 impetitur
574 1843 660 1894 reete
682 1827 846 1894 offendl²:
871 1827 1079 1910 nequeenim
1099 1845 1193 1893 canes
1216 1826 1407 1891 hominibus
1457 1905 1459 1910 Ι

235 1939 384 2005 imitandi
405 1954 505 2022 sunt,
530 1940 588 2020 qui
612 1955 649 2006 ut
677 1939 710 2004 in
734 1935 838 2006 veteri
863 1953 963 2006 versu
986 1955 1058 2019 est,
1081 1938 1220 2021 lapidem
1249 1954 1317 2019 quo
1351 1937 1409 2001 icti

235 2065 333 2132 sunt,
367 2069 433 2116 non
465 2049 572 2134 ipsum
605 2051 663 2132 qui
697 2052 754 2116 icit
781 2065 908 2135 petunt.
958 2051 1144 2117 Conveniet
1163 2049 1218 2114 hic
1242 2048 1334 2131 quod
1354 2048 1409 2113 ille

236 2164 276 2228 de
308 2160 519 2228 buccinatote
543 2163 638 2228 docet
668 2166 850 2246 apologn5‚
888 2163 920 2228 in
950 2163 1025 2227 illos
1048 2161 1185 2226 maxime
1207 2159 1409 2226 animadver-

237 2274 393 2351 tendum,
418 2273 474 2355 qui
497 2293 571 2339 cum
599 2293 656 2356 per
677 2294 711 2338 se
733 2275 872 2339 audeant
893 2273 1000 2352 nihil,
1025 2273 1106 2338 alios
1129 2273 1169 2337 ad
1187 2273 1310 2336 bellum
1332 2290 1409 2336 con-

238 2387 349 2450 citant.
395 2384 487 2470 Quin
516 2385 603 2467 apud
637 2385 810 2450 Senecam:
847 2403 948 2468 aeque
980 2384 1101 2470 dignus
1123 2393 1170 2447 est
1195 2397 1327 2468 poena,
1352 2385 1410 2466 qui

237 2500 303 2563 nim
326 2494 461 2561 adhibet
485 2507 516 2560 et
540 2499 600 2580 qui
623 2497 664 2560 ab
686 2493 763 2570 alio¹
778 2495 914 2561 admota
937 2495 984 2560 ad
1006 2495 1137 2559 lacrum
1161 2510 1255 2557 suam
1285 2496 1409 2557 utitur.

239 2608 350 2672 Aeute
379 2605 545 2691 Tragicos
566 2607 596 2670 ³:
621 2611 676 2671 cai
697 2606 834 2691 prodest
867 2607 969 2671 scelus
1003 2607 1036 2670 Is
1061 2605 1158 2690 fecit.
1204 2603 1408 2670 Delictotum

239 2733 346 2784 autem
380 2737 497 2803 genera
526 2737 565 2782 ex
595 2718 779 2783 narratione
802 2718 870 2800 peti
900 2731 1048 2800 possunt.
1095 2715 1336 2781 Gravissimum
1360 2729 1410 2780 est

239 2829 394 2894 delictum
418 2831 581 2894 hominem
597 2829 775 2910 occidere,
794 2828 881 2894 unde
901 2832 990 2914 leges
1009 2829 1043 2893 in
1062 2827 1196 2893 sicarios
1209 2831 1231 2892 ⁴.
1257 2825 1411 2891 Lusitani
1508 2895 1512 2902 ,

238 2957 346 3008 autem
376 2944 499 3008 multos
526 2941 674 3008 homines
709 2941 893 3007 Hollandos
916 2939 1105 3006 foedissime
1130 2953 1162 3004 et
1185 2937 1409 3004 crudelissime

238 3053 464 3119 trucidarunt:
498 3073 598 3136 quare
622 3051 761 3120 societas
784 3052 897 3117 Indica
925 3051 1148 3118 ministrorum
1181 3066 1314 3118 suorum
1339 3034 1411 3116 vin·

240 3165 361 3230 dictam
385 3165 534 3230 omittere
557 3181 623 3230 non
645 3164 768 3230 debuitt
814 3164 933 3229 Thetis
955 3164 1042 3246 apud
1066 3165 1247 3228 Homerum
1271 3161 1302 3226 ⁵:

410 3281 455 3344 vai
478 3283 511 3355 aa
531 3279 617 3346 τοῦτό
638 3301 694 3357 γε,
716 3265 828 3352 aaaron,
852 3281 993 3358 ἐτήτυμον
1015 3282 1045 3345 οὐ
1067 3278 1155 3343 aazia
1179 3278 1240 3344 ἐστι

411 3393 576 3472 τειρομένοις
596 3389 732 3473 ἑτάροισιν
752 3391 900 3470 ἀμυνέμεν
922 3392 1010 3457 atala
1028 3389 1145 3471 ὄλεθρον.

410 3499 479 3564 illa
502 3498 658 3585 quidem,
675 3498 812 3583 fateor,
821 3493 876 3580 fili
888 3541 899 3578 ‚
924 3501 1134 3562 sanctissima
1157 3517 1208 3563 res
1236 3511 1284 3562 est

413 3611 539 3676 Ulcisai
559 3615 689 3675 comites
712 3605 858 3694 infanda
880 3619 985 3673 morte
998 3621 1175 3694 peremtas.

287 3721 374 3786 Cum
415 3735 522 3787 autem
562 3716 704 3788 servitus
740 3719 930 3786 mortalitati
966 3733 1195 3801 comparetur,
1231 3720 1413 3786 libertatem

241 3833 328 3898 vitae
348 3845 449 3915 prope
473 3831 645 3913 exaequati
668 3845 798 3897 necesse
820 3827 905 3894 esti„
936 3830 1033 3895 Unde
1055 3829 1167 3913 ‘colligi
1188 3844 1300 3912 potest
1310 3851 1412 3912 quan-

243 4027 436 4038 *aa

278 4155 286 4187 1
305 4156 336 4202 V.
350 4153 475 4214 Angelum
500 4163 525 4200 et
547 4153 619 4212 alleg.
641 4151 668 4199 in
688 4161 760 4199 tract.
776 4152 808 4199 de
825 4151 908 4199 malef.
924 4154 945 4209 8.
964 4162 988 4198 et
1014 4149 1198 4212 Sempronium.
1232 4148 1243 4182 ²
1262 4152 1332 4199 Balb.
1351 4151 1377 4200 in
1396 4154 1413 4200 l.

247 4257 268 4294 1.
285 4246 315 4292 C.
332 4247 398 4294 unde
417 4244 453 4293 vi.
470 4245 512 4306 [C.
528 4247 551 4291 8.
567 4243 604 4308 4.]
623 4257 647 4292 n.
663 4244 703 4298 56.
720 4245 762 4291 all.
782 4244 871 4290 innoc«
908 4241 918 4274 ³
937 4243 1038 4290 Medea.
1059 4243 1110 4304 [va
1127 4241 1196 4306 son]
1235 4242 1246 4273 ⁴
1264 4245 1294 4290 V.
1310 4255 1358 4290 tot.
1376 4243 1417 4291 tit.

244 4335 270 4384 ff.
296 4347 321 4384 et
346 4338 376 4384 C.
402 4338 433 4384 ad
458 4338 475 4382 l.
500 4336 578 4383 Com.
604 4336 635 4383 de
652 4335 698 4384 sic.
717 4333 787 4396 [Dig.
804 4336 846 4395 48.
870 4336 893 4382 8.
919 4335 947 4382 C.
966 4347 990 4396 9.
1015 4332 1066 4397 ln]
1102 4331 1175 4396 ⁵[11.
1191 4336 1209 4380 1.
1230 4336 1268 4382 18.
1286 4345 1324 4383 vs.
1345 4334 1413 4396 448]

242 4427 254 4458 ⁵
271 4428 303 4475 V.
320 4427 377 4488 Dig.
397 4429 429 4476 de
445 4429 501 4486 lege
520 4425 596 4476 Favia
618 4428 649 4474 de
665 4425 811 4487 plagiariis,
828 4435 875 4473 tot.
900 4424 940 4473 tit.
956 4436 981 4472 et
1000 4426 1032 4473 de
1049 4427 1118 4472 hom.
1136 4424 1181 4472 lib.
1198 4425 1285 4474 exhib.
1306 4424 1353 4488 [D.
1371 4428 1412 4486 48.
1472 4445 1474 4450 ·

250 4531 287 4574 ιε.
305 4529 329 4566 et
347 4531 388 4579 aa·
408 4517 462 4581 aa]
