3552 5654
561 669 608 714 ur.
631 669 725 736 June
752 668 1097 744 praenituerim.
1353 665 1413 732 157
1446 645 1449 650 ’

245 825 383 891 dicitur:
409 840 506 906 quam
530 823 635 887 Varro
657 825 665 860 ¹
687 822 804 888 dictam
830 799 992 889 existimat
1016 821 1107 904 quod
1128 841 1225 888 manu
1248 822 1412 905 pariatur,

245 956 346 1020 egoa
377 933 609 1016 prehendendo
640 933 751 1000 verius
782 933 861 999 elisa
892 934 986 1000 litera
1019 934 1160 1000 duriore.
1207 935 1323 1015 Itaque
1356 952 1413 1014 op·
1462 983 1467 1014 ,

244 1061 412 1129 ponuntur
437 1044 612 1132 publicari
642 1058 675 1110 et
708 1049 744 1108 in
762 1043 895 1128 praeda
918 1065 982 1109 asse
1002 1043 1023 1110 ².
1068 1044 1282 1111 Diversarum
1306 1059 1414 1110 autern

243 1157 414 1224 civitatum
447 1157 576 1222 diversa
605 1156 666 1220 hac
696 1155 729 1219 in
758 1175 791 1219 re
811 1155 961 1221 instituta
985 1170 1072 1221 sunt.
1116 1156 1168 1220 De
1190 1154 1314 1220 rosere
1337 1175 1414 1220 con·

243 1269 335 1334 venit
363 1287 457 1354 agros
488 1287 528 1333 ex
559 1266 712 1332 hostibus
739 1281 851 1348 captos
870 1267 903 1330 in
927 1267 1045 1349 praeda
1065 1285 1131 1332 non
1157 1285 1250 1348 esse,
1273 1266 1331 1330 sed
1353 1287 1414 1348 pu-

244 1379 356 1446 blicari
376 1382 400 1446 ³.
449 1377 660 1444 Contrarium
691 1377 724 1442 in
757 1377 854 1442 rebus
877 1377 1056 1443 mobilibus
1080 1395 1181 1460 seque
1203 1377 1414 1444 moventibus
1447 1379 1448 1382 ’

244 1505 410 1573 receptum
430 1488 585 1568 videtur,
610 1489 669 1553 hac
689 1487 784 1551 etiam
797 1487 942 1567 ratione,
968 1488 1123 1570 quianon
1135 1488 1214 1554 satis
1227 1487 1413 1571 expeditum

245 1617 294 1667 est
315 1620 422 1667 earum
442 1599 685 1682 possessionem
707 1619 725 1662 a
744 1598 884 1682 singulis
904 1598 1129 1664 detentoribus
1150 1619 1313 1665 revocare.
1338 1600 1414 1664 Huc
1426 1609 1550 1712 mvn?

246 1712 347 1796 igitur
377 1711 493 1777 melius
526 1730 624 1793 quant
654 1710 695 1773 ad
721 1709 862 1792 priorem
883 1709 975 1774 illurn
997 1710 1106 1776 locum
1134 1709 1299 1792 pertinet,
1324 1711 1416 1793 quod

243 1822 327 1908 juris
350 1821 457 1888 civilis
476 1836 508 1886 et
524 1819 721 1903 pontificii
713 1834 923 1903 rnterpretes,
949 1820 1145 1905 etheologis
1157 1821 1252 1886 etiarn
1264 1821 1414 1887 nonnulli

245 1933 471 2018 produnt⁴res
493 1933 631 1999 mobiles
651 1931 803 1998 hostibus
825 1947 951 2013 ereptas
970 1931 1040 1997 heri
1060 1932 1265 2016 singulorum
1285 1932 1415 2016 capien-

244 2045 340 2111 tium.
386 2045 425 2110 Id
456 2044 541 2110 enim
570 2062 637 2109 non
669 2063 709 2107 ex
740 2042 894 2124 primario
927 2058 966 2108 ut
997 2043 1139 2109 diximus
1175 2045 1319 2126 gentium
1341 2045 1414 2127 jure

245 2155 414 2239 procedit,
448 2156 505 2221 sed
537 2175 577 2219 ex
597 2155 671 2238 jure
693 2153 862 2236 positivo,
888 2155 985 2238 cujus
1008 2175 1081 2238 pars
1104 2174 1218 2239 magna
1235 2170 1312 2222 sunt
1336 2175 1414 2220 con-

245 2268 445 2334 suetudines.
491 2265 621 2331 Deinde
651 2284 718 2330 non
751 2285 790 2330 ex
822 2265 977 2331 condicto
1008 2266 1120 2345 venit,
1155 2280 1193 2330 ut
1215 2266 1414 2349 respublicas

246 2379 392 2462 obliget,
414 2378 473 2442 sed
495 2377 588 2459 quasi
609 2375 750 2441 fortuito
771 2395 949 2458 consensu,
975 2396 992 2441 a
1013 2395 1080 2458 quo
1100 2376 1240 2460 singulis
1258 2377 1412 2459 populis,

244 2489 302 2555 ubi
335 2489 380 2576 ita
411 2487 562 2568 videtur,
596 2488 745 2553 recedere
779 2487 916 2560 liberum
939 2502 988 2553 est
1008 2489 1037 2550 ¹:
1062 2501 1094 2553 et
1114 2487 1171 2552 ubi
1194 2489 1412 2568 observatur,

244 2617 311 2666 non
342 2599 464 2665 directa
493 2614 542 2665 est
565 2599 771 2681 acquisitio,
793 2598 851 2664 sed
873 2597 965 2663 brevi
991 2617 1098 2665 manu.
1144 2599 1311 2664 Praeterea
1334 2619 1413 2664 vero

244 2711 357 2795 regula
388 2711 450 2776 ista
482 2710 552 2776 sine
583 2709 771 2776 discrimine
794 2709 994 2776 admittenda
1017 2729 1083 2774 non
1108 2724 1166 2775 est.
1212 2709 1332 2775 Praeda
1357 2725 1415 2776 aut

245 2822 279 2888 in
314 2841 454 2887 excursu
488 2837 544 2888 aut
575 2824 612 2886 in
646 2820 820 2903 procinctu
854 2820 995 2902 capitur.
1041 2820 1115 2884 Itali
1150 2820 1302 2886 doctores
1331 2819 1416 2886 illud
1429 2842 1551 2889 canaria.

244 2937 458 3013 carrariam,
483 2933 546 2998 hoc
569 2934 721 2997 barinum
751 2931 913 2997 vocanti
959 2931 1024 2997 Res
1054 2931 1225 2997 mobiles
1216 2951 1250 2997 rn
1273 2951 1412 2997 excursu
1427 2896 1549 2942 Bu'm'

243 3059 373 3126 captas,
397 3063 463 3109 non
483 3042 616 3125 publica
634 3042 738 3109 totius
758 3041 920 3108 exercitus
938 3043 1081 3123 virtute,
1106 3042 1163 3108 sed
1181 3043 1415 3126 populabunda

243 3175 364 3236 manu,
388 3173 462 3219 curn
485 3153 646 3238 eiusmodi
669 3154 834 3220 actionum
859 3154 936 3220 finis
956 3174 1058 3237 prope
1079 3154 1198 3220 unicus
1221 3154 1264 3218 sit
1286 3155 1413 3220 hostem

245 3265 361 3330 damno
381 3265 528 3345 afficere,
554 3279 587 3329 et
608 3279 742 3347 propter
765 3265 988 3332 difficultatem
1013 3264 1260 3348 inquisitionis,
1284 3265 1415 3348 capien-

243 3375 334 3442 tibus
356 3375 497 3458 singulis
528 3393 699 3442 concessas
724 3375 884 3457 arbitror,
919 3375 983 3442 nisi
1007 3375 1097 3442 aliud
1119 3390 1227 3441 actum
1249 3390 1413 3458 appareat.

244 3487 360 3569 Atque
382 3487 427 3551 ita
450 3485 484 3552 in
506 3481 727 3570 singularibus
749 3487 1023 3554 dimicationibus.
1037 3487 1142 3570 spolia
1163 3487 1250 3554 hosti
1271 3487 1415 3553 detracta

277 3743 337 3794 ¹de
363 3745 423 3805 ling.
450 3747 502 3793 Lat.
530 3748 546 3792 l.
566 3758 589 3800 5.
608 3745 643 3806 [§.
663 3749 718 3804 178.
737 3748 777 3795 ed.
795 3745 883 3808 Mull.]
920 3743 964 3794 ²1.
984 3745 1005 3794 si
1024 3746 1150 3807 captivus.
1168 3749 1191 3805 ς.
1212 3761 1232 3794 1.
1253 3745 1298 3810 [1).
1315 3761 1356 3810 49.
1377 3759 1415 3802 15·

243 3836 297 3898 20.]
318 3848 343 3884 et
361 3838 379 3883 1.
397 3836 419 3884 si
444 3835 506 3894 quid
533 3835 612 3884 bello.
639 3835 668 3899 [l.
692 3837 745 3899 28.]
765 3839 823 3885 eod.
840 3837 880 3884 tit.
914 3836 973 3885 ³V.
992 3850 1067 3898 supra
1084 3839 1116 3885 ad
1134 3849 1198 3897 part.
1219 3851 1241 3884 1.
1260 3849 1305 3884 art.
1324 3851 1347 3886 a.
1365 3839 1416 3885 hoc

243 3939 300 3986 ctp.
317 3939 343 3976 et
361 3927 398 3975 ibi
422 3929 508 3974 locum
532 3927 663 3988 Procopii.
688 3929 763 3976 Duar.
789 3927 815 3976 in
834 3928 873 3975 tit.
892 3929 924 3975 de
942 3941 997 3988 acq.
1015 3942 1064 3976 rer.
1083 3929 1150 3976 dom.
1170 3927 1213 3989 [D.
1231 3941 1272 3988 41.
1293 3925 1328 3990 1.]
1349 3941 1371 3974 c.
1391 3940 1415 3984 3·

244 4016 332 4073 cujac.
351 4017 412 4066 Obs.
431 4019 447 4064 l.
469 4030 507 4078 14.
524 4031 546 4065 c.
565 4030 589 4076 7.
623 4016 634 4048 ⁴
653 4020 693 4067 Gl.
712 4018 738 4065 in
757 4032 779 4066 c.
799 4018 875 4066 sicut.
894 4019 925 4066 de
941 4015 1046 4074 jurejur.
1065 4019 1155 4066 Thom.
1173 4017 1217 4064 lib.
1237 4029 1260 4073 ³·
1278 4018 1309 4065 de
1327 4018 1414 4077 regim.

242 4109 326 4156 Princ.
354 4121 377 4157 c.
402 4122 427 4155 a.
452 4109 528 4156 Hadr.
552 4109 578 4156 in
604 4122 629 4169 4.
655 4120 718 4157 sent.
744 4120 817 4157 tract.
843 4111 875 4157 de
897 4120 956 4156 rest.
975 4112 996 4167 ξ.
1014 4108 1145 4168 aggredior
1162 4121 1242 4156 casus.
1260 4109 1327 4154 Flor.
1344 4121 1371 4166 p.
1390 4120 1413 4164 3.

241 4199 282 4247 tit.
305 4213 329 4260 4.
355 4212 378 4247 c.
405 4212 426 4247 1.
450 4200 507 4262 Joh.
531 4197 625 4256 Major.
651 4199 677 4246 in
703 4213 727 4260 4.
755 4199 812 4247 dist.
842 4212 880 4255 15.
906 4213 947 4259 qu.
976 4213 1015 4246 20.
1042 4201 1120 4259 Alph.
1137 4213 1151 4246 a
1170 4199 1258 4246 Castro
1276 4198 1321 4246 lib.
1341 4212 1363 4245 2.
1382 4199 1413 4246 de

242 4288 303 4346 just.
319 4302 379 4351 pun.
399 4292 493 4338 haeret.
515 4303 536 4338 r.
557 4302 595 4351 14.
615 4289 693 4338 Andr.
711 4290 796 4349 Tiraq.
815 4291 846 4338 de
860 4291 924 4350 legg.
942 4303 1034 4338 comm.
1051 4292 1068 4337 1.
1089 4303 1110 4338 1.
1128 4303 1153 4338 n.
1172 4290 1213 4351 46.
1231 4291 1338 4337 covarr.
1347 4289 1378 4336 ad
1388 4290 1413 4336 d.

246 4393 271 4428 c.
288 4391 422 4440 peccatum
441 4396 466 4441 p.
484 4394 508 4428 a.
527 4384 548 4439 §.
570 4394 608 4428 11.
626 4381 694 4428 Vict.
713 4382 744 4429 de
761 4379 817 4437 jure
827 4381 888 4429 belli
899 4394 924 4429 n.
935 4393 974 4436 51.
1008 4380 1019 4411 ⁵
1037 4382 1067 4428 V.
1078 4394 1100 4428 c.
1111 4394 1134 4428 2.
1144 4382 1175 4429 ad
1184 4393 1235 4439 reg.
1246 4381 1271 4426 8.
1302 4379 1316 4412 θ’
1331 4381 1412 4438 salyc.

242 4470 269 4518 in
294 4472 311 4518 l.
336 4470 367 4517 ab
391 4471 516 4520 hostibus.
542 4474 571 4519 C.
587 4473 618 4520 de
640 4484 708 4532 capt.
728 4470 771 4534 [C.
790 4473 813 4520 8.
832 4485 872 4527 51.
893 4470 943 4534 ra]
965 4472 1048 4520 etalii
1066 4471 1136 4520 citati
1155 4485 1168 4519 a
1186 4469 1277 4519 Thom.
1301 4471 1412 4518 Gramm.

242 4563 306 4609 Dec.
325 4573 366 4619 71.
375 4574 409 4670 ‘n
431 4565 468 4610 18.
