3552 5654
360 640 419 718 138
673 654 720 700 nr.
743 654 837 718 Juar
864 652 1212 702 interemerat.

354 827 476 891 perse
506 821 627 874 contra·
644 807 882 875 adversarium:
915 822 946 873 et
977 807 1024 874 sie
1054 826 1121 876 non
1153 806 1327 890 acquisitio
1349 807 1437 874 foret
1466 810 1524 875 sed

354 918 467 1001 rapina
487 932 544 984 aut
563 917 700 984 furtum.
724 919 808 984 Nam
830 919 979 1002 praedam
1002 918 1071 986 sine
1094 939 1190 987 causa
1212 919 1327 986 crediti
1350 921 1524 1003 procedere

353 1029 557 1114 negavimus.
604 1030 695 1118 Quin
724 1045 756 1096 et
782 1030 960 1098 Abrahami
992 1030 1129 1097 historia
1147 1041 1156 1074 ¹
1177 1031 1216 1096 ab
1248 1030 1315 1096 illis
1340 1030 1525 1097 transmissa

353 1140 578 1223 temporibus,
592 1141 715 1223 quibus
734 1142 790 1226 jus
812 1156 944 1208 naturae
966 1141 1176 1225 purissimum
1195 1140 1447 1226 vigebat,illud
1464 1159 1524 1206 no·

353 1250 487 1318 tandum
519 1251 689 1335 suggerit,
720 1253 811 1334 quod
833 1251 954 1318 fatetur
975 1252 1027 1319 vir
1047 1261 1202 1332 sanctus,
1226 1251 1261 1318 id
1283 1271 1322 1316 ex
1343 1251 1460 1335 praeda
1483 1249 1524 1316 ad

355 1381 389 1427 se
407 1361 588 1444 pertinere,
603 1363 694 1444 quod
709 1363 867 1430 ministris
889 1363 1032 1432 dedisset
1055 1378 1087 1430 et
1107 1364 1197 1445 quod
1213 1362 1312 1430 sociis
1329 1361 1524 1428 distribuere

353 1474 463 1538 vellet.
508 1472 572 1538 His
582 1473 678 1539 ‘eninr
700 1473 843 1556 exceptis
863 1474 946 1540 nihil
964 1476 1050 1540 ultra
1067 1473 1149 1540 dicit
1168 1473 1215 1540 ad
1231 1495 1263 1539 sa
1280 1487 1523 1556 perventurum.

352 1583 462 1652 Primo
495 1583 595 1669 igitur
621 1584 694 1668 jure
725 1604 790 1650 non
825 1584 970 1665 subditi,
1005 1605 1070 1650 non
1104 1584 1334 1664 auxiliatores,
1367 1583 1423 1648 sed
1454 1582 1524 1665 ipse

210 1718 340 1784 confarx.
354 1694 432 1759 balli
460 1698 596 1778 privati
618 1709 739 1759 auctor
763 1695 970 1782 principalis
993 1695 1158 1780 praedam
1182 1698 1333 1782 acquirit
1356 1691 1527 1778 usquead

157 1833 158 1838 ¹
204 1773 316 1886 iiiia*
345 1806 441 1890 juris
475 1804 750 1888 satisfactionem.
797 1805 862 1871 Rei
895 1826 974 1872 vero
1007 1825 1084 1872 suae
1120 1825 1221 1889 penes
1254 1823 1523 1886 unumquemque

207 1903 329 2003 mg?
353 1914 521 1981 arbitrium
544 1930 593 1982 est
612 1917 633 1981 ¹.
678 1916 776 1981 Unde
796 1917 887 1997 quod
906 1915 981 1998 quis
999 1917 1098 1982 habet
1118 1916 1297 1982 dominium
1317 1930 1403 1980 recte
1421 1930 1524 1980 trans-

353 2024 430 2091 fert:
455 2026 520 2091 imo
540 2024 634 2091 etiam
655 2027 746 2108 quod
764 2026 935 2093 habiturus
956 2043 1013 2094 est.
1059 2028 1096 2092 Id
1116 2026 1200 2092 enim
1221 2026 1313 2108 quod
1331 2045 1438 2092 meum
1458 2044 1523 2090 non

354 2150 403 2201 est
426 2136 459 2201 in
483 2157 556 2202 eum
580 2156 711 2220 casum,
737 2157 804 2219 quo
825 2158 933 2204 meum
954 2138 1103 2204 futurum
1125 2153 1196 2218 est,
1228 2152 1314 2204 recte
1348 2134 1523 2204 transfero.

352 2247 464 2315 Potest
485 2263 593 2314 autem
614 2247 765 2329 idem,in
779 2269 875 2331 quem
896 2268 947 2314 res
968 2248 1029 2314 ista
1048 2250 1201 2314 translata
1220 2263 1283 2327 est,
1302 2267 1374 2312 meo
1393 2246 1524 2312 nomine

353 2371 391 2422 ut
423 2373 614 2440 procurator
646 2359 885 2441 possessionem
909 2359 1161 2442 apprehendere.
1208 2361 1298 2432 Haec
1321 2359 1391 2441 ipsa
1418 2372 1524 2422 autem

352 2468 518 2549 possessio
551 2469 723 2535 accedente
755 2490 826 2536 mea
853 2469 1062 2537 concessione
1085 2470 1152 2536 vim
1175 2469 1361 2538 traditionis
1382 2467 1523 2550 accipit,

353 2594 391 2644 ut
408 2580 441 2644 in
462 2599 500 2644 eo
520 2579 577 2660 qui
597 2580 836 2646 commodatum
856 2581 944 2646 dono
964 2580 1018 2647 dat
1037 2597 1094 2646 aut
1110 2595 1226 2647 mutuo
1244 2579 1265 2647 ⁸.
1311 2579 1406 2645 Prius
1426 2579 1525 2661 igitur

352 2711 411 2773 pro
435 2711 507 2773 me,
537 2690 654 2756 deinde
683 2711 741 2773 per
769 2711 820 2757 me
849 2690 914 2757 sibi
943 2691 1109 2774 possidere
1136 2691 1280 2773 incipiet.
1326 2691 1404 2777 Quo
1427 2690 1524 2754 modo

353 2800 505 2868 creditori
526 2822 584 2884 per
607 2801 787 2868 debitorem
810 2817 958 2868 nostrum
980 2802 1160 2868 solvimus:
1185 2802 1368 2884 quodcum
1392 2801 1430 2867 fit
1448 2813 1526 2865 sunt

353 2913 485 2996 quidem
506 2913 741 2994 acquisitiones
760 2913 865 2994 duae,
890 2913 947 2979 sed
967 2915 1086 2993 altera,
1111 2928 1148 2979 ut
1165 2911 1523 2996 Ulpianus⁸ioquitur‚

352 3024 516 3090 celeritate
543 3023 842 3107 conjungendarum
875 3023 958 3088 inter
991 3042 1025 3088 se
1055 3023 1219 3089 actionum
1243 3025 1435 3088 occultatur.
1481 3021 1527 3085 Et

353 3135 416 3198 hoc
440 3147 489 3199 est
512 3133 604 3214 quod
627 3132 659 3198 in
688 3134 761 3217 jure
790 3133 940 3198 Romano
971 3133 1064 3201 brevi
1086 3156 1187 3198 mana
1207 3139 1218 3170 ⁵
1238 3133 1387 3198 dicimus.
1433 3131 1526 3197 Sicut

353 3244 452 3328 igitur
474 3244 645 3325 praedam,
668 3259 843 3328 postquam
862 3244 943 3310 mihi
961 3243 1046 3310 facta
1078 3259 1127 3309 est
1148 3244 1300 3328 propria,
1324 3259 1380 3309 aut
1406 3243 1525 3308 donare

352 3354 443 3420 alteri
467 3354 577 3418 autin
601 3357 745 3421 solutum
769 3356 843 3421 dare
866 3374 1001 3438 possum
1024 3371 1080 3422 aut
1103 3355 1224 3437 quovis
1246 3355 1344 3421 modo
1367 3353 1523 3434 alienare,

352 3465 399 3530 sic
423 3465 518 3530 etiarn
541 3464 616 3530 dare
637 3465 728 3532 alteri
748 3466 987 3548 acquirendam.
1034 3466 1136 3552 Quod
1155 3486 1228 3532 curn
1249 3465 1332 3530 fitis
1352 3464 1398 3530 rei
1418 3477 1525 3548 gestae

353 3576 434 3641 ordo
456 3590 523 3655 est,
547 3591 584 3642 ut
604 3596 702 3659 opera
723 3575 812 3642 illius
833 3577 874 3642 ad
892 3598 943 3642 me
963 3579 1081 3659 praeda
1098 3575 1284 3667 perveniat,
1308 3577 1400 3641 nullo
1418 3591 1525 3640 tamen

352 3702 517 3754 momento
528 3707 628 3770 penes
639 3708 690 3752 me
702 3688 904 3768 substitura,
923 3688 1026 3755 sedin
1039 3688 1144 3770 ipsum
1158 3687 1316 3752 continuo
1329 3687 1524 3767 transitura,

353 3812 391 3863 ut
413 3798 470 3879 qui
487 3800 553 3882 jam
575 3798 815 3881 possessionem
836 3800 954 3865 habeat
976 3813 1008 3864 et
1028 3817 1157 3864 causam
1177 3797 1313 3862 dominii
1332 3797 1526 3879 praeceden-

353 3925 429 3976 tem.
453 3910 627 3992 Propterea
646 3909 788 3975 diximus
807 3908 884 3975 beiii
904 3924 1124 3992 susceptorem
1143 3907 1311 3974 dominum
1330 3908 1399 3972 fieri
1420 3907 1525 3990 primo

355 4041 391 4086 ac
408 4041 465 4104 per
484 4042 519 4086 se
539 4035 571 4086 et
589 4020 652 4086 nisi
674 4021 765 4086 aliter
783 4020 1001 4086 convenisset.
1048 4021 1134 4085 Nam
1156 4034 1212 4085 aut
1231 4019 1300 4102 ipse
1317 4018 1355 4084 fit
1373 4016 1526 4083 dominus

356 4176 544 4187 n...—

387 4268 395 4302 ¹
416 4271 478 4317 Gen.
498 4282 535 4329 14.
550 4282 588 4317 vs.
604 4269 650 4316 ult.
685 4265 695 4298 ²
712 4270 743 4314 V.
758 4281 780 4316 c.
799 4281 821 4315 a.
838 4269 869 4316 ad
884 4277 935 4328 reg.
955 4279 978 4324 3.
996 4268 1056 4316 Inst.
1074 4267 1105 4314 de
1121 4279 1169 4314 rer.
1187 4265 1240 4314 div.
1256 4269 1276 4324 5.
1293 4278 1339 4325 per
1356 4263 1527 4311 traditionem.

355 4363 387 4423 [l.
410 4375 432 4410 a.
459 4373 479 4407 1.
499 4363 520 4417 5.
543 4359 596 4420 40.]
633 4357 725 4407 ³Inst.
746 4360 777 4407 de
801 4372 848 4406 rer.
875 4359 928 4408 div.
946 4363 967 4416 5.
984 4358 1118 4407 interdum.
1138 4355 1171 4420 [1.
1188 4371 1211 4404 a.
1232 4370 1253 4405 1.
1271 4361 1292 4415 5.
1307 4353 1362 4418 44]
1397 4353 1447 4401 ⁴1.
1466 4367 1489 4411 3.
1507 4357 1528 4412 5.

352 4466 411 4514 pen.
429 4451 454 4499 ff.
472 4452 503 4499 de
520 4450 579 4498 don.
597 4450 663 4498 inter
684 4450 767 4499 virum
786 4461 810 4504 et
829 4463 872 4498 ux.
891 4451 936 4511 [D.
954 4463 993 4510 24.
1015 4463 1035 4498 r.
1052 4462 1075 4506 3.
1091 4453 1113 4507 5.
1134 4449 1184 4509 ra]
1231 4449 1241 4480 ⁶
1259 4450 1276 4495 l.
1293 4447 1361 4496 iicet.
1376 4450 1398 4504 5.
1418 4460 1440 4494 1.
1456 4445 1480 4492 ff.
1497 4446 1528 4495 de

353 4543 408 4601 jure
423 4544 475 4591 dot.
493 4536 537 4604 {D.
555 4556 595 4601 23.
612 4555 635 4600 3.
651 4541 705 4605 qa]
