3530 5656
289 689 292 698 ·
391 673 433 716 20
706 667 753 712 DE
775 665 869 732 June
894 663 1080 713 rabenna.
1103 664 1184 712 CAP.
1208 665 1248 712 11.

390 823 469 891 boni
495 821 676 891 communis
698 820 800 906 gratia
812 820 842 903 1,
866 820 890 885 i.
903 841 930 886 e.
943 818 984 885 ad
995 839 1028 886 se
1039 819 1190 886 tuendam
1202 835 1318 886 mutua
1329 840 1390 906 ope
1403 837 1436 887 et
1452 823 1566 904 acqui-

391 936 490 1003 renda
514 935 634 1019 pariter
660 955 716 1014 ea,
740 953 824 1015 quae
844 931 885 997 ad
904 932 1082 998 vivendum
1103 931 1283 1000 necessaria
1304 948 1382 1000 sunt
1401 935 1564 1001 sufficiens

240 1062 380 1123 munuera
392 1047 591 1126 multitudo,
616 1045 804 1131 respublica
827 1043 950 1110 dicitur
974 1057 1005 1108 et
1025 1043 1146 1128 singuli
1170 1043 1203 1109 in
1224 1065 1260 1110 ca
1281 1049 1375 1113 eires.

239 1126 264 1162 ‘⁸
277 1118 345 1164 crure.
433 1159 568 1226 Initium
589 1155 667 1222 huic
688 1155 795 1222 ordini
817 1178 838 1220 a
861 1153 932 1220 Deo
950 1158 1129 1243 principe,
1154 1159 1212 1240 qui
1240 1177 1360 1221 ornnem
1373 1159 1565 1223 nuncnun-

391 1270 468 1337 duru
501 1274 613 1358 regit,
647 1271 703 1333 cui
734 1267 823 1333 nihil
845 1265 934 1352 quael
954 1265 1084 1352 quidem
1104 1271 1140 1331 in
1161 1271 1264 1332 terris
1279 1265 1345 1350 fiat
1365 1289 1430 1334 esse
1452 1285 1563 1356 accep

390 1386 457 1447 tius
485 1380 673 1465 philosophi
697 1377 957 1463 ¹prodiderunt,
982 1398 1081 1462 quart
1104 1377 1246 1443 concilia
1268 1391 1441 1464 coetusque
1460 1382 1562 1446 barni-

391 1515 486 1571 nurn,
510 1515 595 1579 quae
617 1495 770 1560 ciuitates
792 1489 1021 1577 appellantur.
1067 1489 1166 1553 Hanc
1194 1489 1315 1576 legem,
1340 1492 1398 1555 hoc
1411 1493 1496 1577 jus,
1525 1508 1563 1557 ut

390 1604 499 1687 inquit
522 1599 703 1682 Tullius⁸‚
723 1603 886 1690 Juppiter
910 1605 977 1686 ipse
1000 1604 1138 1680 sanxit,
1161 1613 1199 1664 ut
1222 1605 1332 1666 omnia
1352 1607 1561 1690 quaereipu·

390 1716 496 1780 blieae
515 1715 688 1780 salutaria
711 1727 813 1778 essent
835 1713 987 1800 legitima
1009 1725 1040 1776 at
1052 1713 1152 1797 justa
1171 1712 1388 1779 haberentur.
1439 1715 1477 1779 In
1498 1715 1562 1780 hoc

389 1845 501 1892 omnes
527 1825 594 1891 fere
615 1839 726 1911 gentes
748 1824 982 1905 consentiunt,
1016 1843 1100 1904 quae
1121 1837 1227 1888 totum
1250 1843 1308 1907 per
1327 1824 1440 1890 orbem
1459 1825 1492 1890 in
1515 1842 1563 1892 ta-

386 1939 433 2004 les
462 1953 644 2004 conventus
667 1937 861 2003 distributae
884 1934 1163 2017 conspiciuntur,
1188 1933 1233 1999 ita
1251 1949 1289 2000 ut
1314 1935 1371 2002 vix
1392 1937 1561 2004 hominum

387 2048 518 2115 nomine
540 2049 631 2134 digni
656 2049 852 2130 videantur,
876 2046 935 2130 qui
956 2046 995 2112 ab
1008 2046 1073 2113 isto
1085 2045 1239 2112 instituto
1251 2047 1447 2132 abhorrent,
1461 2071 1563 2132 quare

387 2162 532 2228 omnium
556 2161 751 2245 probrorum
773 2159 867 2243 quasi
888 2174 1065 2226 extremum
1086 2172 1136 2224 est
1157 2158 1245 2224 illud
1268 2154 1300 2223 ⁴:

639 2276 789 2362 ἀφρήτωρ,
811 2275 981 2354 ἀθέμιστος,
1005 2274 1141 2346 ἀνέστιος.

530 2383 593 2450 Ille
612 2383 732 2465 exlex,
755 2385 811 2448 cui
829 2382 925 2447 nulla
945 2382 1053 2446 tribus
1074 2379 1225 2465 nullique
1239 2395 1392 2466 penates.

429 2495 577 2562 Accessit
599 2495 763 2562 communi
787 2508 918 2560 naturae
945 2494 1105 2558 humanae
1125 2492 1252 2577 judicio
1275 2493 1479 2580 singulorum
1498 2517 1559 2562 vo-

385 2606 515 2686 luntas,
544 2627 627 2688 quae
660 2620 716 2672 aut
745 2605 848 2689 pactis
874 2604 1044 2671 conventis
1078 2617 1116 2669 ut
1138 2603 1258 2684 initio,
1293 2620 1350 2671 aut
1372 2607 1471 2672 tacita
1494 2607 1559 2692 sig-

383 2716 571 2784 nificatione
611 2733 649 2784 ut
686 2732 798 2801 postea
841 2716 1059 2782 demonstrata
1102 2729 1174 2798 est,
1218 2716 1371 2783 nimirum
1409 2738 1482 2784 cum
1523 2739 1557 2785 se

384 2830 526 2913 quisque
559 2830 599 2896 ad
632 2850 752 2913 corpus
773 2830 838 2914 jam
868 2829 1065 2894 constitutae
1091 2826 1289 2910 reipublicae
1312 2845 1500 2914 aggregaret
1519 2835 1554 2895 ⁶:

383 2940 472 3028 Quia
500 2961 576 3008 curn
607 2961 709 3007 unum
742 2955 775 3006 et
804 2959 993 3022 permanens
1017 2959 1135 3022 corpus
1155 2940 1199 3004 sit
1222 2962 1261 3006 ex
1281 2939 1434 3008 instituto
1457 2941 1556 3008 ratio-

382 3052 433 3118 nis
465 3052 673 3135 respublica,
707 3051 767 3117 etsi
799 3050 946 3134 partibus
977 3051 1137 3128 discreta,
1162 3071 1229 3117 uno
1253 3054 1326 3137 jure
1346 3053 1469 3118 censeri
1487 3067 1556 3119 tota

383 3161 479 3228 debet
499 3161 521 3229 ⁶.
567 3165 605 3229 In
627 3164 687 3229 hac
708 3177 815 3227 autem
838 3162 1073 3240 universitate,
1099 3183 1182 3244 quae
1201 3182 1333 3247 magnae
1353 3163 1442 3229 illius
1464 3167 1556 3231 velut

382 3273 547 3355 quoddam
566 3273 796 3358 compendium
816 3289 889 3355 est,
913 3294 1011 3356 opera
1033 3273 1089 3338 illa
1112 3274 1286 3357 utriusque
1306 3275 1451 3359 iustitiae
1472 3276 1557 3341 mul-

381 3401 416 3451 to
438 3385 573 3452 clarius·
588 3401 754 3470 apparent.
809 3386 896 3450 Nam
919 3388 1132 3472 assignatrix
1152 3387 1375 3469 possessiones
1407 3387 1556 3471 publicas

381 3517 440 3579 pro
471 3497 629 3582 dignitate
662 3499 825 3582 cujusque
855 3496 999 3562 dominis
1021 3496 1178 3564 adscribit
1203 3511 1235 3562 et
1265 3497 1370 3564 officia
1391 3519 1555 3581 oneraque

381 3609 415 3674 in
443 3609 532 3677 cives
562 3630 622 3692 pro
642 3609 771 3677 viribus
793 3609 966 3692 dispertit,
990 3612 1235 3695 campensutrix
1252 3623 1334 3676 'vero
1350 3629 1416 3676 non
1429 3625 1554 3678 tantum

384 3721 467 3786 inter
490 3722 638 3806 singulos
664 3721 893 3804 aequalitatem
914 3735 1042 3800 tuetur,
1066 3721 1123 3788 sed
1148 3735 1181 3786 et
1203 3721 1284 3788 bene
1305 3722 1344 3786 de
1364 3722 1468 3805 patria
1488 3743 1555 3788 me-

380 3833 461 3900 ritos
482 3834 606 3900 honore
628 3848 660 3898 et
687 3834 839 3917 praemiis
871 3847 1094 3900 remuneratur
1124 3832 1211 3898 etin
1232 3852 1405 3900 commune
1428 3853 1551 3900 nocen-

378 3945 468 4011 tibus
503 3946 544 4013 ad
574 3965 694 4030 poenas
728 3946 844 4013 utitur.
889 3945 1069 4033 Quomodo
1103 3958 1210 4010 autem
1242 3945 1381 4027 quaein
1404 3945 1552 4030 singulos

378 4056 465 4123 fiunt
487 4057 528 4124 ad
538 4072 678 4124 cunctos
690 4058 873 4141 pertineant
885 4057 994 4124 eadem
1007 4057 1121 4140 docet,
1146 4075 1219 4124 curn
1231 4071 1358 4139 praeter
1369 4056 1553 4141 triumphos

382 4224 572 4236 -ι--ι

412 4316 420 4349 ¹
438 4316 504 4366 Vide
517 4317 593 4377 Apul.
611 4319 643 4366 de
659 4318 722 4379 phil.
740 4318 802 4366 Plat.
822 4316 889 4381 [vol.
905 4332 928 4367 u.
945 4332 972 4379 p.
989 4317 1059 4382 ass]
1080 4318 1134 4367 Cic.
1151 4320 1183 4367 de
1197 4331 1250 4378 rep.
1259 4319 1276 4365 1.
1287 4329 1310 4374 ³·
1329 4315 1370 4380 [in
1378 4317 1465 4377 fragm.
1476 4318 1487 4378 5
1499 4315 1550 4380 so]

377 4403 388 4438 ²
414 4407 469 4456 Cic.
496 4411 579 4456 somn.
605 4408 672 4470 scip.
699 4407 745 4472 [de
770 4423 824 4469 rep.
850 4410 867 4457 l.
894 4409 917 4457 ό.
944 4423 967 4457 c.
997 4422 1034 4466 1³·
1061 4410 1072 4470 5
1097 4408 1149 4473 aa]
1185 4407 1276 4456 ³1>hin
1297 4422 1334 4457 11.
1354 4406 1391 4472 [c.
1412 4421 1449 4457 12.
1468 4408 1479 4468 5
1498 4405 1550 4470 ab]

375 4495 479 4546 ⁴Hom.
498 4496 540 4561 [11.
558 4513 582 4561 9.
599 4513 637 4550 vs.
653 4499 707 4564 6³·]
742 4500 860 4548 ‘Tbom
879 4514 902 4548 a.
921 4513 944 4548 a.
962 4514 986 4561 q.
1004 4501 1045 4562 98.
1064 4511 1109 4547 art.
1126 4513 1151 4561 4.
1169 4501 1412 4560 Vasq.c.28.n.18.
1446 4499 1551 4559 ‘ipro-

375 4588 525 4649 ponebatur.
542 4589 568 4638 ff.
586 4592 617 4640 de
634 4589 687 4649 jud.
706 4589 750 4654 [D.
762 4604 784 4647 5·
796 4605 817 4639 1.
827 4589 880 4654 7⁶·]
916 4593 933 4639 1.
945 4604 1029 4640 rerum
1037 4591 1154 4644 mixtura.
1163 4591 1189 4639 n.
1199 4593 1230 4640 de
1240 4605 1344 4653 usucap.
1356 4588 1401 4655 [D.
1410 4603 1451 4653 41.
1462 4604 1485 4650 3.
1497 4590 1549 4656 go]
