3552 5654
357 618 399 680 74
648 617 695 662 os
718 617 811 682 Juxtc
838 615 1021 664 runcone.
1047 616 1128 664 cnr.
1155 615 1222 664 vu.

355 775 450 842 ditem
483 769 596 854 venit,
628 771 685 838 sed
718 783 775 836 aut
795 775 926 854 ἀδίκημα
948 784 1005 836 aut
1026 774 1142 842 idedu:
1165 753 1249 854 quae
1273 770 1439 853 quomodo
1460 769 1524 838 dif-

355 882 513 950 ferentem
536 880 656 948 faciant
677 880 898 948 exsecutionis
916 881 1048 947 modum
1068 895 1182 965 postea
1192 881 1378 950 videbimus
1391 885 1414 949 ¹·
1438 883 1526 950 lllud

355 1013 444 1062 nunc
474 1007 603 1060 constat
632 1011 786 1076 personas
818 1011 894 1072 ees,
927 1012 1011 1075 quae
1044 993 1193 1077 injurium
1224 993 1526 1076 quomodocunque

356 1103 474 1170 faciant
505 1105 591 1170 bello
622 1103 814 1187 subjacere,
846 1102 874 1167 si
906 1102 1037 1186 quidem
1067 1103 1134 1187 iuri
1156 1103 1338 1188 subjacent.
1383 1103 1469 1170 Nam
1493 1119 1528 1170 et

356 1217 410 1282 lex
440 1215 528 1298 apud
556 1213 810 1281 Demosthenem
832 1219 844 1255 ¹
863 1227 912 1280 est
944 1216 1131 1297 ἐπανόρθωμα
1147 1221 1204 1282 τῶν
1221 1217 1351 1284 inuenies
1370 1216 1421 1282 nel
1442 1219 1529 1284 deeu-

357 1331 423 1398 σίων
441 1328 683 1411 inemendatos,
708 1345 765 1390 neo
787 1346 826 1391 ea
848 1327 1139 1410 tuntumcorrigie
1156 1345 1241 1410 quae
1263 1338 1396 1410 sponte,
1419 1323 1477 1389 sed
1495 1337 1527 1389 et

357 1459 443 1524 quae
465 1459 529 1504 non
548 1451 660 1524 sponte
673 1449 870 1523 peccantur.
915 1434 1072 1517 Sequitur
1090 1453 1167 1519 ergo
1189 1453 1256 1500 non
1274 1455 1330 1502 eos
1349 1435 1528 1514 duntaxat,

359 1549 417 1632 qui
448 1563 550 1633 agunt
582 1548 753 1613 voluntate
785 1545 906 1628 libera,
939 1546 1002 1611 hoc
1035 1559 1084 1610 cst
1113 1544 1308 1628 principales
1339 1559 1373 1610 et
1394 1545 1528 1625 socios,

359 1659 416 1726 sed
445 1658 659 1726 instrumenta
689 1658 809 1738 etiam,
840 1657 904 1722 hoc
926 1670 975 1724 est
997 1656 1169 1740 subditos,
1192 1672 1280 1722 recte
1301 1655 1446 1722 hostiurn
1468 1675 1529 1723 no·

358 1771 445 1837 mine
467 1768 636 1836 contineri.
680 1768 766 1834 Nam
791 1769 944 1836 subditus
967 1767 1001 1833 in
1024 1787 1063 1834 co
1086 1767 1178 1852 quod
1197 1769 1309 1852 Jussus
1331 1765 1414 1834 facit
1432 1766 1528 1832 etiam

360 1882 387 1948 si
408 1901 474 1948 non
492 1886 588 1952 direti
604 1895 710 1947 tamen
732 1891 810 1950 notri
824 1886 866 1952 eei
887 1875 1015 1954 dorm&
1038 1881 1167 1964 injusta
1183 1879 1301 1963 facit,
1324 1881 1386 1945 etsi
1403 1881 1530 1944 nonin-

352 1996 468 2080 jure'a.
512 1990 569 2058 Ad
585 1991 737 2058 subditos
755 1991 920 2074 pertinent
938 1989 1000 2056 ista
1020 1990 1106 2073 apud
1128 1990 1297 2058 Romanos
1316 1990 1473 2057 solemnia
1495 1988 1529 2054 in

360 2103 607 2172 denuntiatione
632 2109 662 2166 ⁴:
695 2101 832 2188 Populis
860 2105 1050 2188 priscorum
1083 2101 1312 2184 Latinorum,
1346 2102 1530 2168 hominibus

354 2219 479 2304 priscis
493 2215 631 2281 Latinis
642 2213 762 2280 bellum
783 2211 892 2280 indico
905 2211 1077 2298 facioque.
1102 2211 1140 2278 In
1152 2212 1322 2296 rogatione
1334 2211 1360 2276 ⁶:
1384 2212 1530 2296 Vellent,

354 2328 514 2412 juberent
537 2325 692 2411 Philippo
727 2326 801 2411 regi
828 2322 1155 2408 Macedonibusque,
1179 2327 1238 2408 qui
1260 2324 1318 2388 sub
1341 2345 1442 2411 regno
1461 2327 1530 2410 ejus

360 2451 463 2506 essent
494 2435 614 2502 bellum
646 2433 762 2500 indici.
808 2433 845 2498 In
878 2433 951 2516 ipso
986 2433 1116 2499 decreto
1137 2430 1167 2498 ⁶:
1190 2433 1337 2520 Populus
1360 2435 1531 2501 Romanus

361 2570 434 2614 eum
460 2545 581 2633 populo
605 2543 835 2610 Hermundulo
865 2545 1112 2631 hominibusque
1134 2545 1377 2611 Hermundulis
1408 2545 1528 2612 bellum

353 2660 483 2747 jussit:
516 2655 607 2739 quod
638 2669 773 2722 annotat
795 2654 933 2722 Cincius
955 2655 989 2722 in
1012 2676 1046 2722 re
1069 2655 1211 2724 militari.
1254 2656 1314 2722 Illa
1334 2671 1441 2722 autem
1462 2655 1531 2723 for-

361 2769 479 2837 mula⁷
504 2768 597 2835 etiam
621 2766 731 2834 socios
751 2766 1015 2850 comprehendit:
1039 2767 1152 2833 Hostis
1176 2770 1221 2834 sie
1251 2766 1311 2833 ille
1339 2771 1462 2854 quique
1479 2771 1532 2832 in·

362 2895 422 2948 tra
439 2878 615 2968 praesidia
638 2880 707 2964 ejus
731 2889 821 2944 sunt.
867 2879 955 2944 Illud
977 2878 1110 2961 insuper
1129 2879 1298 2946 sciendum
1322 2894 1372 2945 est
1390 2880 1481 2962 quod
1499 2877 1533 2943 in

360 2994 432 3077 jure
458 2990 622 3069 diximus,
655 2989 739 3054 idem
770 3007 809 3054 ex
836 2989 1072 3055 contrariorum
1102 2989 1227 3057 ratione
1251 2990 1284 3056 in
1308 2990 1426 3075 injuria
1446 2988 1533 3055 obti-

363 3121 460 3182 nere,
496 3114 534 3165 ut
561 3099 718 3181 quaedam
751 3099 784 3164 in
819 3098 889 3182 ipsa
913 3099 1122 3168 exsecutione
1144 3101 1276 3168 oriatur.
1320 3100 1407 3166 Nam
1426 3101 1533 3185 justae

364 3210 567 3278 exsecutioni
587 3210 644 3293 qui
668 3209 790 3276 resistit
808 3209 923 3276 ‘sciens
949 3211 1138 3278 nesciensve
1159 3211 1310 3296 injuriam
1330 3212 1418 3278 facit.
1463 3213 1534 3278 Aut

364 3322 449 3390 enim
469 3321 591 3389 detinet
608 3322 643 3387 id
662 3321 753 3404 quod
771 3321 911 3388 alienum
932 3338 998 3405 est,
1017 3338 1157 3389 autnon
1177 3322 1309 3390 facitid
1327 3325 1418 3409 quod
1430 3323 1535 3391 secere

364 3448 512 3500 tenetur:
545 3432 626 3515 quin
659 3433 753 3498 etiam
784 3432 922 3499 offendit
944 3453 1017 3499 eum
1038 3454 1136 3516 quem
1156 3434 1320 3500 offendere
1341 3455 1407 3502 non
1426 3435 1534 3502 debet
1582 3424 1584 3428 ¹

364 3545 444 3612 Non
476 3544 577 3628 igitur
606 3559 684 3610 tune
715 3545 872 3610 duntaxat
901 3545 1083 3627 respublica
1108 3546 1194 3610 bello
1215 3547 1438 3628 persequenda
1462 3560 1533 3627 est,

365 3676 440 3722 cum
472 3655 542 3738 ipsa
570 3655 722 3738 primitus
749 3655 828 3720 facit
856 3655 1007 3740 injuriam
1041 3670 1099 3722 aut
1129 3656 1200 3740 ejus
1231 3656 1429 3740 reipublicae
1468 3678 1534 3722 ma-

366 3767 519 3852 gistratus
550 3766 684 3849 publico
716 3767 847 3832 nomine
879 3781 976 3850 atque
1003 3767 1195 3832 atteroritate
1216 3775 1248 3833 ⁸:
1273 3768 1429 3853 (iacimus
1450 3769 1534 3834 enim

367 3894 399 3944 et
420 3879 484 3944 hoc
508 3877 599 3960 quod
619 3898 677 3960 per
699 3880 834 3944 alterum
857 3876 1029 3962 facimus1)
1053 3879 1112 3944 sed
1134 3894 1213 3944 tunc
1236 3881 1332 3945 etiam
1354 3901 1428 3946 cum
1447 3880 1534 3945 cives

367 3990 424 4072 qui
454 3989 605 4056 fecerunt
632 3989 782 4074 injuriam
810 3989 884 4072 ipsa'
902 4004 1030 4056 tuetur:
1053 4003 1086 4054 et
1106 3989 1197 4056 cives
1218 3989 1364 4057 vicissim
1387 4011 1462 4058 cum
1486 3991 1535 4057 in-

401 4296 455 4346 ¹in
480 4297 570 4344 forma.
605 4294 732 4347 'citatur
757 4297 783 4347 in
804 4303 821 4347 1.
849 4313 871 4346 2.
897 4300 923 4348 ff.
950 4303 981 4349 de
1007 4303 1055 4360 leg.
1081 4300 1124 4362 [D.
1144 4313 1164 4348 1.
1183 4299 1219 4362 ³·]
1254 4298 1362 4350 ³Arist.
1377 4303 1408 4349 de
1425 4313 1489 4350 mor.
1505 4302 1537 4349 ad

367 4387 469 4435 Nicom.
487 4389 584 4444 l.5.c.
608 4389 972 4451 12.[p.1136.2.vs.31.]
1007 4389 1091 4440 ⁴Liv.
1112 4393 1129 4438 l.
1151 4405 1172 4440 1.
1199 4391 1234 4453 [c.
1259 4392 1311 4452 sn]
1347 4389 1432 4439 ‘Lim
1458 4393 1475 4438 l.
1498 4404 1538 4448 31.

369 4477 405 4538 [c.
420 4478 456 4539 6.]
481 4477 492 4510 ⁶
511 4479 607 4528 Gellius
620 4482 637 4528 l.
656 4480 694 4528 16.
706 4493 729 4527 c.
744 4493 768 4540 4.
795 4477 806 4517 ⁷
822 4480 879 4528 Liv.
897 4482 914 4528 l.
930 4484 970 4538 ³8·
989 4479 1026 4543 [c.
1047 4482 1096 4542 11.]
1112 4493 1136 4530 et
1151 4481 1252 4541 passim.
1276 4481 1326 4529 ⁸V.
1336 4482 1402 4530 infra
1414 4481 1539 4530 informa.
