3552 5654
560 689 606 736 DE
631 691 724 754 JURE
752 689 935 736 PRAEDAE.
961 690 1039 737 CAP.
1065 691 1114 736 tx.
1360 689 1420 753 125

247 850 318 926 tio,
350 845 439 931 quod
468 844 611 910 humano
637 848 778 931 generi,
809 865 908 929 quam
932 843 1099 929 quadani
1125 844 1291 910 hominum
1314 843 1421 912 debeo.

250 953 332 1040 Quis
354 968 401 1020 est
421 954 545 1031 bonus,
568 953 679 1036 inquit
691 954 808 1022 Cicero
822 959 853 1032 ¹,
875 953 1031 1040 quifacit
1043 953 1133 1018 nihil
1142 957 1208 1019 nisi
1219 975 1280 1020 sua
1292 958 1420 1021 causa?

247 1067 374 1134 Tamen
397 1065 432 1132 in
452 1065 519 1132 hoc
539 1065 627 1131 bono
650 1065 756 1131 alieno
769 1065 864 1132 etiam
876 1085 972 1132 suum
984 1065 1167 1149 appetitur:
1190 1066 1326 1132 interest
1337 1066 1421 1132 enim

247 1176 434 1244 securitatis
463 1175 610 1241 omnium
644 1175 744 1242 arceri
776 1176 935 1262 injurias,
962 1195 1003 1266 ne
1026 1177 1084 1259 qui
1106 1196 1160 1244 eas
1181 1176 1330 1259 faciunt,
1357 1178 1422 1243 hoc

248 1289 320 1372 ipso
342 1287 539 1370 validiores,
563 1286 740 1368 aliquando
763 1288 797 1354 in
817 1307 878 1354 nos
899 1286 995 1354 etiam
1017 1302 1214 1372 exsurgant,
1237 1303 1294 1354 aut
1305 1287 1360 1353 alii
1372 1286 1421 1353 in·

246 1399 412 1478 vitentur,
445 1397 474 1465 si
507 1397 711 1482 impunitatis
737 1401 840 1465 multa
864 1413 991 1465 exstent
1013 1400 1171 1482 exempla.
1217 1399 1304 1465 Illud
1325 1398 1420 1465 etiam

246 1526 362 1578 notatu
385 1529 451 1577 non
475 1507 645 1594 indignum
669 1524 732 1588 est,
755 1509 843 1576 sicut
865 1508 1098 1593 rempublicam
1120 1509 1421 1576 diximus¹bellum

247 1641 341 1705 saepe
374 1619 540 1703 suscipere
573 1619 742 1702 publicum
777 1641 837 1705 pro
870 1621 997 1705 privata
1031 1620 1173 1689 utilitate
1194 1620 1298 1699 civis,
1321 1619 1367 1686 ita
1390 1635 1422 1686 et

248 1733 353 1799 civem
386 1752 445 1815 pro
469 1729 611 1796 utilitate
640 1730 772 1813 publica
792 1750 879 1797 arma
899 1751 1049 1811 sumere,
1074 1732 1165 1815 quod
1187 1731 1349 1797 interdum
1370 1750 1422 1796 ac·

248 1843 348 1924 cidit,
372 1862 447 1908 cum
471 1860 624 1924 oppressa
646 1842 830 1926 respublica
851 1862 885 1909 se
910 1856 1010 1909 totam
1033 1842 1200 1909 vindicare
1223 1862 1290 1907 non
1301 1856 1422 1925 potest.

249 1953 341 2020 Fecit
373 1954 437 2020 hoc
468 1951 589 2018 Nasica
619 1952 774 2020 adversus
796 1952 1004 2031 Gracchum,
1027 1954 1122 2038 cujus
1146 1953 1278 2037 quidem
1301 1951 1421 2020 factum

247 2065 385 2132 abonis
417 2063 570 2130 omnibus
603 2063 770 2144 laudatur,
800 2062 879 2129 fecit
899 2062 1061 2131 Octavius
1083 2079 1195 2130 contra
1215 2064 1422 2143 Antonium,

248 2175 393 2242 fecerant
426 2194 538 2242 omnes
572 2175 801 2259 tyrannicidae.
859 2174 924 2240 Sed
956 2189 989 2239 et
1022 2174 1103 2242 istos
1132 2174 1342 2242 manifestum
1374 2189 1424 2240 est

248 2287 358 2370 aliqua
381 2306 420 2352 ex
441 2301 531 2370 parte
554 2285 606 2353 sui
629 2305 722 2370 agere
745 2285 858 2369 gratia.
886 2283 972 2350 Nam
996 2283 1083 2350 sicut
1104 2285 1302 2368 reipublicae
1323 2283 1423 2352 inter·

250 2413 300 2463 est
330 2411 449 2463 statum
479 2396 603 2462 civium
625 2394 777 2477 privatim
801 2396 928 2460 salvum
950 2408 1050 2477 atque
1072 2394 1240 2462 florentem
1265 2413 1357 2475 esse,
1378 2394 1423 2460 ita

239 2510 355 2574 ‘multo
386 2506 489 2590 magis
518 2505 641 2572 civium
673 2505 904 2588 rempublicam
925 2504 1120 2572 conservari.
1163 2505 1332 2574 Praeterea
1354 2524 1423 2572 om·

250 2637 333 2697 nes,
365 2615 424 2698 qui
458 2616 501 2682 ob
530 2616 585 2700 jus
617 2615 756 2682 alienum
790 2617 877 2682 bello
909 2616 1074 2682 decertant
1100 2616 1135 2698 ⁸,
1158 2617 1339 2684 necessario
1369 2616 1423 2701 jus

250 2745 347 2793 suum
369 2726 410 2792 ad
432 2726 662 2808 consequenda
683 2726 798 2792 damna
819 2741 852 2792 et
873 2725 1033 2810 impensas
1054 2744 1129 2793 cum
1152 2747 1192 2793 eo
1212 2728 1423 2812 conjunctum

250 2839 385 2906 habent.
430 2837 631 2903 Damnamus
663 2836 764 2922 igitur
795 2857 907 2904 omnes
939 2837 1037 2920 illos,
1063 2836 1121 2920 qui
1147 2842 1180 2906 ἐκ
1201 2841 1369 2920 πλεονεξίας
1393 2851 1425 2902 et

251 2949 368 3032 iniquo
387 2948 495 3014 animo
516 2949 602 3014 bella
621 2963 738 3032 gerunt
758 2948 852 3015 etiam
873 2947 973 3032 justis
992 2947 1109 3014 causis.
1156 2947 1257 3014 Absit
1284 2947 1384 3033 igitur
1406 2967 1425 3013 a

250 3059 439 3143 republica,
478 3058 692 3143 magistratu,
724 3057 852 3143 privato
885 3060 1006 3125 bellum
1034 3058 1233 3142 suscipiente
1254 3073 1287 3125 et
1307 3057 1424 3140 soci0,

246 3170 421 3258 profunda
451 3169 570 3258 cupido
601 3173 735 3257 imperia·
765 3183 797 3235 et
827 3169 1030 3240 divitiarum
1049 3169 1087 3252 ⁴,
1111 3170 1220 3238 absint
1242 3189 1326 3253 quae
1343 3184 1425 3236 teste

252 3281 407 3347 Seneca⁵

463 3390 599 3478 Rupere
620 3391 763 3477 foedus,
788 3395 907 3480 impius
929 3392 1019 3458 lucri
1032 3392 1141 3477 furor

471 3501 521 3568 Et
543 3506 601 3568 ira
619 3516 790 3590 praeceps.

253 3611 328 3678 Hoc
349 3626 399 3678 est
416 3612 630 3697 Augustino⁸
645 3613 867 3698 exprimente,
891 3615 1028 3683 nocendi
1038 3616 1225 3703 cupiditas,
1247 3617 1425 3685 ulciscendi

251 3723 459 3806 crudelitas,
476 3739 517 3794 xet
533 3744 617 3807 quae
644 3724 705 3790 alia
729 3745 768 3791 ex
789 3724 847 3792 illo
867 3727 933 3809 jam
965 3742 1038 3793 ante
1061 3727 1233 3795 citavimus
1244 3733 1265 3794 ⁷.
1286 3727 1370 3794 Nam
1388 3742 1425 3794 ut

252 3835 336 3900 idem
368 3834 502 3900 antistes
522 3840 534 3878 ⁸
558 3835 679 3916 docet,
714 3835 808 3922 apud
837 3856 931 3904 aeros
963 3837 1030 3902 Dei
1060 3838 1205 3903 cultores
1228 3842 1328 3903 etiam
1351 3842 1425 3923 ipsa

252 3946 339 4012 bella
356 3957 486 4032 pacata
506 3957 606 4027 sunt,
628 3965 714 4030 quaa
737 3966 801 4010 non
829 3945 1017 4031 cupiditate
1040 3960 1102 4012 aut
1124 3947 1347 4028 crudelitate,
1370 3947 1428 4014 sed

247 4061 343 4142 pacis
375 4055 485 4122 studio
512 4069 707 4142 geruntur,
740 4069 777 4120 ut
809 4055 894 4120 mali
928 4070 1147 4123 coerceantur
1170 4071 1201 4122 et
1224 4058 1300 4123 boni
1319 4057 1396 4124 subl
1410 4095 1425 4108 ·

252 4181 387 4234 rentur.
435 4165 509 4232 Hoc
534 4179 598 4232 est:
622 4167 658 4230 hi
691 4170 750 4251 qui
772 4165 966 4234 voluntarie
989 4181 1097 4254 agunt
1110 4169 1205 4255 justo
1229 4172 1339 4233 animo
1359 4169 1424 4234 bel·
1437 4169 1582 4272 §pazt-5311·

249 4310 444 4322 w

288 4399 620 4462 ¹adfam.1.7.ep.12.-
653 4399 704 4450 ἐ.
719 4402 743 4451 6.
780 4400 832 4451 ³c.
847 4416 873 4464 4.
908 4402 992 4452 ⁴sa11.
1015 4403 1041 4452 in
1058 4404 1145 4464 fragm.
1164 4403 1234 4465 [libr.
1257 4417 1281 4465 4.
1299 4403 1364 4453 Hist.
1384 4419 1425 4465 ep.

169 4507 170 4512 ¹
254 4489 384 4554 Mithrid]
419 4490 429 4522 ⁵
441 4491 548 4552 Hippol.
563 4490 613 4556 [vs
631 4504 688 4553 540.
704 4491 755 4554 sq.]
791 4492 802 4525 ⁶
820 4507 843 4542 c.
853 4494 915 4555 quid
925 4497 1048 4556 culpatur.
1060 4491 1148 4559 [Dect.
1158 4496 1226 4542 Grat.
1236 4509 1261 4555 p.
1271 4509 1294 4543 a.
1305 4507 1345 4553 23.
1357 4509 1377 4544 1.
1386 4496 1424 4559 4.]

168 4597 179 4618 ·
254 4576 265 4617 ⁷
283 4579 308 4628 in
334 4579 383 4628 fine
397 4594 420 4629 c.
437 4595 460 4639 3.
493 4580 504 4614 ⁸
521 4584 553 4631 de
568 4582 620 4632 div.
636 4586 701 4633 eccl.
719 4584 774 4632 obs.
793 4583 885 4633 citatur
899 4585 924 4633 in
942 4599 964 4634 c.
974 4587 1048 4647 apud.
1059 4584 1148 4648 [Dect.
1158 4586 1226 4634 Grat.
1236 4595 1262 4646 p:
1272 4600 1295 4635 a.
1305 4599 1345 4644 23.
1357 4586 1424 4648 1.6.]
