3536 5692
521 652 568 698 ott
592 651 685 718 JURE
711 651 894 696 Pannona.
920 651 999 696 CAP.
1024 651 1084 697 XV.
1329 649 1396 713 319

222 806 415 872 assumenda
448 825 518 873 esse
548 805 814 888 uniuscuiusque
837 803 1036 886 reipublicae
1059 803 1210 870 instituta
1235 819 1267 869 et
1289 819 1396 869 mores

222 935 255 984 et
288 919 434 1000 proprias
467 917 638 984 utilitates.
684 915 925 988 Universaliter
956 934 1071 980 verum
1103 930 1152 981 est
1174 915 1216 981 ad
1237 934 1395 980 summam

223 1029 455 1111 rempublicam
488 1028 621 1093 navium
659 1026 890 1092 exercitionem
922 1026 1084 1109 pertinere
1114 1033 1151 1106 ¹,
1193 1026 1238 1091 ita
1270 1040 1308 1092 ut
1339 1025 1397 1107 qui

224 1140 430 1204 advehendae
456 1159 602 1205 annonae
630 1159 805 1220 rerumque
836 1137 1089 1204 necessariarum
1125 1155 1224 1204 causa
1257 1138 1397 1218 absunt,

223 1248 289 1315 fere
328 1249 527 1333 reipublicae
567 1269 664 1316 causa
702 1251 816 1315 abesse
848 1249 1074 1334 intelligantur
1102 1254 1124 1314 ¹.
1170 1249 1257 1336 Quis
1290 1263 1396 1313 autern

223 1381 329 1427 rerum
363 1361 588 1427 Batavicarum
623 1361 704 1426 adeo
738 1361 869 1446 ignarus
903 1375 974 1441 est,
1008 1360 1066 1443 qui
1101 1361 1234 1426 unicum
1269 1359 1397 1424 illarum

223 1475 399 1553 columen,
433 1474 533 1539 decus
565 1493 601 1538 ac
635 1471 835 1556 praesidium
860 1491 929 1538 esse
951 1473 1076 1538 nesciat
1100 1472 1340 1556 navigationem
1366 1486 1398 1536 et

223 1584 466 1649 mercaturam?
523 1585 611 1649 Inter
653 1601 765 1650 omnes
807 1598 915 1649 autem
952 1583 1193 1668 negotiationes
1225 1583 1335 1648 Indica
1364 1597 1399 1647 et

224 1695 384 1780 dignitate
418 1712 450 1761 ct
481 1695 707 1780 magnitudine
741 1711 773 1760 et
806 1696 948 1761 utilitate
980 1694 1075 1760 facile
1107 1694 1226 1778 primas
1258 1694 1396 1760 obtinet.

223 1808 401 1890 Postquam
436 1807 518 1873 enim
554 1807 777 1889 Hispanorum
810 1806 921 1872 feritas
956 1808 1150 1873 commercia
1173 1807 1328 1889 abrupit,
1353 1809 1398 1872 la·

222 1919 366 1984 bascenti
386 1920 453 2004 jam
474 1934 674 1985 mercaturae
692 1919 807 1998 Deus,
832 1918 901 2000 ipse
920 1919 1033 2000 Deus,
1057 1919 1215 2000 inquam,
1241 1917 1397 2003 singulari

223 2030 382 2095 beneficio
403 2032 514 2096 orbem
535 2030 633 2096 istum
654 2030 785 2096 batavis
805 2030 942 2112 aperuit.
980 2030 1094 2095 Potuit
1113 2030 1245 2112 quidem
1267 2045 1397 2096 aeterna

223 2142 353 2207 bonitas
375 2142 470 2207 etiam
491 2141 582 2207 Indis
594 2142 823 2221 consuluisse,
848 2161 932 2222 quos
945 2143 1062 2205 horum
1077 2143 1226 2223 exemplo
1239 2141 1397 2206 animatos

221 2253 366 2318 voluerit
398 2253 554 2318 adversus
587 2267 741 2317 terrorem
776 2251 948 2333 Hispanici
981 2251 1146 2330 nominis,
1171 2265 1275 2332 utque
1299 2252 1396 2316 simul

223 2364 352 2430 occasio
385 2362 553 2446 patefieret
585 2362 801 2428 addiscendae
832 2361 1002 2444 religionis
1033 2382 1127 2427 verae
1160 2376 1192 2426 et
1217 2362 1396 2444 simplicis:

192 2475 281 2571 'sed
314 2474 395 2556 quin
419 2489 451 2540 et
474 2474 555 2556 ipsis
588 2489 772 2556 opportune
804 2487 1013 2556 prospectum
1044 2473 1109 2552 sit,
1133 2472 1322 2538 monstratis
1345 2493 1396 2538 re-

225 2587 378 2671 gionibus
402 2587 488 2652 unde
513 2587 622 2652 eadem
646 2586 702 2651 illa
726 2599 936 2668 peterentur,
961 2603 1045 2666 quae
1068 2585 1183 2667 pretiis
1206 2586 1310 2650 multo
1330 2605 1396 2649 ma·

221 2699 372 2782 joribus,
407 2698 492 2763 inter
517 2697 667 2780 graviora
687 2713 790 2762 terrae
812 2715 909 2778 quam
930 2696 1028 2760 maris
1048 2695 1195 2778 pericula
1217 2695 1274 2761 diu
1295 2696 1396 2778 petita

221 2811 287 2893 jam
319 2829 359 2876 ne
392 2809 438 2876 sic
471 2809 603 2890 quidem
636 2807 768 2874 hostilis
799 2807 982 2873 immanitas
1005 2807 1227 2887 concedebat,
1251 2807 1394 2873 dubitari

224 2923 349 3004 nequit.
397 2922 518 2986 Nonne
551 2921 636 2987 enim
669 2921 787 2986 mirum
808 2941 846 2985 ac
869 2939 952 3002 pene
976 2918 1167 2985 incredibile
1191 2933 1260 2999 est,
1285 2917 1395 2984 decem

222 3055 278 3117 per
302 3053 427 3113 annos,
452 3032 575 3115 quibus
598 3032 631 3096 in
657 3032 828 3098 Orientem
851 3030 1041 3115 navigatum
1065 3046 1138 3110 est,
1167 3030 1251 3095 inter
1274 3030 1396 3095 incerta

224 3160 477 3228 tempestatum,
511 3145 623 3229 ignota
655 3144 773 3224 maris,
807 3157 963 3225 portuum
997 3142 1186 3227 incognita,
1221 3140 1397 3224 dispositas

224 3258 349 3339 ubique
373 3257 611 3322 Lusitanorum
635 3255 769 3321 insidias
792 3273 972 3337 numquam
997 3253 1141 3334 factum,
1160 3253 1397 3320 utclassis-ulla

225 3370 360 3434 omnino
393 3369 498 3435 inanis
530 3367 673 3447 rediret,
706 3387 748 3431 ne
777 3366 926 3445 scilicet,
951 3366 1044 3448 quod
1067 3365 1193 3447 alioqui
1216 3365 1396 3431 timendum

224 3496 313 3561 erat,
346 3481 564 3564 dejicerentur
587 3478 686 3544 animi
711 3478 812 3561 inque
836 3478 917 3560 ipsis
940 3477 1151 3560 primordiis,
1181 3497 1266 3559 quae
1289 3497 1395 3542 rerunt

223 3612 411 3677 magnarum
436 3590 626 3656 difficillima
649 3605 748 3671 sunt,
774 3605 911 3655 conatus
930 3589 991 3654 iste
1010 3604 1075 3654 tam
1095 3589 1245 3656 salutaris
1265 3609 1397 3671 oppres-

223 3721 281 3768 sus
315 3702 488 3768 interiret?
535 3701 635 3767 Unde
669 3699 751 3766 mihi
786 3720 851 3765 non
887 3702 1033 3766 humano
1068 3700 1227 3766 duntaxat
1258 3699 1397 3766 consilio

223 3814 283 3880 sed
304 3833 386 3897 pene
408 3812 522 3878 divina
546 3813 686 3893 quadam
710 3810 866 3876 felicitate
890 3811 1050 3876 foederati
1077 3810 1243 3891 Ordines,
1276 3810 1398 3893 patriae

223 3941 397 4010 parentes,
430 3923 585 3989 videntur
616 3923 823 4005 prudentiam
852 3942 943 3988 suam
967 3922 1032 3988 buc
1056 3921 1260 4001 intendisse,
1284 3936 1322 3985 ut
1345 3922 1397 3985 In-

222 4039 312 4104 dicas
344 4037 539 4114 societates,
573 4053 654 4115 quas
687 4034 721 4098 in
753 4033 892 4115 imperio
927 4053 989 4100 suo
1013 4033 1160 4098 diversas
1184 4048 1216 4098 et
1239 4034 1301 4096 hoc
1325 4032 1397 4114 ipso

223 4215 419 4227 ——u--nn—-n

261 4321 268 4352 ¹
287 4323 305 4369 1.
326 4335 347 4369 1.
366 4326 388 4381 §-
407 4321 477 4369 licet.
495 4321 521 4368 ff.
540 4321 571 4368 de
596 4319 703 4369 exercit.
726 4330 774 4367 act.
800 4319 844 4380 [D.
866 4332 904 4380 14.
926 4331 947 4365 1.
969 4330 989 4364 1.
1008 4321 1029 4376 5.
1048 4315 1101 4378 ao]
1137 4313 1182 4364 ²1.
1198 4329 1297 4376 semper
1314 4320 1336 4374 ξ.
1353 4329 1396 4364 ne·

226 4412 373 4470 gotiatores.
398 4410 424 4458 ff.
452 4413 482 4460 de
505 4409 560 4467 jure
585 4409 688 4459 immun.
707 4409 751 4473 [D.
771 4422 809 4464 50·
828 4410 851 4457 ό.
869 4422 892 4464 5.
909 4409 930 4470 5.
950 4407 987 4471 3.]
1007 4408 1081 4456 Adde
1100 4410 1118 4455 l.
1136 4420 1159 4455 α.
1177 4406 1202 4454 ff.
1222 4408 1253 4455 de
1269 4407 1397 4456 nundinis.

231 4501 274 4564 [1).
294 4503 402 4562 50.11.]
