3536 5692
343 726 399 796 358
835 732 1043 775 nocummvrm.

344 911 511 971 Lusitanis:
539 925 637 968 omnes
665 908 741 968 enim
770 905 881 964 facinus
910 905 1068 963 Macafinte
1098 911 1296 976 perpetratum
1326 901 1458 975 iniquum
1487 913 1516 960 et

344 1017 467 1073 immane
497 1023 612 1088 putant.
653 1009 742 1091 Quod
773 1008 970 1068 conditionem
1000 1008 1250 1076 Christianorum,
1281 1005 1332 1079 qui
1361 1006 1456 1064 miseri
1488 1017 1518 1064 et

343 1131 459 1194 egentes
489 1119 519 1175 in
549 1117 721 1191 captivitate
748 1115 872 1182 vivunt,
900 1113 1027 1185 impensa
1055 1127 1142 1184 opera
1162 1112 1286 1167 allevare
1308 1107 1420 1180 studes,
1441 1126 1518 1183 spem

344 1223 414 1280 mihi
446 1221 516 1278 facit
545 1220 623 1289 fore,
651 1229 685 1277 ut
714 1218 744 1274 in
772 1233 862 1274 meam
876 1216 1011 1288 gratiam
1039 1230 1121 1287 agere
1149 1213 1221 1270 velis
1251 1229 1317 1270 cum
1347 1227 1413 1285 rege
1434 1211 1519 1284 Jorae

345 1325 466 1399 ejusque
495 1324 585 1381 fratre
614 1322 691 1380 Rasa
719 1323 816 1378 Bonso
845 1317 881 1376 de
910 1319 1057 1376 Lusitanis
1086 1329 1116 1375 et
1148 1317 1340 1384 Christianis,
1372 1332 1445 1389 quos
1466 1315 1518 1372 sub

346 1431 445 1487 colore
473 1428 550 1501 pacis
580 1427 712 1500 captivos
740 1422 872 1481 abduxit.
912 1425 957 1480 De
984 1421 1127 1478 mercibus
1148 1420 1266 1493 juncae,
1292 1437 1349 1493 qua
1369 1420 1519 1488 Lusitani,

346 1550 418 1607 quos
440 1533 540 1605 cepit,
560 1529 759 1596 vehebantur,
780 1527 853 1584 nihil
875 1523 993 1595 addam,
1014 1541 1068 1582 nec
1079 1526 1214 1597 postulo,
1235 1535 1269 1581 ut
1285 1524 1354 1580 mihi
1367 1524 1520 1581 restituan-

347 1648 413 1706 tur,
434 1653 498 1694 nam
520 1637 597 1692 inter
619 1634 724 1690 milites
745 1629 850 1688 divisas
871 1645 930 1686 esse
951 1629 1042 1702 probe
1063 1629 1133 1685 scio.
1156 1625 1211 1684 Sed
1232 1643 1303 1700 rogo
1325 1637 1355 1684 et
1373 1627 1520 1696 obtestor,

348 1750 382 1798 ut
409 1739 479 1796 mihi
514 1738 669 1796 Lusitanos
699 1746 728 1793 et
758 1733 959 1802 Christianos,
994 1733 1045 1805 qui
1080 1732 1137 1788 illis
1171 1731 1279 1787 nullius
1314 1731 1401 1803 pretii
1436 1740 1519 1803 sunt,

350 1858 520 1915 recuperare
548 1842 650 1910 liceat,
680 1850 710 1897 et
733 1840 899 1912 Philippum
920 1837 1035 1894 Lobum
1056 1853 1088 1892 ac
1112 1836 1229 1893 Petrum
1250 1835 1464 1892 Mascarcheam
1485 1831 1520 1890 ad

351 1955 381 2002 te
401 1945 505 2013 mitto,
533 1945 584 2016 qui
615 1944 668 2000 hac
697 1940 732 2000 de
762 1959 792 1999 re
819 1958 885 1998 cum
914 1957 980 2013 rege
1008 1950 1095 2012 agant
1121 1949 1150 1996 et
1172 1949 1201 1995 te
1221 1938 1342 1995 obsecro
1363 1947 1396 1994 ut
1417 1952 1465 1993 eos
1485 1935 1520 1992 ab

351 2048 430 2104 omni
452 2046 558 2119 injuria
581 2047 657 2104 tueri
679 2057 708 2104 et
730 2047 823 2102 salvos
844 2041 880 2100 ad
901 2044 1057 2102 Lusitanos
1077 2043 1193 2099 mittere
1213 2041 1295 2098 velis.
1337 2040 1423 2097 Faxit
1443 2042 1521 2097 Deus

351 2162 385 2209 ut
407 2167 444 2207 ex
466 2150 553 2206 animi
577 2150 719 2207 sententia
741 2149 811 2205 salvi
832 2158 862 2205 et
883 2148 1041 2204 incolumes
1062 2147 1091 2204 in
1119 2143 1303 2204 Hollandiam
1329 2144 1522 2202 revertamini.

354 2255 485 2329 Scriptae
507 2253 671 2323 Malaccae,
691 2251 721 2310 d.
741 2253 779 2312 26
800 2251 902 2309 Martii
923 2267 1000 2308 anno
1025 2251 1109 2322 1603.

995 2403 997 2408 .
1055 2353 1167 2411 Fernao
1187 2350 1233 2409 dal
1256 2353 1446 2425 Buquerque.

842 2548 1037 2558 ——n—-n

874 2675 999 2776 VIII.

357 2905 511 2962 Errsrosn
530 2905 709 2963 Clamarem
728 2921 848 2964 carrha
866 2922 1019 2964 carnosus
1039 2922 1078 2964 ao
1097 2905 1243 2978 laconum
1256 2905 1522 2962 llamsuancmun.

771 3010 809 3068 Α.
833 3011 919 3082 1603.
939 3009 1049 3067 Mans.
1071 3026 1118 3084 24

835 3188 1039 3198 ———-.—-

397 3309 461 3365 Deo
489 3308 600 3380 placuit
635 3309 729 3366 facere
757 3320 790 3367 ut
817 3307 960 3382 praesidio
992 3319 1044 3367 tuo
1072 3307 1166 3366 redux
1194 3309 1353 3366 Malaccam
1380 3309 1525 3366 venirem:

357 3412 455 3485 itaque
476 3410 544 3468 dum
565 3412 626 3469 vita
646 3412 716 3468 mihi
738 3423 892 3485 suppetet,
914 3423 943 3469 te
963 3410 1086 3470 laudabo
1107 3412 1145 3469 ob
1166 3414 1256 3470 multa
1268 3410 1333 3468 fidei
1345 3425 1375 3470 et
1384 3413 1527 3470 amicitiae

357 3513 547 3582 documenta,
568 3531 641 3587 quae
662 3532 713 3588 per
733 3532 818 3573 omne
839 3516 1016 3588 captivitatis
1038 3526 1149 3588 tempus
1170 3533 1236 3574 cum
1258 3517 1318 3589 ipse
1329 3517 1444 3591 accepi,
1464 3527 1526 3574 tum

358 3619 464 3686 ceteri,
494 3619 545 3691 qui
576 3635 688 3676 mecum
721 3631 813 3678 erant.
855 3621 901 3678 Ex
932 3621 1027 3677 animo
1058 3622 1162 3677 vellem
1194 3637 1238 3677 me
1268 3619 1372 3677 habere
1403 3621 1527 3692 aliquam

358 3722 563 3791 refectionem,
594 3740 681 3796 quam
703 3722 758 3781 tibi
780 3722 859 3781 dono
879 3724 994 3781 mittere
1015 3740 1145 3796 possem,
1165 3734 1199 3781 ut
1220 3725 1318 3797 aliquo
1340 3735 1420 3781 certe
1442 3721 1528 3780 modo

359 3825 498 3884 beneficia
525 3837 575 3885 tua
603 3826 806 3900 rependerem:
835 3826 883 3885 sed
911 3844 971 3884 mea
999 3838 1107 3900 egestas
1136 3839 1164 3885 et
1186 3826 1266 3901 quod
1287 3828 1316 3884 in
1339 3838 1416 3885 terra
1436 3827 1529 3884 aliena

359 3929 436 4003 apud
464 3933 631 4004 peregrinos
660 3948 774 4000 moror,
801 3930 831 3988 id
859 3948 902 3988 me
924 3931 1017 3989 facere
1038 3941 1136 4002 vetat3
1158 3949 1193 3988 ne
1214 3932 1301 3988 vestis
1321 3929 1437 4004 quidem
1460 3930 1531 3988 mihi-

360 4045 506 4108 superest,
533 4046 648 4108 praeter
675 4052 752 4104 eam,
780 4053 836 4108 qua
864 4052 942 4093 nunc
970 4037 1055 4093 etiam
1085 4033 1204 4093 indutus
1235 4052 1314 4092 sum:
1343 4035 1413 4092 haec
1433 4045 1528 4092 autem

361 4136 514 4211 glandibus
535 4155 550 4194 e
572 4137 694 4196 navibus
723 4139 780 4196 tuis
808 4140 915 4196 emissis
945 4139 984 4196 ita
1006 4138 1121 4197 discissa
1142 4151 1172 4196 et
1194 4142 1317 4197 lacerata
1338 4151 1398 4207 est,
1419 4150 1454 4196 ut
1473 4155 1531 4195 am-

362 4242 438 4314 plius
458 4241 503 4299 uti
524 4258 671 4314 nequeam.
712 4243 814 4315 ltaque
841 4245 964 4315 supplex
990 4253 1075 4317 pete,
1096 4253 1131 4299 ut
1151 4242 1220 4299 mihi
1242 4259 1355 4315 segmen
1376 4242 1530 4298 holoserici

362 4345 476 4415 mittas,
498 4343 575 4403 unde
595 4347 678 4404 aliam
698 4357 807 4404 vestem
828 4345 933 4404 confici
954 4347 1085 4420 Jubeam:
1106 4344 1187 4419 quod
1207 4346 1230 4402 si
1251 4345 1370 4415 feceris,
1391 4362 1531 4403 summum

363 4447 534 4506 beneficium
556 4449 666 4524 putabo
687 4461 716 4508 et
737 4461 771 4508 ut
793 4452 999 4524 eleemosynam
1021 4462 1118 4524 gratus
1139 4467 1155 4507 a
1176 4460 1206 4508 te
1216 4449 1371 4524 accipiam:
1393 4460 1426 4507 tu
1437 4460 1531 4507 autem

365 4553 525 4611 meminisse
553 4554 626 4612 velis
650 4571 707 4628 qua
727 4553 897 4613 conditione
917 4554 1039 4625 fuerim,
1060 4570 1125 4613 cum
1147 4554 1271 4627 primum
1293 4554 1323 4613 in
1349 4570 1447 4612 manus
1469 4563 1532 4611 tuas
