3552 5654
521 682 581 758 Uli
604 683 697 749 JURE
724 682 906 730 sahenas.
931 684 1010 730 CAP.
1035 683 1083 729 1x.
1341 686 1400 749 123

229 859 291 924 pax
320 837 465 919 dicitur,
488 836 522 901 in
555 817 698 903 subditis
728 857 808 903 vero
840 836 996 903 adversus
1024 837 1218 920 imperantes
1236 852 1401 918 promtum

223 941 433 1032 obsequium.
478 947 530 1012 De
552 947 678 1030 priori,
702 948 793 1029 quod
814 948 855 1013 ad
875 948 1058 1014 voluntarie
1084 961 1215 1032 agentes
1238 948 1402 1032 pertinet,

229 1061 320 1144 prius
349 1059 531 1126 videamus.
578 1058 644 1123 Pax
676 1057 778 1142 igitur
807 1057 937 1124 fructus
957 1059 1104 1143 justitiae
1127 1072 1194 1124 est:
1226 1073 1258 1122 et
1274 1059 1368 1124 Plato
1392 1061 1401 1094 ¹

227 1172 314 1256 leges
348 1189 422 1235 cum
454 1164 550 1234 verae
570 1167 718 1253 justitiae
750 1169 850 1252 gratia
877 1183 910 1234 et
932 1189 1006 1234 curn
1029 1170 1119 1252 pacis
1141 1189 1216 1253 ergo
1237 1168 1404 1234 institutas

229 1282 330 1357 dicit,
354 1281 439 1346 idem
470 1278 641 1364 significat.
686 1279 771 1344 Vult
800 1278 919 1344 Cicero
941 1278 953 1314 ²
974 1279 1019 1344 ita
1048 1280 1169 1346 bellum
1191 1279 1342 1363 suscipi,
1366 1293 1405 1346 ut

227 1392 316 1457 nihil
335 1389 436 1457 aliud
455 1412 555 1476 quam
573 1405 647 1478 pax
671 1395 824 1476 quaesita
854 1390 1023 1459 rideatur.
1069 1391 1135 1458 Sed
1162 1392 1239 1457 alibi
1259 1390 1271 1426 ¹
1291 1411 1403 1474 pacem

225 1522 292 1569 non
324 1501 406 1568 dicit
437 1521 505 1568 esse
528 1502 696 1568 dicendam
727 1522 795 1567 eam
823 1522 906 1583 quae
923 1509 1039 1588 pactio
1062 1506 1106 1567 sit
1127 1505 1323 1582 seruitutis,
1346 1502 1404 1567 sed

226 1611 451 1698 tranquillam
476 1612 676 1684 libertatem.
721 1612 811 1678 Idem
835 1617 846 1651 ⁴
870 1626 1048 1694 utrumque
1080 1613 1271 1697 conjungit:
1302 1615 1403 1677 susei-

222 1722 348 1810 piena'a
369 1721 456 1788 bella
476 1737 555 1788 suut
578 1724 615 1789 ob
634 1745 704 1789 eam
724 1739 880 1806 eausam,
894 1737 932 1790 ut
955 1727 1025 1789 siue
1046 1725 1178 1809 injuria
1196 1727 1233 1788 iu
1249 1737 1335 1809 paee
1353 1726 1404 1791 ri-

227 1848 344 1901 ratar.
392 1834 560 1918 Sapientes
581 1834 703 1919 Crispo
725 1835 882 1900 auctore⁵
899 1839 995 1920 pacis
1018 1855 1122 1921 cauta
1142 1834 1261 1900 bellum
1278 1847 1404 1920 gerunt

228 1958 259 2008 et
282 1943 426 2009 laborem
447 1961 501 2031 spe
523 1948 584 2010 atii
604 1933 817 2012 sustentant:
849 1945 908 2011 sed
930 1945 1160 2028 interpretatur
1183 1944 1252 2028 ipse
1273 1942 1305 2022 ¹,
1329 1964 1403 2009 cunr

222 2167 361 2251 piabant
386 2179 529 2251 praeter
556 2165 706 2250 injuriae
735 2165 915 2230 licentiam.
960 2165 1049 2230 Inter
1071 2165 1244 2250 theologos
1268 2165 1403 2250 Augus·

228 2276 318 2343 tinus
340 2276 352 2317 ⁷
376 2297 440 2340 non
472 2291 587 2360 pacem
620 2279 741 2361 quaeri
772 2275 841 2356 ait,
874 2288 912 2340 ut
946 2274 1066 2340 bellum
1097 2290 1319 2358 exerceatur,
1350 2275 1407 2341 sed

228 2387 347 2452 bellum
368 2390 467 2472 geri,
489 2400 527 2450 ut
542 2399 618 2471 pax
639 2390 858 2471 acquiratur.
883 2385 951 2450 Pax
972 2399 1080 2450 autem
1104 2385 1152 2449 illi
1171 2385 1293 2451 dicitur
1315 2385 1406 2452 ardi-

228 2509 313 2562 aata
335 2494 512 2560 eoncordia
530 2500 554 2564 ⁸.
600 2496 646 2560 Et
662 2510 790 2561 veteres
816 2494 963 2578 theologi
980 2497 991 2530 ¹
1011 2495 1052 2560 ad
1072 2495 1240 2562 historiam
1261 2497 1406 2565 Melchi-

228 2604 336 2670 sedeci
359 2605 523 2686 explicant
542 2624 650 2686 pacem
672 2619 704 2669 et
723 2605 884 2688 justitiam
907 2625 973 2671 non
995 2625 1043 2684 re,
1064 2606 1122 2672 sed
1140 2607 1327 2674 nominibus
1340 2608 1405 2675 dif-

228 2714 322 2782 ferre.
366 2714 446 2781 Non
476 2714 577 2799 igitur
604 2735 668 2797 pax
700 2715 938 2798 qualiscunque
970 2715 1104 2781 bellanti
1135 2717 1302 2800 proposita
1334 2739 1431 2818 esse·

230 2826 351 2907 debet,
376 2827 436 2893 sed
454 2847 491 2892 ea
521 2827 674 2908 demum,
699 2846 782 2908 quae
811 2826 901 2910 justa
923 2840 1021 2908 atque
1053 2826 1188 2894 honesta
1213 2842 1271 2894 est.
1317 2823 1404 2896 Nam

230 2937 354 3020 alioqui
376 2937 499 3005 frustra
530 2938 614 3003 bella
636 2936 901 3021 susciperentur,
925 2957 1009 3018 quae
1039 2950 1107 3002 turn
1136 2936 1202 3003 fere
1224 2939 1404 3007 necessitas

230 3048 405 3130 exprimit,
429 3069 503 3114 cum
524 3048 666 3131 dantur,
690 3063 729 3113 ut
751 3048 806 3113 ille
828 3047 854 3085 ¹⁰
883 3046 953 3130 ait,
977 3049 1067 3132 jura
1101 3052 1207 3113 armis
1239 3053 1403 3118 sacriora.

231 3158 386 3225 Cavenda
397 3159 497 3244 igitur
517 3180 581 3243 pax
592 3209 601 3239 ‚
612 3173 764 3226 monente
776 3157 892 3224 Tullio
907 3161 955 3239 ¹¹,
979 3178 1063 3240 quae
1079 3158 1214 3238 insidias
1230 3159 1403 3228 contineat.

231 3269 295 3333 Est
316 3273 400 3335 enim
418 3287 503 3356 paee
525 3284 587 3335 aut
609 3273 732 3336 misera
756 3283 817 3334 aut
835 3283 984 3355 suspecta
1009 3274 1117 3337 tutius
1143 3271 1282 3355 bellum,
1305 3272 1405 3338 Taci-

231 3395 266 3446 to
287 3379 310 3415 ¹²
328 3401 473 3448 suasore.
518 3379 750 3448 Demosthenis
782 3379 945 3465 egregium
975 3395 1024 3447 est
1053 3380 1176 3447 dictum
1207 3385 1334 3466 πόλεμος
1361 3386 1405 3453 ἔ-

229 3495 304 3574 δοξας
326 3496 432 3576 εἰρήνης
453 3497 579 3578 ιιίσχρῖις
591 3496 781 3576 αἱρετώτερος.
805 3491 933 3557 Bellum
946 3491 1127 3578 gloriosum
1134 3506 1199 3578 pro
1212 3497 1308 3579 turpi
1320 3509 1405 3580 paee

230 3601 310 3688 eligi
335 3601 439 3668 debet.
465 3602 683 3688 Thucydides
697 3602 829 3668 ¹¹etiam
852 3602 934 3671 bello
958 3601 1038 3668 dicit
1054 3617 1170 3686 pacem
1193 3601 1403 3688 confirmari:

232 3802 300 3812 -ι-
306 3801 423 3811 ...υ-...-

265 3932 273 3964 ¹
292 3935 324 3982 de
339 3935 404 3994 legg.
422 3936 439 3981 l.
460 3947 482 3981 r.
498 3932 535 3997 [p.
555 3933 612 3982 628.
636 3933 672 3996 c.]
692 3933 771 3982 Arist.
790 3937 821 3984 de
839 3947 892 3995 rep.
910 3936 927 3982 1.
945 3945 968 3991 7.
988 3947 1012 3981 c.
1034 3945 1072 3988 15.
1098 3934 1137 3996 [p.
1165 3945 1229 3995 1334
1250 3948 1271 3983 ι.
1289 3949 1327 3984 vs.
1348 3935 1400 3998 aa]

230 4026 289 4072 ade
308 4023 350 4072 off.
367 4025 385 4072 l.
405 4037 426 4072 r.
452 4024 488 4086 [e.
514 4036 553 4081 23.
574 4027 597 4082 5.
624 4023 676 4086 80.]
713 4022 806 4072 ³Pni1.
834 4038 871 4073 ra.
896 4022 931 4087 [c.
948 4024 971 4072 6.
989 4027 1011 4081 §.
1032 4023 1083 4085 ιι]
1119 4021 1179 4071 ⁴de
1207 4023 1249 4072 off.
1276 4025 1294 4072 l.
1321 4037 1343 4073 r.
1368 4024 1404 4086 [c.

234 4127 272 4164 ιι.
289 4119 311 4174 5.
330 4115 383 4176 ³⁵·]
418 4113 429 4145 ὅ
448 4115 516 4162 Orat.
535 4115 566 4163 ad
584 4116 656 4162 Caes.
676 4113 714 4175 [ι.
733 4127 756 4162 c.
775 4114 811 4176 6.]
830 4114 841 4147 ⁶
857 4117 913 4178 Jug.
935 4112 1016 4176 [Haec
1033 4127 1086 4162 non
1103 4116 1220 4175 leguntur
1237 4114 1263 4162 in
1274 4118 1405 4180 Jugurtha,

231 4207 276 4254 sed
294 4205 321 4254 in
335 4204 452 4254 Catilina.
473 4218 496 4254 c.
519 4205 570 4266 ra]
605 4201 616 4242 ⁷
633 4205 681 4265 Ep.
697 4217 718 4253 ι.
733 4207 765 4253 ad
782 4204 866 4254 Bonif.
886 4205 978 4253 citatur
996 4203 1022 4252 in
1040 4217 1063 4251 c.
1077 4203 1140 4252 noli.
1156 4205 1245 4267 [Dect.
1258 4207 1327 4255 Grat.
1344 4221 1403 4267 pa.

233 4308 273 4353 23.
293 4309 315 4344 ι.
333 4294 370 4359 3.]
406 4295 418 4329 ⁸
435 4297 467 4345 de
485 4295 536 4345 civ.
554 4298 571 4344 1.
586 4309 624 4352 15·
658 4294 670 4329 ⁹
687 4297 734 4357 Ep.
752 4298 784 4345 ad
800 4297 879 4344 Hebr.
896 4308 920 4355 7.
939 4309 962 4344 a.
978 4307 1003 4344 et
1018 4297 1098 4344 Clem.
1114 4299 1204 4345 strom.
1219 4297 1236 4343 1.
1251 4308 1277 4357 4.
1293 4297 1332 4358 [p.
1347 4311 1405 4356 231.

232 4400 271 4435 vs.
300 4400 338 4434 11.
358 4400 414 4447 sqq.
434 4383 514 4448 syla]
551 4385 572 4418 ¹⁰
595 4388 691 4436 Florus.
718 4386 799 4448 [Epit.
822 4387 882 4436 bell.
908 4400 976 4435 omn.
1000 4400 1025 4449 4.
1053 4385 1102 4451 ra]
1140 4385 1160 4418 ¹¹
1187 4387 1262 4448 [haec
1283 4387 1403 4438 videntur

233 4487 347 4537 spectare
371 4479 456 4526 locum
483 4477 538 4526 Cic.
563 4479 594 4526 de
618 4478 660 4527 off.
678 4480 695 4527 1.
717 4491 738 4526 1.
757 4492 779 4527 c.
800 4493 838 4528 ιι.
856 4482 877 4538 5.
895 4476 946 4541 aa]
985 4475 1089 4528 12Αιιιι.
1113 4479 1130 4526 l.
1150 4489 1171 4534 3.
1198 4489 1222 4526 et
1245 4479 1311 4528 Hist.
1336 4483 1353 4528 l.
1377 4496 1403 4542 4.

235 4565 270 4628 [c.
288 4565 341 4629 aa]
379 4564 399 4598 ¹³
417 4568 434 4613 ¹·
457 4581 476 4615 1·
497 4567 532 4631 [c.
552 4569 604 4631 aa]
