3536 5692
538 680 585 725 DE
608 680 702 746 JURE
728 679 912 724 PRAEDAE.
937 678 1019 724 CAP.
1044 677 1125 723 xl11.
1346 680 1409 743 297

238 858 315 904 suos
350 836 508 902 auxilium
543 835 634 900 tulit.
692 833 754 898 Est
786 833 820 897 in
854 833 947 899 India
979 851 1113 917 regnum
1134 831 1294 915 Jorense,
1320 835 1412 916 quod
1438 854 1478 899 rte
1500 856 1573 920 qoncr.

237 949 380 1031 supremi
411 946 614 1030 principatus
647 947 721 1010 loco
743 944 935 1029 jamdudum
962 959 1130 1010 censetur!
1154 944 1241 1008 unde
1264 959 1411 1027 apertum
1425 909 1572 1027 {iiiiwiiesi

239 1075 288 1125 est
319 1078 425 1143 regem
458 1057 535 1122 belli
569 1056 701 1139 publice
735 1055 867 1140 gerendi
900 1054 1056 1120 habuisse
1095 1055 1330 1120 auctoritatem.
1381 1057 1412 1121 Is
1425 1016 1482 1114 ’ἦῆ
1481 1030 1509 1061 ”’
1521 1029 1562 1077 ‘⁰¹’
1564 1049 1570 1062 '

239 1171 422 1236 Hollandos
459 1169 517 1251 qui
557 1188 632 1233 cum
666 1167 806 1233 navibus
841 1181 1021 1246 venerant,
1063 1165 1096 1230 in
1140 1167 1227 1232 bello
1271 1167 1334 1234 sibi
1376 1182 1414 1232 ut

239 1281 361 1346 auxilio
395 1295 503 1346 essent
534 1279 721 1361 requisivit.
770 1278 878 1365 Quam
913 1293 1046 1344 naturae
1071 1292 1104 1342 et
1126 1278 1262 1343 humani
1286 1279 1413 1363 generis
1439 1304 1574 1370 Addictum

240 1389 428 1475 cognationi
472 1389 516 1455 sit
553 1403 808 1454 consentaneum
847 1389 986 1452 alterum
1030 1388 1122 1454 alteri
1166 1409 1260 1472 opem
1303 1361 1573 1470 ferre’pncmrm.

239 1523 313 1567 cum
336 1501 414 1566 alibi
436 1500 694 1565 demonstratum
717 1499 783 1580 sit,
808 1499 886 1565 satis
908 1514 1041 1582 apparet
1060 1499 1208 1582 potuisse
1228 1501 1412 1567 Hollandos

239 1613 328 1679 illius
362 1611 441 1677 belli
476 1610 584 1676 socios
618 1610 781 1675 accedere.
837 1610 906 1675 Imo
942 1630 1015 1674 curn
1049 1625 1184 1692 possent
1218 1613 1410 1695 commode,

238 1745 305 1790 non
336 1723 445 1788 facere
477 1722 544 1787 illis
578 1722 635 1787 vix
669 1721 830 1805 integrum
854 1720 943 1802 fuir,
969 1722 1039 1787 sive
1063 1721 1206 1787 divinam
1230 1724 1379 1808 paginam
1402 1729 1410 1761 ¹

239 1836 450 1919 respicimus,
476 1854 561 1915 quae
582 1833 679 1897 nobis
712 1832 878 1916 injungit,
911 1848 948 1898 ut
981 1833 1171 1899 innocentes
1204 1834 1242 1898 ab
1275 1835 1411 1900 interitu

237 1947 435 2026 liberemus,
467 1945 538 2010 sive
571 1944 666 2010 etiarn
698 1943 916 2026 philosophos
941 1943 976 2025 ²,
1009 1944 1067 2026 qui
1091 1945 1208 2010 dicunt
1230 1946 1411 2030 inJ'ustitiae

238 2059 305 2124 duo
338 2076 408 2123 esse
441 2076 578 2141 genera,
612 2075 714 2121 unum
747 2076 859 2121 eorum
891 2057 951 2139 qui
975 2055 1143 2137 inferunt,
1166 2059 1328 2139 alterum,
1352 2060 1410 2140 qui

239 2171 277 2235 ab
302 2170 342 2236 iis
366 2169 489 2251 quibus
521 2167 683 2246 infertur,
717 2167 744 2231 si
764 2167 910 2249 possint,
935 2188 1001 2233 non
1028 2171 1223 2251 propulsant
1244 2169 1409 2254 injuriam.

240 2282 327 2346 Eum
351 2281 460 2359 enim,
486 2279 544 2360 qui
566 2298 632 2344 non
644 2277 860 2344 defenditnec
872 2279 1024 2358 obsistit,
1048 2279 1076 2344 si
1095 2294 1225 2362 potest,
1250 2280 1409 2364 iniuriae,

240 2407 304 2458 tam
338 2410 407 2457 esse
440 2390 473 2456 in
494 2389 599 2468 vitio,
621 2409 718 2470 quam
743 2388 771 2452 si
793 2403 941 2472 parentes
973 2404 1029 2454 aut
1051 2389 1172 2456 amicos
1195 2405 1253 2456 aut
1274 2391 1409 2474 patriam

240 2503 367 2569 deserat
385 2503 416 2566 ³:
440 2522 513 2566 curn
537 2501 643 2565 dicere
667 2499 790 2565 civium
802 2499 982 2565 habendam
995 2500 1176 2582 rationem,
1202 2517 1413 2584 externorum

241 2635 381 2698 negare,
414 2614 478 2678 hoc
511 2631 589 2677 vero
622 2611 689 2691 sit,
722 2609 787 2675 illis
817 2610 1009 2695 judicibus,
1033 2612 1183 2678 dirimere
1207 2633 1411 2680 communem

239 2725 374 2793 humani
398 2723 524 2808 generis
547 2722 762 2802 societatem,
787 2742 883 2804 quarn
908 2723 966 2804 qui
989 2725 1113 2789 tollunt
1136 2723 1231 2789 etiam
1256 2715 1412 2791 adversus

240 2838 368 2916 Deum,
393 2837 464 2919 ejus
487 2833 653 2900 societatis
677 2848 862 2913 auctorem,
888 2833 979 2917 impii
1001 2835 1169 2918 judicandi
1184 2851 1270 2900 sunt.
1296 2837 1412 2902 Nostri

241 2948 335 3013 etiarn
356 2945 586 3031 jurisconsulti
606 2947 617 2982 ⁴
638 2966 712 3010 eum
734 2945 792 3026 qui
815 2944 849 3010 id
866 2946 996 3011 omittat
1018 2948 1134 3028 culpae
1157 2947 1281 3012 affinem
1293 2963 1412 3031 putant

241 3075 274 3125 et
306 3057 488 3123 Christiani
516 3058 655 3123 Patres⁵
675 3078 749 3122 eum
770 3057 827 3139 qui
850 3077 916 3122 non
941 3057 1081 3139 depellat
1104 3078 1121 3122 a
1144 3058 1235 3123 socio
1259 3058 1411 3143 injuriam

240 3191 306 3237 non
329 3171 436 3235 minus
460 3171 494 3234 in
516 3169 600 3235 virio
624 3188 717 3250 esse,
738 3188 836 3251 quam
861 3189 934 3233 eum
957 3169 1016 3251 qui
1038 3167 1147 3235 faciat.
1196 3170 1298 3257 Quod
1318 3171 1412 3254 juxta

241 3282 454 3349 Aristotelem
474 3282 485 3318 ⁶
505 3296 584 3346 tunc
611 3280 782 3346 maximam
805 3279 964 3345 rationem
988 3281 1109 3362 habet,
1133 3301 1207 3346 curn
1232 3281 1329 3347 iidem
1352 3283 1411 3364 qui

241 3413 328 3459 nunc
352 3393 470 3477 injuria
493 3391 699 3472 afficiuntur,
723 3411 784 3457 nos
807 3406 880 3456 ante
905 3391 1065 3457 beneficio
1089 3392 1200 3474 aliquo
1220 3393 1409 3459 affecerunt.

241 3505 335 3592 Quid
366 3504 467 3588 igitur
498 3525 571 3569 eurn
605 3504 769 3569 dicturum
793 3501 895 3568 fuisse
919 3503 1105 3584 credimus,
1128 3503 1157 3569 si
1180 3505 1256 3585 quis
1280 3506 1323 3570 ob
1346 3508 1410 3571 hoc

241 3617 371 3699 ipsum,
396 3616 487 3698 quod
509 3635 570 3681 nos
593 3614 753 3680 beneficio
777 3613 908 3694 affecit,
932 3617 971 3680 ab
994 3614 1065 3680 aliis
1087 3615 1243 3681 afficiatur
1262 3616 1408 3700 injuria?

241 3729 316 3793 Hoc
348 3728 432 3792 enirn
465 3727 556 3792 Indis
588 3726 750 3810 contigit,
783 3745 891 3807 neque
925 3726 989 3790 alio
1024 3726 1156 3791 nomine
1190 3726 1343 3792 Lusitani
1379 3742 1411 3792 et
1437 3759 1568 3806 1,1„·„„‚

241 3860 349 3924 regern
381 3839 549 3922 Jorensem
585 3852 617 3902 et
649 3855 702 3902 eas
737 3855 819 3918 quas
852 3836 930 3901 alibi
974 3837 1226 3903 memoravimus
1258 3838 1409 3904 nationes
1423 3815 1568 3914 2235?pr

240 3951 395 4017 caedibus
418 3965 450 4014 et
471 3948 592 4031 rapinis
614 3962 764 4029 vastant,
788 3947 852 4012 nisi
875 3948 967 4029 quod
990 3949 1176 4014 Hollandos
1199 3949 1409 4015 admiserunt.

243 4141 437 4150 Μ*

276 4259 379 4308 ¹Prov.
402 4273 442 4308 22.
458 4271 497 4307 vs.
517 4272 555 4306 11.
590 4255 711 4306 'Cicero
732 4257 780 4305 Off.
805 4271 827 4305 1.
855 4257 890 4319 [c.
909 4270 932 4316 7.
951 4261 973 4316 §-
995 4257 1048 4318 23.]
1068 4258 1143 4306 Adde
1161 4257 1369 4306 Ecclesiasticum
1389 4272 1412 4306 c.

242 4366 267 4412 4.
285 4365 324 4400 vs.
342 4365 365 4413 9.
401 4351 485 4398 'Cio
505 4350 553 4398 Off.
572 4362 596 4406 3.
624 4349 659 4412 [c.
681 4349 705 4396 6.
727 4349 748 4410 §.
773 4347 826 4411 28.]
862 4346 959 4398 ⁴‘Bald
978 4349 1004 4396 in
1021 4351 1037 4396 l.
1059 4363 1079 4396 1.
1099 4350 1128 4396 C.
1147 4350 1177 4397 de
1196 4361 1244 4396 ser.
1259 4349 1311 4408 fug.
1331 4347 1374 4411 [C.
1388 4349 1412 4396 ό.

246 4443 279 4504 1.]
315 4441 432 4490 ⁵Ambr.
456 4441 504 4489 Off.
532 4455 554 4488 1.
578 4455 601 4490 c.
620 4441 660 4498 36.
695 4441 799 4488 “Rhea
818 4441 850 4488 ad
867 4439 941 4488 Alex.
959 4454 982 4489 c.
1000 4453 1023 4498 3.
1043 4441 1081 4500 [p.
1102 4452 1174 4500 1424.
1189 4439 1213 4486 b.
1230 4452 1269 4488 vs.
1288 4451 1327 4496 35.
1345 4451 1370 4488 et
1386 4454 1411 4500 p.

246 4545 318 4594 142⁵·
336 4547 358 4580 a.
377 4545 415 4580 vs.
433 4531 483 4594 12.]
