3530 5656
548 591 596 640 ns
619 593 712 660 June
737 589 919 640 sansone,
945 593 1024 641 cnr.
1049 593 1114 642 vn.
1378 600 1419 665 73

251 744 346 816 Sicut
365 745 420 829 lus
443 764 513 812 esse
536 745 702 826 diximus,
735 745 827 828 quod
848 745 913 830 legi
936 745 1057 830 primae
1080 763 1112 814 et
1139 749 1321 832 secundae,
1345 751 1422 818 item

250 857 342 938 quod
372 855 507 938 quintae
539 871 572 924 et
602 872 710 952 sertae
741 857 919 936 convenit,
951 856 997 922 ita
1025 857 1144 944 injuria
1175 875 1228 926 est
1250 860 1307 944 id,
1331 863 1424 944 quod

248 988 321 1037 cum
344 969 416 1052 lege
438 967 581 1036 secunda
603 982 660 1034 aut
683 983 821 1050 quarta,
845 968 923 1038 item
946 989 1018 1035 cum
1042 970 1157 1051 quinta
1179 987 1212 1038 et
1230 987 1320 1038 sexta
1338 993 1422 1058 pug-

233 1062 315 1146 nat.
364 1079 453 1144 Nam
482 1080 570 1165 leges
603 1079 700 1162 primi
734 1095 766 1146 et
797 1080 933 1147 secundi
967 1081 1092 1151 ordinis
1126 1082 1289 1166 simplices
1324 1099 1419 1164 sunt,

245 1189 333 1260 tertii
364 1203 471 1258 autem
494 1190 620 1258 ordinis
641 1190 858 1273 compositae:
883 1189 957 1256 ideo
979 1191 1030 1258 bis
1050 1209 1237 1260 sumuntur.
1285 1194 1418 1276 Siquis
1476 1197 1481 1200 ’

191 1375 194 1380 Δ
248 1298 348 1382 igitur
379 1300 566 1381 somnians,
601 1301 694 1386 quod
714 1302 876 1368 Doctores
899 1300 1032 1382 quidam
1058 1312 1219 1372 ¹narrant
1240 1304 1422 1386 accidisse,

249 1409 423 1477 autetiam
444 1409 612 1492 furiosus,
636 1411 728 1494 quod
750 1411 896 1482 accidere
918 1413 1066 1493 quotidie
1086 1430 1217 1498 potest,
1240 1416 1422 1500 periculum

248 1520 329 1589 mihi
350 1521 511 1604 intentet,
535 1521 750 1592 dubitandum
761 1541 828 1590 non
841 1537 911 1604 cst,
935 1523 1016 1604 quin
1027 1523 1240 1592 uimvirecte
1252 1527 1422 1610 repellam,

249 1647 282 1696 et
303 1632 331 1698 si
354 1652 420 1698 non
452 1633 514 1697 alia
544 1649 691 1717 superest
721 1634 934 1719 salutiensis,
960 1636 1058 1702 etiam
1079 1636 1271 1704 interficiam
1292 1643 1317 1703 ¹.
1363 1639 1422 1702 At-

250 1757 356 1810 tamen
383 1742 466 1809 nihil
499 1743 554 1810 ille
587 1744 707 1830 iniuria
737 1744 840 1826 facit,
872 1766 981 1829 neque
1011 1748 1095 1814 enim
1125 1762 1196 1814 turn
1219 1768 1353 1831 compos
1374 1762 1424 1813 est

250 1854 360 1920 animi.
408 1855 494 1924 Satis
517 1870 566 1922 est
597 1857 688 1938 quod
717 1857 873 1926 adversus
900 1860 1004 1944 legem
1037 1858 1163 1924 tertiam
1196 1873 1246 1926 est
1276 1859 1310 1925 id
1333 1859 1423 1942 quod

249 1963 339 2032 facit.
381 1965 451 2050 Jus'
465 1967 551 2032 enim
574 1968 678 2034 haheo
699 1967 895 2050 prohibendi
915 1969 979 2034 hoc
1000 1969 1120 2052 quovis
1141 1968 1240 2036 modo
1261 1989 1301 2034 ex
1319 1970 1424 2053 prima

250 2077 344 2160 lege,
368 2097 453 2160 quae
482 2099 532 2144 me
554 2077 635 2144 milri
659 2078 755 2144 etiam
779 2099 855 2162 prae
877 2079 949 2152 aliis
971 2080 1186 2150 commendat.
1231 2081 1423 2147 Necessitas

251 2188 359 2269 enim,
391 2203 431 2254 ut
461 2189 550 2272 apud
580 2189 735 2256 Senecam
758 2188 770 2227 ⁸·
791 2203 862 2269 est,
896 2211 1054 2276 mgnum
1085 2192 1251 2256 humanae
1275 2191 1423 2256 imbecil-

250 2297 361 2366 litatis
378 2302 761 2385 patrocinium,omnem
782 2301 881 2386 legem
894 2300 1047 2386 frangit.
1093 2300 1157 2372 Est
1178 2298 1286 2365 autem
1308 2320 1422 2367 neces-

249 2408 328 2475 sitas
348 2411 404 2492 jus
422 2409 506 2476 illud
527 2409 668 2491 primurn
690 2426 843 2491 naturae,
866 2410 949 2476 utin
960 2409 1123 2494 principio
1145 2409 1287 2476 diximus
1310 2405 1335 2478 ⁴.
1370 2411 1423 2477 Si-

251 2517 371 2584 militer
400 2539 419 2583 a
451 2520 556 2585 bonae
586 2519 662 2585 fidei
694 2541 881 2603 possessore
905 2541 957 2588 res
988 2521 1189 2601 vindicatum
1224 2543 1421 2604 quamquam

251 2629 336 2696 enim
360 2629 415 2694 ille
437 2631 591 2696 aduersus
612 2632 715 2716 legem
736 2647 882 2714 quartam
900 2652 967 2698 non
986 2647 1101 2716 peccat
1118 2647 1258 2717 sponte,
1280 2631 1424 2698 exerceri

248 2755 356 2806 tamen
386 2755 501 2806 contra
531 2740 625 2806 illum
658 2741 800 2808 secunda
831 2742 937 2808 debet.
982 2743 1096 2808 Potest
1128 2757 1161 2808 et
1183 2742 1300 2824 aliquis
1323 2742 1422 2808 variis

248 2852 289 2918 de
321 2851 429 2917 causis
458 2851 585 2933 aliquid
615 2851 695 2918 mihi
728 2852 867 2935 debere,
900 2854 992 2937 quod
1023 2853 1092 2937 ipse
1122 2853 1267 2934 nesciat,
1290 2867 1371 2936 puta
1392 2853 1421 2921 si

249 2962 359 3028 haeres
392 2963 445 3035 sit.
498 2964 584 3030 Cum
616 2962 718 3050 igitur
749 2984 815 3030 non
849 2965 1008 3032 solvendo
1041 2964 1142 3031 faciat
1172 2979 1286 3030 contra
1317 2965 1421 3048 legem

248 3088 394 3156 sextam,
425 3074 485 3140 etsi
517 3092 584 3139 non
615 3089 752 3158 sponte,
776 3075 857 3142 milri
881 3091 987 3142 tamen
1010 3077 1081 3160 ejus
1104 3075 1185 3162 legis
1208 3095 1288 3143 usus
1311 3075 1421 3158 negari

248 3205 315 3252 non
347 3186 462 3252 debet:
495 3185 577 3268 quid
609 3185 694 3252 eninr
726 3201 813 3253 esset
838 3186 984 3268 iniquius
1008 3207 1106 3269 quam
1129 3186 1226 3252 alicui
1246 3189 1302 3271 jus
1323 3205 1421 3252 suum

249 3296 353 3378 perire
384 3297 427 3362 ob
450 3296 585 3362 alterius
619 3297 786 3364 errorem?
834 3297 924 3363 Haec
947 3313 1054 3364 autem
1077 3297 1171 3367 utin
1193 3297 1347 3382 legitimis
1370 3317 1422 3364 ac-

249 3407 396 3475 tionibus
430 3407 475 3474 ita
496 3407 530 3473 in
555 3409 640 3474 bello
663 3410 771 3478 locum
795 3409 925 3476 habent.
970 3409 1007 3474 In
1031 3411 1100 3474 sola
1122 3409 1193 3494 lege
1225 3409 1341 3489 quinta
1371 3427 1422 3473 re-

249 3533 382 3601 spectus
410 3519 549 3586 habetur
579 3519 771 3586 voluntatis.
816 3521 933 3603 Itaque
956 3519 1073 3586 delicta
1095 3518 1158 3584 nisi
1192 3532 1309 3601 sponte
1332 3537 1421 3584 com-

248 3629 345 3705 missa
366 3648 433 3695 non
454 3630 648 3712 puniuntur.
693 3629 795 3697 Ratio
820 3645 871 3698 est
889 3630 970 3713 quia
989 3632 1107 3696 malum
1127 3628 1316 3712 rependitur
1332 3628 1420 3694 sonti

246 3759 306 3822 pro
326 3739 436 3820 bono,
460 3741 551 3822 quod
572 3760 639 3807 non
660 3755 747 3806 recte
768 3740 914 3824 percepit
934 3737 969 3822 ⁵,
993 3761 1033 3806 ex
1052 3741 1137 3806 malo
1159 3739 1285 3807 scilicet
1303 3739 1420 3806 alieno.

248 3852 326 3917 Non
347 3865 458 3935 potest
474 3865 582 3917 autern
602 3851 719 3918 lucrari
737 3851 871 3917 alterius
889 3851 1131 3917 incommodum
1151 3851 1326 3932 quisquam
1346 3868 1421 3915 cen-

246 3961 334 4042 seri,
358 3961 416 4044 qui
436 3961 508 4046 ejus
526 3980 593 4028 non
618 3977 736 4046 sponte
757 3976 871 4028 auctor
891 3960 968 4030 fuit.
1014 3961 1091 4027 Huc
1114 3959 1216 4045 igitur
1234 3979 1301 4026 non
1323 3979 1420 4026 omne

245 4101 440 4114 ᾔ

287 4205 379 4256 ¹Bart.
397 4209 429 4256 ad
446 4209 463 4255 l.
481 4218 507 4255 ut
523 4206 584 4256 vim.
603 4207 628 4255 ff.
647 4208 678 4255 de
695 4204 752 4264 just.
767 4207 810 4269 [D.
831 4221 852 4256 1.
873 4221 894 4257 1.
912 4208 948 4270 3.]
965 4221 989 4255 n.
1010 4220 1031 4254 1.
1048 4207 1118 4254 Bald.
1133 4206 1173 4254 ad.
1184 4207 1201 4253 l.
1220 4219 1240 4254 r.
1260 4207 1288 4254 C.
1302 4207 1368 4254 unde
1381 4207 1418 4256 vi.
1503 4183 1505 4187 Ι

253 4297 295 4358 [C.
320 4301 343 4346 8.
355 4299 394 4360 4.]
411 4313 436 4346 n.
459 4311 498 4355 50·
532 4295 542 4328 ²
560 4311 583 4348 c.
600 4297 622 4348 si
637 4297 757 4348 furiosus.
775 4301 806 4362 de
823 4299 918 4348 homic.
937 4299 1030 4360 [clem.
1051 4299 1067 4344 l.
1087 4308 1109 4352 5·
1127 4307 1145 4344 t.
1163 4296 1200 4358 4.]
1235 4293 1375 4345 ’Declam
1394 4313 1418 4360 9.

251 4389 324 4449 [Non
336 4400 373 4437 est
386 4389 412 4438 in
424 4391 537 4438 Declam.
549 4403 591 4452 9.,
609 4391 654 4438 sed
669 4389 698 4439 in
717 4392 842 4440 Controv.
860 4391 876 4438 l.
898 4403 921 4451 4.
934 4403 1002 4438 num.
1015 4401 1063 4447 27..
1073 4402 1099 4449 p.
1118 4387 1187 4448 aas]
1221 4386 1232 4418 ⁴
1244 4388 1275 4435 ad
1287 4389 1304 4434 l.
1320 4401 1340 4436 1.
1354 4399 1378 4436 et
1395 4403 1419 4437 2.

252 4477 515 4534 ‘mmlsmem
