3552 5654
347 689 407 750 108
650 700 698 748 nn
721 699 815 766 June
841 698 1025 746 rnxsnxn.
1049 699 1130 747 cnr.
1154 698 1235 746 vnr.

344 877 434 924 munt
457 853 631 922 adversarii
654 873 720 921 non
743 853 924 938 respiciunt
947 861 980 937 ¹,
1003 853 1127 922 subditi
1150 853 1296 921 hostium
1317 871 1519 938 omnespos-

343 983 447 1050 sunt,
478 967 538 1049 qui
555 966 641 1052 juris
662 966 768 1033 nostri
791 966 993 1034 exsecutioni
1016 966 1197 1047 resistunt,
1219 964 1358 1032 scientes
1377 965 1448 1032 sive
1469 966 1517 1053 ig-

344 1093 517 1146 norantes:
540 1076 669 1144 faciunt
690 1079 775 1144 enirn
797 1079 951 1166 injuriam
973 1097 1168 1163 quamquam
1192 1097 1259 1145 non
1281 1077 1414 1162 injuria.
1443 1078 1519 1144 Hoc

346 1190 456 1257 divina
483 1192 555 1275 lege
577 1187 590 1224 ²
612 1208 764 1274 expresse
782 1190 1015 1274 confirmanu,
1040 1211 1122 1274 quae
1145 1190 1179 1257 in
1202 1190 1444 1278 expugnatione
1464 1210 1518 1259 ur·

345 1301 397 1368 bis
415 1301 556 1385 puberes
580 1319 692 1367 omnes
714 1300 853 1367 interfici
873 1303 993 1386 jubet,
1014 1321 1153 1385 quorum
1172 1300 1268 1368 multi
1291 1321 1358 1368 non
1380 1314 1521 1386 possunt

347 1434 413 1480 non
434 1433 504 1481 esse
524 1412 728 1480 innocentes.
773 1412 863 1480 Idem
891 1428 1003 1480 contra
1023 1413 1057 1480 in
1079 1412 1171 1479 urbis
1193 1410 1383 1480 defensione
1406 1411 1418 1447 ⁸
1439 1411 1519 1479 erit:

347 1547 405 1591 nec
436 1545 512 1591 reus
537 1537 585 1590 est
607 1527 724 1590 mortis
743 1524 898 1607 alienae,
922 1528 1073 1611 quicum
1099 1543 1179 1590 suae
1194 1525 1390 1610 possessioni
1409 1542 1520 1588 muro-

347 1657 423 1701 rum
446 1633 607 1701 ambitum
623 1632 875 1718 circumduxit,
897 1635 1022 1722 aliquis
1035 1655 1080 1700 ‘cx
1100 1637 1245 1720 ipsorum
1267 1654 1328 1699 usu
1344 1649 1521 1722 percussus

347 1749 506 1813 interiit:
528 1745 719 1830 Augustino
743 1743 886 1812 auctore.
931 1744 1061 1833 Quodsi
1085 1759 1182 1812 erunt
1203 1745 1373 1828 nonnulli,
1397 1745 1455 1828 qui
1478 1745 1520 1810 ab

346 1856 494 1924 hostium
536 1854 749 1923 universitate
789 1855 930 1939 separari
970 1855 1100 1940 possint
1137 1874 1245 1939 neque
1279 1855 1519 1924 exsecutionem

347 1983 491 2036 nostram
515 1967 693 2051 impediant
711 1965 744 2049 ¹,
768 1965 822 2034 his
843 1985 918 2033 sane
938 1967 1030 2050 quod
1049 1967 1091 2033 ad
1109 1986 1231 2050 corpus
1250 1967 1367 2033 attinet
1385 1965 1520 2034 omnino

297 2093 299 2097 ’
348 2079 544 2164 parcendum
566 2092 625 2146 est
654 2079 773 2146 Cicero
794 2077 823 2144 ⁸:
844 2094 915 2145 tum
936 2083 965 2144 ii
982 2082 1042 2167 qui
1060 2083 1166 2145 armis
1177 2081 1297 2166 positis
1313 2079 1362 2145 ad
1377 2081 1521 2165 impera-

348 2204 460 2256 torum
476 2188 576 2275 fidem
604 2191 829 2279 confugiunt,
853 2194 1006 2278 quamvis
1028 2211 1161 2256 murum
1184 2193 1274 2256 aries
1292 2190 1522 2276 percusserit,

349 2301 531 2388 recipiendi
552 2317 644 2370 sunt.
691 2303 765 2370 Nec
788 2303 887 2370 alium
911 2321 1042 2370 sensum
1065 2302 1187 2384 habet,
1216 2300 1364 2368 virorum
1387 2299 1520 2382 quidem

348 2413 550 2480 eruditorum
567 2413 747 2496 sententia,
767 2409 802 2482 id
820 2414 912 2499 quod
926 2415 1045 2482 Celsus
1061 2411 1073 2448 ⁸
1089 2412 1282 2496 scripserat,
1304 2410 1406 2494 recipi
1425 2409 1523 2478 nobis

350 2523 549 2609 transfugam
569 2527 642 2611 jure
663 2525 764 2609 belli,
789 2545 863 2593 eum
886 2526 1013 2592 scilicet
1036 2524 1094 2607 qui
1119 2524 1266 2590 bostium
1286 2537 1394 2606 partes
1414 2521 1523 2588 deser·

351 2635 413 2703 uit.
458 2635 553 2702 Sicut
583 2650 691 2703 autem
719 2636 753 2702 in
784 2637 894 2704 dedita
921 2638 1003 2704 urbe
1031 2636 1205 2716 omnibus,
1236 2633 1280 2700 ita
1312 2633 1346 2699 in
1376 2652 1523 2717 eaquae

352 2761 556 2832 expugnatur
580 2763 738 2830 quantum
771 2747 843 2815 fieri
876 2763 987 2832 potest
1007 2747 1074 2814 illis
1093 2747 1201 2831 parci,
1224 2765 1364 2829 quorum
1388 2763 1523 2829 corpora

351 2858 552 2927 exsecutioni
585 2875 715 2927 nostrae
742 2879 808 2927 non
843 2862 996 2941 obstant,
1029 2857 1176 2942 aequitas
1209 2857 1370 2942 praecipit
1406 2871 1439 2923 et
1471 2858 1523 2922 lex

352 2969 463 3036 divina
483 2974 495 3016 ¹
517 2969 696 3037 certissima
725 2971 901 3054 aequitatis
929 2971 1093 3056 magistra.
1137 2968 1246 3054 Negat
1268 2969 1369 3054 igitur
1400 2969 1524 3037 Seneca

351 3080 386 3146 in
407 3079 603 3164 tragoedia·
626 3078 777 3148 feminam
809 3082 914 3148 hostis
948 3100 1068 3148 nomen
1095 3101 1218 3166 capere.
1263 3079 1372 3166 Negat
1393 3071 1429 3148 se
1458 3080 1524 3174 Qa-

352 3191 494 3257 millus’
518 3210 605 3256 arma
628 3192 745 3258 habere
769 3193 926 3260 adversus
949 3213 1017 3258 earn
1041 3209 1201 3278 aetatem,
1224 3192 1279 3258 cui
1302 3192 1397 3258 etiam
1420 3191 1524 3275 captis

352 3301 492 3371 urbibus
513 3303 671 3386 parcitur.
716 3303 762 3370 Et
781 3305 967 3370 Alexander
988 3302 1030 3370 ¹⁰:
1053 3325 1127 3370 cum
1155 3307 1298 3391 caprinis
1330 3317 1361 3368 et
1381 3305 1523 3388 seminis

353 3414 473 3479 bellum
501 3434 619 3500 gerere
650 3436 714 3479 non
737 3415 843 3482 soleo:
866 3430 1021 3482 armatus
1053 3420 1098 3481 sit
1121 3429 1248 3502 oportet
1268 3435 1361 3502 quem
1385 3413 1522 3482 oderim.

354 3524 400 3590 Et
420 3524 537 3592 merito
560 3525 600 3591 de
619 3525 751 3609 captivo
766 3525 887 3611 adjicit.
933 3527 1029 3594 Falso
1050 3527 1135 3593 enim
1156 3541 1189 3594 et
1200 3526 1417 3593 Aeacidarum
1436 3546 1525 3594 more

353 3634 584 3720 praeferociter
604 3635 659 3701 ilie
678 3638 721 3700 ¹¹:
1275 3703 1278 3710 ,

524 3747 599 3814 Lex
620 3747 716 3814 nulla
739 3762 835 3836 capto
848 3752 967 3836 parcit
987 3762 1049 3815 aut
1062 3763 1203 3836 poenam
1223 3747 1372 3836 impedit.

389 4045 397 4078 ¹
416 4048 447 4094 V.
465 4047 505 4096 ad.
519 4057 564 4096 art.
578 4060 601 4096 a.
619 4049 705 4096 concl.
720 4047 744 4095 6.
770 4043 781 4079 ¹
798 4048 873 4097 Dent.
888 4061 928 4096 ao.
946 4060 983 4106 ¹7·
1001 4050 1075 4098 Adde
1089 4049 1143 4112 Jos.
1158 4049 1182 4097 6.
1191 4060 1216 4097 et
1230 4049 1293 4096 sam.
1305 4061 1326 4096 1.
1339 4058 1376 4102 15·
1392 4045 1404 4078 ⁸
1419 4049 1526 4108 August.

355 4139 387 4186 ad
402 4136 501 4186 Public.
515 4151 557 4198 ep.
577 4150 632 4199 ι54.
646 4137 738 4187 citatur
755 4136 781 4186 in
798 4152 820 4186 c.
832 4140 865 4187 de
879 4138 1037 4189 occidendis.
1056 4138 1145 4203 [Deos.
1162 4141 1231 4187 Grat.
1244 4152 1270 4199 p.
1281 4152 1304 4188 a.
1314 4150 1354 4196 23·
1365 4149 1388 4193 5.
1400 4136 1436 4202 8.]
1451 4139 1525 4185 Adde

355 4229 374 4275 1.
391 4227 451 4276 item
473 4228 495 4276 sl
519 4227 654 4276 obstetrix.
679 4230 703 4286 ὁ.
727 4227 818 4277 ultis.
836 4231 903 4278 adl.
922 4227 1010 4290 Aqull.
1029 4230 1074 4292 [D.
1093 4245 1117 4293 9.
1136 4244 1159 4279 a.
1176 4229 1213 4294 9.]
1237 4228 1261 4264 ·⁴
1277 4228 1345 4278 Vict.
1362 4241 1388 4276 n.
1405 4241 1446 4290 49.
1464 4227 1526 4276 Alb.

357 4319 432 4366 Gent.
450 4319 482 4367 de
499 4317 555 4376 jure
572 4315 633 4366 belli
650 4319 667 4365 l.
686 4331 709 4366 a.
726 4331 750 4367 c.
770 4319 1206 4382 16.ad21.Wilb.Math.inrm.
1225 4334 1250 4369 a.
1267 4335 1293 4380 p.
1311 4331 1336 4378 a.
1369 4319 1381 4350 ⁵
1398 4319 1430 4368 de
1448 4319 1491 4367 oli.
1509 4320 1527 4366 l.

359 4421 380 4456 1.
399 4407 435 4472 [c.
456 4422 494 4458 11.
517 4413 540 4468 ς.
564 4407 617 4472 55]
653 4409 699 4456 ⁸1.
722 4409 884 4470 transfugam.
908 4410 934 4457 ff.
960 4412 992 4460 de
1018 4423 1074 4470 atq.
1101 4413 1169 4461 dom.
1194 4412 1239 4475 [D.
1256 4423 1297 4472 41·
1318 4423 1340 4459 r.
1358 4408 1410 4473 51.]
1439 4408 1528 4467 cujac.

358 4499 419 4548 Obs.
443 4502 460 4548 l.
486 4513 511 4562 4.
528 4513 552 4549 o.
570 4514 594 4562 9.
627 4496 730 4564 illem.
749 4513 788 4549 πο.
809 4512 849 4562 14.
867 4500 938 4550 Plato
956 4503 988 4551 de
1004 4515 1060 4563 rep.
1077 4503 1095 4550 l.
1113 4513 1137 4557 5.
1155 4502 1193 4564 [p.
1211 4514 1270 4563 ⁴7¹·
1288 4502 1324 4564 a]
1358 4501 1452 4550 ⁸0ct.
1477 4500 1528 4564 [vs.

360 4588 430 4651 864]
458 4589 542 4640 ¹Liv.
560 4592 577 4638 l.
597 4601 619 4645 5.
639 4589 674 4652 [c.
694 4589 745 4656 am]
772 4589 1087 4656 ιο(ῒιιπτ.1.4.[ο.45.]
1115 4591 1136 4626 ¹¹
1155 4595 1210 4642 sen.
1227 4593 1321 4642 Troad.
1341 4589 1392 4657 [vs.
1410 4591 1527 4654 erasm]
