3552 5654
377 663 438 728 162
696 683 742 731 nr.
766 683 859 750 June
885 683 1069 732 rannone.
1093 683 1174 731 oar.
1200 685 1234 731 n.

374 835 552 917 societate,
585 858 658 904 curn
687 837 873 922 respublica
903 857 1032 902 causam
1055 852 1218 920 praestet,
1243 837 1397 905 subditus
1421 855 1547 907 caetera

375 947 493 1014 omnia.
517 948 646 1014 Galliae
666 949 795 1035 legibus
815 949 848 1015 in
859 949 947 1014 bello
956 948 1064 1014 navali
1077 948 1203 1014 decima
1215 948 1399 1030 excipitur,
1421 952 1547 1020 eadem·

375 1077 441 1140 que
467 1058 564 1125 maris
584 1057 750 1141 praefecto
774 1059 954 1125 addicitur:
978 1059 1146 1125 residuum
1165 1078 1266 1140 penes
1285 1079 1341 1126 eos
1360 1077 1469 1126 manet
1488 1062 1547 1144 qui

375 1183 502 1235 sumtus
526 1168 676 1253 faciunt,
701 1171 853 1254 adjuncta
873 1169 999 1236 ratione
1019 1172 1050 1251 ¹,
1076 1170 1154 1252 quia
1175 1169 1215 1235 ad
1238 1189 1395 1236 summam
1417 1192 1547 1255 rempu-

375 1279 493 1345 blicam
528 1280 670 1363 pertinet
703 1301 800 1364 quam
835 1280 996 1365 plurimos
1030 1279 1193 1361 inveniri,
1229 1281 1288 1363 qui
1322 1283 1391 1348 suis
1426 1283 1547 1365 opibus

376 1409 504 1456 cattsam
547 1391 710 1474 publicam
754 1407 906 1458 tueantur
945 1410 1113 1473 navesque
1144 1391 1300 1457 adversus
1334 1393 1463 1460 hostem
1498 1393 1548 1459 in·

375 1516 513 1567 struant.
547 1503 649 1586 Apud
672 1504 811 1570 Batavos
833 1523 907 1586 pars
927 1501 1042 1584 quinta
1065 1501 1285 1585 reipublicae,
1309 1504 1434 1570 decima
1454 1525 1545 1587 prae-

375 1611 462 1680 fecto
480 1614 578 1680 maris
597 1613 734 1679 debetur
753 1617 783 1678 ἐ
808 1613 901 1696 quod
923 1612 1023 1679 hodie
1045 1627 1170 1678 tantum
1189 1614 1272 1679 intra
1285 1614 1400 1680 aestivi
1413 1615 1547 1682 solstitii

375 1724 536 1790 circulum
567 1725 711 1803 obtinet:
744 1726 851 1805 ultra,
884 1723 1047 1791 tricesima
1076 1738 1137 1791 est.
1184 1725 1289 1807 Supra
1313 1726 1546 1794 ostendimus³

376 1855 436 1900 nos
467 1853 533 1906 non
566 1850 692 1902 tantum
724 1855 781 1918 per
809 1850 938 1902 nosmet
968 1835 1082 1918 ipsos,
1104 1835 1162 1902 sed
1181 1857 1238 1918 per
1256 1836 1423 1904 ministros
1447 1837 1544 1903 etiam

377 1947 563 2028 acquirere:
596 1948 689 2029 quod
718 1947 758 2012 ad
780 1947 902 2012 bellum
923 1961 993 2011 tum
1015 1946 1179 2029 privatum
1204 1961 1274 2012 tum
1297 1947 1467 2030 publicum
1491 1969 1548 2030 ap-

376 2058 536 2139 tavimus,
561 2060 699 2144 ejusque
724 2058 771 2124 rei
794 2057 972 2124 certissima
995 2058 1164 2123 attulimus
1189 2040 1397 2141 argumenta,
1422 2058 1546 2139 quibus

376 2188 582 2252 consequens
615 2185 685 2250 est,
717 2169 744 2236 si
775 2169 851 2252 quis
882 2169 1032 2252 privatus
1063 2169 1185 2234 bellum
1208 2169 1376 2250 publicum
1397 2168 1466 2233 suis
1485 2168 1545 2232 im-

376 2281 502 2363 pensis,
522 2281 591 2346 suis
610 2281 753 2362 damnis,
783 2299 915 2347 suarum
938 2299 1045 2348 retum
1067 2279 1215 2362 periculo
1239 2277 1463 2358 administret,
1487 2279 1546 2344 sed

376 2391 417 2458 ad
435 2413 503 2458 earn
519 2413 586 2458 rent
608 2393 744 2462 aliorum
764 2392 916 2458 adhibeat
935 2411 1090 2474 operam,
1115 2409 1199 2473 quos
1212 2405 1269 2456 aut
1280 2404 1366 2455 certa
1377 2389 1545 2467 mercede,

376 2501 434 2569 tut
466 2503 506 2570 de
538 2519 630 2586 parte
653 2504 789 2586 praedae
816 2503 857 2570 ad
886 2523 920 2570 se
951 2503 1145 2586 pertinentis
1178 2501 1259 2567 inita
1288 2500 1438 2584 pactione
1470 2520 1547 2565 con·

375 2614 493 2695 eluxit,
526 2615 615 2681 bunc
642 2615 829 2680 eorumdem
859 2633 1031 2696 operares
1057 2613 1097 2678 ab
1124 2611 1276 2678 hostibus
1306 2627 1417 2694 captas
1437 2611 1546 2678 statim

376 2726 561 2808 acquirere:
585 2726 824 2809 possessionem
848 2725 932 2790 enim
956 2745 1013 2808 per
1031 2723 1199 2790 ministros
1218 2723 1343 2804 babet,
1368 2742 1452 2804 quos
1474 2723 1548 2804 qui-

376 2837 448 2902 dem
468 2838 522 2932 ,ad
550 2839 673 2904 bellum
704 2837 880 2922 gerendum
915 2836 978 2903 sibi
1010 2835 1156 2900 sufficere
1186 2833 1298 2916 potuit
1320 2840 1352 2913 ⁴,
1375 2854 1506 2899 causam
1529 2855 1547 2898 a

376 2949 556 3032 republica.
601 2949 800 3032 Plerumque
828 2963 936 3014 autem
954 2946 1134 3027 ministris,
1167 2959 1247 3028 puta
1274 2945 1384 3012 nautis
1406 2945 1439 3012 in
1460 2947 1550 3011 bello

377 3061 557 3140 maritimo,
590 3081 641 3126 res
675 3059 833 3143 quaedam
866 3059 1006 3125 leviores
1039 3058 1072 3124 in
1092 3057 1241 3141 praedam
1266 3057 1402 3122 concedi
1426 3058 1545 3123 solent.

235 3176 362 3236 artagena.
376 3171 467 3236 Galli
484 3172 750 3258 despoliationem
772 3186 828 3237 aut
844 3172 1013 3256 pilagt'um
1036 3183 1157 3235 vocant
1176 3179 1210 3248 ⁸,
1235 3168 1484 3248 extenduntque
1507 3169 1547 3232 ad

375 3296 498 3348 vestem
532 3281 676 3364 itemque
705 3281 746 3348 ad
772 3299 885 3346 aurum
920 3294 952 3344 et
979 3293 1171 3364 argentum,
1195 3279 1291 3362 cuius
1313 3277 1457 3360 pretium
1479 3297 1546 3343 non

376 3393 510 3458 excedat
529 3392 641 3459 decern
662 3406 821 3458 scutatos.
849 3390 1017 3456 Interdum
1038 3390 1179 3472 amplius
1203 3381 1298 3454 datur
1319 3388 1466 3454 moribus
1490 3403 1547 3454 aut
1762 3417 1763 3456 t

278 3519 470 3587 careupacto
502 3503 730 3570 exercitorum.
773 3503 852 3587 Jure
875 3501 976 3586 igitur
996 3501 1191 3582 neutiquam
1224 3499 1378 3584 ambiguo
1406 3499 1454 3565 ad
1474 3521 1545 3564 eum
1762 3461 1763 3524 ¹

375 3619 520 3702 quisuis
543 3618 719 3702 carpensis,
740 3614 871 3681 damnis
883 3662 895 3695 ,
909 3612 1081 3700 periculo,
1094 3631 1295 3696 suorumque
1314 3613 1545 3676 ministrorum

376 3743 499 3815 opera,
530 3726 627 3792 nulla
651 3739 757 3812 pacta
784 3724 930 3792 mercede
950 3724 1070 3789 bellum
1088 3721 1260 3810 publicum
1279 3725 1396 3808 gerit,
1412 3721 1547 3809 praeda

376 3842 478 3905 omnis
508 3861 541 3904 eo
574 3836 663 3903 modo
695 3850 796 3924 cepta
822 3839 999 3922 pertinet,
1027 3837 1093 3899 nisi
1116 3832 1200 3918 quid
1220 3834 1291 3920 ejus
1305 3835 1389 3920 jure
1412 3831 1548 3919 speciali

374 3965 436 4016 aut
451 3964 552 4036 pacto
574 3963 743 4036 exceptum
766 3951 824 4014 sit.
905 3975 907 3980 ·

407 4259 492 4323 ¹tbi,
506 4271 552 4313 art.
571 4272 611 4317 ³0.
644 4257 746 4308 'Iusta
762 4256 799 4307 rei
817 4255 898 4306 marlt.
915 4267 961 4304 art.
980 4270 1020 4304 22.
1053 4253 1114 4304 ³acl
1137 4268 1163 4316 p.
1184 4267 1205 4302 1.
1223 4264 1269 4301 art.
1289 4266 1311 4300 1.
1329 4263 1354 4300 et
1371 4264 1397 4311 p.
1419 4263 1441 4298 t.
1458 4260 1503 4297 art.
1525 4263 1549 4316 a·

372 4350 447 4410 hujus
471 4351 572 4413 capitis.
604 4348 616 4382 ⁴
642 4349 716 4400 Arias
740 4363 764 4398 n.
785 4351 840 4398 180.
858 4349 913 4397 lnn.
931 4349 957 4396 in
981 4360 1003 4395 c.
1027 4347 1189 4394 Bettholdus.
1213 4347 1244 4396 de
1268 4353 1333 4392 sent.
1358 4341 1499 4408 [Decretal.
1524 4353 1549 4388 2.

374 4456 415 4501 27·
433 4442 485 4507 18.]
505 4444 568 4492 Bell.
586 4443 621 4492 de
635 4455 662 4492 re
679 4441 733 4496 mil.
750 4455 776 4502 p.
795 4454 818 4489 2.
836 4452 854 4489 t.
872 4441 896 4490 6.
930 4439 940 4470 ⁵
959 4441 1047 4487 Const.
1067 4439 1131 4486 Gall.
1148 4438 1167 4485 l.
1186 4450 1227 4486 20.
1245 4446 1265 4484 t.
1285 4446 1323 4490 13·
1341 4445 1387 4482 art.
1407 4447 1447 4481 ro.
1465 4443 1489 4480 et
1510 4431 1548 4479 16.

889 4617 1034 4629 ...u-...—
