3546 5654
533 685 580 731 DE
603 685 696 750 JURE
723 685 907 732 PRAEDAE.
931 685 1012 733 CAP.
1036 687 1102 732 XII.
1334 685 1398 752 245

229 841 301 906 tolli
323 859 390 907 non
411 854 543 924 potest,
562 854 595 905 et
612 839 639 905 si
660 855 790 922 posset,
815 859 881 924 non
905 855 1012 905 tamen
1034 856 1147 924 posset
1168 840 1232 907 nisi
1252 842 1397 908 omnium

229 953 376 1036 gentium
408 972 589 1018 consensu:
621 966 746 1017 tantum
779 952 869 1018 abest
898 966 937 1017 ut
966 954 1035 1019 ullo
1059 953 1157 1018 modo
1182 973 1261 1036 gens
1289 954 1398 1034 aliqua

230 1079 341 1147 gentes
370 1064 452 1130 duas
476 1063 559 1128 inter
582 1081 615 1128 se
645 1064 835 1128 contrahere
858 1065 1007 1130 volentes
1028 1064 1117 1147 juste
1147 1063 1312 1147 impediat.
1356 1064 1401 1128 Et

229 1176 370 1258 primum
401 1174 550 1240 inventio
579 1189 636 1238 aut
666 1173 839 1256 occupatio
862 1173 918 1239 hic
948 1175 1059 1239 locum
1088 1176 1298 1255 nonhabet,
1323 1174 1401 1257 quia

226 1289 281 1371 jus
311 1285 474 1351 mercandi
504 1304 570 1349 non
600 1299 649 1350 est
671 1284 798 1366 aliquid
819 1287 1011 1368 corporale,
1036 1286 1127 1368 quod
1153 1287 1259 1370 possit
1287 1307 1401 1370 appre-

229 1396 350 1461 hendi:
374 1416 482 1477 neque
502 1397 675 1478 prodesset
693 1396 862 1462 Lusitanis
880 1396 1005 1461 etiamsi
1022 1397 1119 1480 primi
1140 1398 1310 1464 hominum
1327 1417 1400 1462 cum

229 1507 319 1573 Indis
342 1507 534 1572 habuissent
554 1507 765 1586 commercia,
791 1508 882 1589 quod
902 1522 1008 1573 tamen
1030 1529 1096 1574 non
1115 1524 1225 1591 potest
1242 1529 1310 1575 non
1332 1527 1401 1576 esse

230 1618 454 1703 falsissimum.
501 1621 587 1684 Nam
612 1634 737 1684 etcum
761 1619 856 1684 initio
886 1619 1003 1703 populi
1025 1619 1058 1683 in
1081 1619 1211 1685 diversa
1231 1621 1320 1701 iere,
1344 1619 1403 1685 ali-

232 1751 315 1813 quos
347 1750 480 1796 necesse
514 1745 563 1796 est
591 1730 715 1812 primos
738 1729 840 1796 fuisse
870 1744 1087 1810 mercatores,
1111 1751 1196 1813 quos
1219 1746 1326 1798 tamen
1347 1733 1403 1816 jus

230 1844 358 1908 nullum
380 1841 599 1924 acquisivisse
624 1856 713 1907 certo
738 1857 788 1907 est
809 1841 938 1907 certius.
986 1842 1096 1928 Quare
1117 1842 1145 1906 si
1166 1842 1338 1907 Lusitanis
1348 1843 1402 1927 Jus

231 1953 366 2034 aliquod
385 1953 565 2036 competit,
591 1967 628 2018 ut
648 1953 711 2018 soli
733 1970 809 2019 cum
833 1952 923 2019 Indis
946 1954 1172 2037 negotientur,
1197 1953 1231 2018 id
1254 1956 1402 2036 exemplo

231 2079 429 2130 caeterarum
462 2064 659 2130 servitutum
694 2085 733 2129 ex
763 2063 975 2130 concessione
1008 2064 1086 2129 oriri
1118 2064 1233 2129 debuit
1263 2079 1320 2130 aut
1348 2086 1404 2130 ex·

231 2195 342 2259 pressa
365 2190 422 2241 aut
441 2176 562 2255 tacita,
576 2177 639 2241 hoc
662 2191 731 2255 est,
744 2175 1024 2258 praescriptione,
1042 2194 1149 2257 neque
1169 2175 1262 2242 aliter
1283 2191 1402 2258 potest.

233 2287 408 2352 Concessit
430 2307 550 2366 nemo,
574 2287 638 2351 nisi
662 2285 746 2351 forte
769 2284 946 2365 Pontifex,
971 2285 1029 2367 qui
1053 2304 1119 2351 non
1142 2287 1262 2368 potuit.
1294 2287 1403 2352 Nemo

233 2398 342 2477 enim,
367 2398 459 2479 quod
486 2418 582 2462 suum
614 2417 680 2463 non
710 2412 759 2462 est
789 2397 967 2461 concedere
990 2411 1110 2479 potest.
1157 2398 1205 2462 At
1227 2395 1403 2479 Pontifex,

231 2508 296 2574 nisi
329 2509 434 2574 totius
465 2509 580 2574 mundi
613 2507 802 2591 temporalis
834 2509 878 2572 sit
901 2508 1073 2589 dominus,
1100 2508 1191 2588 quod
1214 2521 1333 2592 negant
1355 2527 1404 2573 sa-

232 2620 382 2703 pientes,
405 2621 459 2704 jus
490 2620 585 2685 etiam
609 2619 877 2685 commerciorum
903 2618 1086 2685 universale
1107 2619 1159 2685 sui
1180 2619 1265 2703 juris
1297 2618 1404 2684 dicere

233 2751 299 2797 non
330 2744 449 2814 potest.
496 2731 643 2796 Maxime
668 2751 745 2795 vero
768 2751 842 2795 cum
866 2749 917 2795 res
947 2730 990 2796 sit
1019 2730 1061 2794 ad
1091 2732 1197 2795 solum
1232 2745 1404 2811 quaestum

233 2842 473 2908 accommodata
491 2841 642 2924 nihilque
660 2842 700 2906 ad
721 2841 921 2924 spiritualem
943 2842 1205 2924 procurationem
1218 2842 1404 2924 pertinens,

232 2969 321 3020 extra
352 2974 448 3035 quam
482 2969 609 3033 cessat,
642 2969 680 3018 ut
709 2952 852 3020 fatentur
879 2972 1012 3034 omnes,
1049 2952 1223 3024 Pontificia
1250 2968 1404 3036 potestas.

231 3067 400 3130 Praeterea
424 3066 451 3129 si
472 3063 625 3153 Pontifex
646 3065 725 3130 solis
749 3065 833 3130 illud
850 3064 1021 3131 Lusitanis
1039 3065 1094 3148 jus
1118 3064 1261 3130 tribuere
1284 3066 1404 3145 vellet,

233 3177 386 3259 idemque
400 3177 541 3242 adimere
556 3176 747 3242 hominibus
765 3176 913 3253 caeteris,
928 3175 1089 3258 duplicem
1103 3174 1225 3240 faceret
1239 3176 1403 3260 injuriam.

233 3289 377 3353 Primum
398 3288 488 3354 lndis
501 3335 512 3368 ,
527 3271 612 3369 quos
634 3303 671 3352 ut
693 3302 786 3352 extra
807 3287 976 3352 ecclesiam
999 3287 1126 3369 positos
1139 3286 1292 3352 Pontifici
1316 3290 1406 3354 nulla

233 3421 272 3465 ex
304 3414 395 3482 parte
418 3399 569 3465 subditos
601 3418 671 3464 esse
694 3398 847 3465 diximus.
895 3399 958 3464 His
989 3399 1090 3483 igitur
1113 3419 1186 3464 cum
1211 3398 1294 3463 nihil
1316 3400 1407 3480 quod

233 3512 377 3595 ipsorum
410 3526 458 3576 est
489 3510 629 3575 adimere
658 3511 765 3593 possit
795 3509 971 3590 Pontifex,
997 3509 1093 3574 etiam
1120 3511 1176 3594 jus
1208 3509 1292 3574 illud
1316 3511 1407 3592 quod

234 3624 356 3688 habent
402 3643 476 3687 cum
524 3620 730 3703 quibuslibet
771 3623 961 3706 negotiandi
1005 3623 1143 3687 adimere
1177 3642 1243 3687 non
1283 3623 1405 3705 potuit.

234 3733 362 3800 Deinde
393 3735 465 3800 aliis
488 3733 678 3798 hominibus
702 3734 856 3799 omnibus
876 3733 1072 3797 Christianis
1104 3747 1137 3797 et
1163 3751 1229 3798 non
1247 3731 1407 3798 Christia-
1459 3804 1464 3814 ,

234 3845 309 3926 nis,
332 3845 453 3926 quibus
477 3844 563 3910 idem
586 3844 668 3909 illud
689 3847 763 3929 jus,
787 3844 928 3908 adimere
956 3862 1022 3908 non
1052 3843 1164 3926 potuit
1194 3843 1263 3908 sine
1286 3865 1406 3926 causa,

235 3973 291 4022 aut
314 3977 410 4022 causa
431 3956 566 4021 indicta.
623 3955 715 4020 Quid
739 3955 830 4038 quod
850 3976 890 4019 ne
910 3956 1104 4036 temporales
1128 3953 1258 4034 quidem
1281 3955 1406 4021 domini

235 4068 267 4131 in
291 4067 360 4133 suis
384 4067 527 4150 imperiis
551 4067 724 4149 prohibere
746 4081 887 4148 possunt
908 4065 1177 4131 commerciorum
1202 4065 1407 4147 libertatem,

218 4175 286 4244 ¹uti
309 4178 493 4244 rationibus
519 4193 550 4243 et
570 4177 822 4244 auctoritatibus
841 4192 914 4243 ante
931 4178 1189 4242 demonstratum
1217 4177 1293 4242 est?
1315 4177 1409 4244 Sicut

237 4306 269 4357 et
300 4290 384 4356 illud
404 4289 629 4356 confitendum
651 4305 722 4372 est,
746 4305 857 4356 contra
878 4291 932 4374 jus
955 4302 1149 4372 perpetuum
1172 4303 1306 4355 naturae
1331 4311 1408 4374 gerr-

236 4403 406 4484 tiumque,
431 4403 517 4468 unde
547 4403 609 4468 ista
640 4403 772 4469 libertas
794 4403 950 4488 originem
970 4401 1088 4468 sumsit
1108 4400 1142 4466 in
1165 4421 1261 4466 omne
1279 4417 1409 4485 tempus

240 4515 414 4595 duratura,
436 4516 559 4580 nullam
581 4516 690 4581 valere
709 4514 880 4581 Pontificis
902 4513 1136 4580 auctoritatem.
1182 4512 1299 4578 Restat
1317 4532 1409 4597 prae·
