3530 5656
372 669 390 708 X
854 670 1039 713 PRAEFATIO.

369 861 415 900 res
436 847 630 915 iniquissima,
651 853 686 899 ut
706 841 810 899 Indiae
831 847 994 900 commercio
1015 846 1241 913 abstineremus,
1258 857 1377 920 partem
1398 847 1539 922 ejnscom-

370 951 524 1015 mentorii,
554 950 584 1003 in
613 963 671 1017 qna
701 957 840 1003 ostensam
869 958 937 1004 erat
967 965 1016 1004 nec
1038 949 1125 1023 jnre,
1153 967 1202 1005 nec
1218 951 1370 1024 probabili
1388 953 1446 1008 nilo
1461 952 1539 1025 juris

370 1053 460 1109 colore
489 1054 547 1107 niti
573 1047 651 1106 lranc
674 1051 915 1124 postulationem,
946 1067 1067 1108 seorsum
1096 1052 1179 1109 edere
1209 1056 1306 1110 statui
1334 1053 1433 1112 Maris
1453 1057 1541 1113 liberi

369 1158 492 1224 nomine,
523 1153 572 1210 boc
591 1158 687 1210 animo
707 1171 743 1209 ac
763 1166 826 1228 spe,
855 1164 889 1210 nt
910 1165 939 1210 et
961 1158 1065 1212 nostris
1084 1160 1213 1212 animum
1233 1156 1385 1226 adderem,
1415 1159 1541 1230 nequid

366 1260 401 1316 de
431 1255 662 1330 manifestissimo
687 1257 758 1331 jore
788 1255 976 1326 decederent,
1014 1269 1043 1314 et
1075 1263 1226 1332 experirer
1256 1277 1297 1316 an
1327 1262 1368 1316 ab
1399 1259 1538 1336 Hispanis

367 1365 494 1420 obtineri
514 1372 624 1435 posset,
652 1371 686 1417 nt
716 1377 834 1417 cansam
857 1379 910 1417 non
931 1371 1051 1418 tantam
1070 1363 1252 1419 validissimis
1272 1368 1470 1436 argumentis,
1491 1365 1540 1422 sod

366 1478 396 1523 et
412 1467 597 1540 popularium
617 1480 730 1520 suoram
751 1469 934 1521 anctoritate
947 1465 1120 1538 jugulatam
1141 1479 1265 1540 agerent
1275 1469 1364 1542 paulo
1376 1474 1537 1526 remissius:

366 1587 486 1642 qnorum
506 1580 661 1638 atrumque
682 1584 806 1625 successu
829 1585 882 1624 non
905 1573 1014 1626 carnit.

407 1774 502 1831 Nobis
523 1771 693 1848 persuadere
705 1789 763 1830 non
775 1791 940 1847 possumus,
962 1775 1045 1832 Mare
1056 1775 1198 1843 liberum,
1219 1787 1252 1834 ut
1264 1775 1386 1836 Grotius
1397 1775 1535 1846 affirmat,

367 1879 396 1936 in
426 1877 611 1936 conditiones
639 1876 821 1936 induciarum
851 1879 911 1934 vim
939 1879 1064 1949 aliquam
1090 1880 1262 1937 exercuisse.
1304 1879 1440 1938 Fruinius
1461 1885 1537 1938 clare

366 1980 545 2039 demonstrat
565 1984 736 2054 opusculum
757 1982 819 2039 sine
840 1983 991 2054 scriptoris
1011 1983 1128 2039 nomine
1150 1985 1298 2056 vulgatum
1310 1984 1397 2041 initio
1408 1984 1537 2042 homiues

365 2101 466 2159 parum
488 2085 627 2153 movisse,
648 2101 701 2141 nec
722 2083 880 2157 quidquam
902 2085 1096 2155 continuisse,
1117 2085 1197 2158 quod
1218 2087 1350 2144 novitate
1368 2103 1416 2144 sua
1427 2089 1535 2146 animos

366 2191 555 2263 percelleret:
586 2189 701 2261 aliquot
722 2189 803 2245 annis
825 2199 891 2261 post
912 2187 1042 2256 demum,
1064 2205 1130 2246 cum
1152 2189 1229 2246 inter
1250 2191 1352 2263 Belgas
1374 2202 1404 2249 et
1425 2193 1536 2264 Anglos

365 2291 401 2350 de
423 2293 544 2366 Anglici
566 2293 649 2349 maris
670 2273 801 2348 dominio
822 2291 1040 2365 disputabatur,
1060 2309 1194 2365 magnum
1212 2308 1316 2350 nomen
1333 2291 1468 2367 adeptum
1484 2306 1536 2352 est.

406 2396 516 2469 Sponte
538 2396 726 2468 intelligimus
748 2397 935 2468 scriptorem,
956 2394 1032 2452 edita
1044 2395 1112 2451 libri
1123 2407 1220 2468 parte,
1241 2394 1277 2453 de
1287 2397 1407 2470 reliquis
1418 2396 1535 2455 edendis

365 2517 423 2558 non
445 2502 566 2558 ulterius
588 2501 739 2573 cogitasse.
780 2500 916 2558 Fruinius
933 2499 1015 2572 jure,
1036 2510 1069 2557 ut
1080 2501 1203 2574 opinor,
1224 2502 1387 2574 suspicatur
1397 2502 1534 2558 Grotium

363 2605 420 2678 jam
448 2621 485 2661 ex
514 2605 566 2660 illo
596 2614 728 2676 tempore
755 2621 827 2676 opus
856 2602 892 2660 de
918 2603 983 2675 iure
1012 2604 1139 2677 gentium
1169 2603 1337 2662 meditatum
1359 2621 1434 2674 esse,
1454 2603 1535 2677 quod

364 2709 469 2781 partim
489 2723 505 2764 e
526 2707 705 2780 Dogmaticis
734 2705 769 2764 de
798 2707 863 2780 jure
893 2705 1015 2780 praedae
1044 2707 1233 2764 confecturus
1253 2719 1341 2778 esset,
1360 2719 1390 2765 et
1411 2707 1533 2765 sedecim

271 2853 273 2858 .
363 2813 445 2869 annis
468 2823 533 2884 post
555 2811 694 2868 confecit.
735 2809 795 2867 Tot
817 2828 906 2868 annos
928 2810 1017 2868 fuisse
1035 2812 1111 2868 inter
1122 2811 1245 2884 primum
1257 2811 1317 2884 ejus
1328 2811 1369 2868 rei
1381 2812 1534 2868 consilium

364 2927 393 2973 et
414 2916 646 2981 exsecutionem,
668 2914 740 2971 nihil
752 2925 795 2970 est
806 2913 886 2987 quod
897 2915 1052 2972 miremur:
1074 2915 1160 2971 initio
1170 2916 1343 2988 multiplicia
1354 2916 1535 2988 magistratus

363 3035 496 3086 munera,
518 3029 585 3092 post
605 3019 683 3076 vitae
704 3033 801 3086 casus,
821 3034 894 3090 quos
915 3033 999 3074 nemo
1020 3018 1151 3090 ignorat,
1174 3018 1532 3077 huiclaborivacareeum

363 3139 422 3180 non
443 3124 587 3179 siverunt.
1072 3195 1074 3200 Α

404 3227 529 3284 Constat
541 3225 657 3283 Indicae
671 3225 823 3282 societatis
834 3237 979 3294 rectores,
1001 3224 1101 3284 eodem
1113 3227 1171 3284 fere
1183 3238 1330 3300 tempore,
1351 3243 1427 3284 anno
1443 3227 1531 3295 1610,

362 3331 439 3389 inter
461 3347 489 3388 se
511 3329 681 3387 deliberasse
710 3347 744 3386 an
774 3331 881 3388 Grotio
911 3328 1096 3401 mandarent,
1124 3341 1157 3389 ut
1186 3332 1302 3389 Inoicae
1328 3330 1533 3404 negotiationis

362 3436 511 3493 historiam
540 3434 747 3491 conscriberet.
789 3419 941 3507 suspicari¹
963 3435 1032 3492 licet
1054 3435 1146 3508 ipsum
1169 3436 1306 3492 Grotium
1328 3446 1476 3491 auctorem
1497 3435 1532 3490 iis

362 3540 467 3607 fuisse,
495 3549 530 3596 ut
560 3538 716 3595 Historicis
738 3554 754 3595 e
777 3538 995 3595 Commentario
1024 3538 1060 3595 de
1085 3538 1150 3610 iure
1181 3536 1302 3610 praedae
1322 3535 1358 3592 ad
1378 3537 1452 3594 hanc
1472 3552 1532 3594 rem

360 3653 503 3702 uteretur.
544 3641 604 3698 Res
625 3653 733 3698 eventu
754 3643 859 3700 caruit.
1486 3697 1487 3701 ,

402 3747 435 3803 ln
465 3745 603 3803 universo
632 3761 720 3818 opere
751 3745 866 3802 maximi
900 3744 989 3817 pretii
1021 3755 1089 3802 sunt
1119 3742 1303 3816 Dogmatica.
1345 3742 1424 3799 Haec
1455 3742 1530 3800 enim

361 3850 541 3926 principium
570 3859 688 3906 suntet
710 3850 773 3906 lons
795 3847 975 3905 celeberrimi
998 3847 1033 3904 de
1052 3847 1115 3920 jure
1137 3847 1206 3903 belli
1228 3862 1261 3902 ac
1283 3846 1360 3919 pacis
1381 3847 1459 3903 libri.
1501 3847 1531 3904 si

360 3965 516 4026 utrumque
547 3952 652 4010 librum
683 3953 760 4010 inter
787 3969 815 4010 se
844 3952 991 4020 conferas,
1021 3951 1050 4007 in
1082 3953 1183 4009 oculos
1215 3951 1342 4008 incurrit
1372 3951 1423 4024 Jus
1453 3951 1531 4024 pacis

360 4069 459 4132 postea
482 4057 660 4130 Dogmaticis
689 4055 724 4112 de
751 4056 815 4128 jure
844 4056 914 4112 belli
935 4053 1154 4127 superadditum
1176 4071 1250 4122 esse,
1272 4054 1395 4127 indeque
1416 4053 1478 4112 fieri
1498 4065 1531 4112 ut

360 4163 479 4220 alterius
500 4161 596 4233 operis
618 4171 714 4232 partes
736 4160 830 4216 minus
851 4159 925 4215 bene
948 4159 1025 4215 inter
1046 4174 1075 4215 se
1096 4170 1209 4232 aptatae
1230 4160 1288 4216 sint
1309 4170 1338 4216 et
1350 4159 1531 4217 cohaereant.

400 4267 464 4340 Ipsa
490 4264 562 4338 juris
591 4263 721 4336 gentium
751 4260 905 4335 disciplina
926 4262 956 4319 in
979 4273 1105 4334 utroque
1126 4279 1215 4336 opere
1235 4261 1331 4319 eadem
1353 4273 1406 4320 est.
1446 4263 1530 4319 Libri

359 4368 474 4443 siquid
496 4368 679 4440 discrepant,
701 4366 731 4422 in
755 4365 846 4423 forma
867 4365 1021 4423 discrimen
1043 4368 1189 4435 cernitur,
1212 4383 1270 4424 non
1292 4368 1321 4423 in
1344 4383 1385 4424 re.
1416 4369 1531 4424 Auctor

359 4474 455 4531 senior
488 4473 582 4530 factus
614 4473 677 4543 plus
709 4468 883 4543 prudentiae
914 4469 1048 4541 adhibet,
1085 4472 1180 4529 minus
1211 4471 1342 4529 absolute
1381 4472 1531 4543 loquitur,
