3530 5656
361 667 404 732 30
675 667 723 714 DE
746 665 840 734 June
865 665 1052 714 emnem.
1075 666 1156 715 ΟΑΡ.
1180 667 1220 714 11.

361 820 505 905 poterit,
540 839 624 902 quae
657 822 794 888 alterum
828 820 911 888 laedi
943 835 1056 902 vetat,
1079 839 1154 888 cum
1190 821 1245 905 jus
1268 833 1362 887 tuum
1395 833 1435 888 ex
1466 823 1538 907 lege

360 931 488 1014 prima,
522 949 606 1014 quae
639 931 739 1000 vitam
773 932 834 999 tibi
861 947 950 998 tuam
970 931 1176 998 commendat
1200 933 1236 1013 ¹,
1260 931 1353 998 aliter
1378 933 1537 1016 consequi

360 1056 427 1109 non
457 1043 577 1126 possis.
631 1043 714 1110 Item
746 1043 773 1110 si
806 1043 882 1126 quis
915 1063 982 1110 rem
1016 1044 1132 1110 habeat
1164 1058 1268 1110 metm
1304 1060 1364 1110 nec
1395 1043 1536 1129 pretium

360 1154 512 1221 restituat
541 1154 694 1238 idemque
722 1154 835 1240 fugam
864 1154 1019 1237 adornet,
1052 1155 1098 1222 ita
1132 1169 1171 1222 ut
1199 1155 1288 1224 nulle
1316 1175 1390 1241 spes
1422 1155 1467 1222 sit
1497 1157 1539 1224 ad

358 1266 520 1350 judicium
541 1266 738 1349 revocandi,
761 1267 816 1334 hic
839 1287 915 1334 cum
937 1282 1042 1334 cesset
1061 1267 1117 1333 illa
1136 1287 1235 1350 quam
1257 1266 1326 1334 dixi
1349 1268 1403 1334 lex
1424 1267 1464 1334 de
1482 1269 1538 1354 Ju-

361 1377 457 1444 diciis
488 1379 530 1445 ad
562 1393 684 1446 sextam
716 1377 916 1446 veniendum
936 1393 1003 1460 est,
1027 1399 1112 1462 quae
1134 1379 1210 1448 vult
1231 1380 1315 1446 bene
1337 1377 1536 1446 facientibus

360 1491 443 1556 bene
464 1489 554 1571 fieri,
577 1491 648 1558 sive
670 1490 823 1558 damnum
834 1492 927 1558 lucro
939 1491 1142 1574 compensari
1156 1491 1185 1556 ¹:
1207 1510 1314 1573 neque
1331 1491 1535 1573 lexquarta,
1643 1525 1654 1546 ι’

361 1621 445 1684 quae
460 1601 600 1668 alienum
622 1615 712 1668 vetat
724 1620 906 1687 occupare,
929 1601 1255 1686 impedimentorum,
1275 1601 1453 1684 quominus
1465 1617 1536 1670 tan·

360 1713 505 1779 tumdem
528 1712 700 1796 recipiam,
724 1713 816 1797 quod
842 1713 950 1798 ipsum
971 1713 1050 1781 mihi
1072 1713 1231 1782 advitam
1254 1713 1419 1780 conducat
1443 1715 1537 1800 juxta

360 1825 464 1908 legem
485 1833 679 1891 secundam:
703 1845 798 1892 nemo
821 1825 906 1892 enim
931 1826 1101 1912 cogendus
1122 1841 1171 1894 est
1191 1845 1287 1894 suum
1309 1827 1441 1911 jactare.
1487 1825 1535 1892 At

359 1935 457 2002 simul
487 1956 524 2002 ac
552 1950 658 2005 cessat
689 1957 839 2021 praesens
859 1937 943 2006 illud
959 1937 1074 2006 mortis
1096 1953 1153 2004 aut
1169 1940 1315 2024 iacturae
1333 1935 1534 2020 periculum,

360 2049 448 2133 leges
466 2051 531 2134 jam
553 2067 619 2116 non
641 2063 823 2134 pugnantes
846 2049 945 2117 simul
967 2049 1090 2118 servari
1111 2069 1242 2118 necesse
1269 2063 1328 2116 est.
1373 2046 1464 2120 Quid
1480 2051 1536 2134 J'us

360 2160 405 2226 sit
426 2159 588 2227 vidimus:
611 2159 698 2226 unde
719 2159 838 2248 injuria
862 2161 958 2228 etiam
978 2161 1144 2243 noscitur,
1169 2159 1310 2248 generali
1332 2160 1459 2227 scilicet
1476 2179 1536 2226 no·

360 2271 473 2354 tione,
505 2287 543 2338 ut
574 2271 608 2338 id
636 2271 801 2358 significet
821 2272 986 2356 quidquid
1008 2293 1074 2340 nou
1094 2275 1168 2358 jure
1187 2272 1245 2338 fiat
1267 2280 1292 2340 ⁸.
1337 2271 1410 2344 Qua
1436 2273 1537 2358 igitur

360 2383 487 2450 actione
507 2385 562 2469 jus
583 2385 624 2452 td
644 2405 738 2467 eum,
762 2384 816 2451 cui
835 2385 1014 2452 secundum
1036 2387 1163 2471 regulas
1187 2406 1223 2450 ac
1247 2385 1336 2469 leges
1358 2385 1534 2469 competit,

360 2495 568 2578 perducitur,
592 2498 671 2563 haec
689 2498 778 2582 J'usta
801 2513 867 2564 est:
890 2517 973 2579 quae
996 2515 1108 2580 secus,
1132 2496 1265 2582 injusta.
1301 2497 1367 2562 Sed
1390 2496 1558 2564 actiones

361 2621 398 2672 ut
416 2607 456 2672 ab
478 2607 594 2674 animis
623 2607 802 2692 incipiunt,
827 2608 870 2675 ita
890 2609 1045 2676 desinunt
1068 2608 1101 2674 in
1121 2608 1325 2692 corporibus.
1373 2609 1463 2676 Haec
1482 2609 1532 2675 di-

358 2733 449 2786 catur
481 2718 658 2787 exsecutio.
705 2721 838 2806 Corpus
869 2735 977 2787 'sutem
1007 2720 1132 2788 homini
1164 2719 1326 2786 tributum
1355 2735 1405 2786 est
1425 2720 1531 2788 debile

359 2847 391 2897 et
409 2831 592 2913 infirmum,
616 2834 704 2900 unde
723 2832 937 2900 instrumenta
954 2848 1042 2900 extra
1059 2851 1179 2916 corpus
1190 2833 1315 2917 adjecta
1328 2846 1423 2914 sunt,
1448 2852 1531 2916 quae

356 2943 486 3026 corpori
516 2943 721 3012 inservirent.
770 2946 873 3012 Arma
902 2946 982 3012 haec
1012 2964 1186 3012 vocamus:
1220 2944 1342 3027 quibus
1363 2945 1473 3030 justus
1494 2948 1535 3014 td

356 3056 514 3122 tuendum
536 3070 569 3121 et
589 3055 842 3138 acquirendum,
866 3057 1010 3142 injustus
1032 3056 1073 3124 ad
1094 3056 1324 3123 offendendum
1342 3072 1373 3122 et
1395 3057 1533 3142 eripien-

200 3168 436 3286 sssslfinissssdum
470 3166 585 3234 utitur.
633 3169 770 3234 Armata
801 3167 835 3234 in
859 3185 1015 3236 annttum
1048 3169 1216 3236 exsecutio
1245 3169 1366 3236 bellum
1390 3169 1532 3251 dicitur,

117 3299 123 3306 ·
200 3281 346 3392 mnam
356 3281 482 3365 justum
493 3278 624 3361 quidem
638 3279 744 3365 juris,
767 3278 926 3366 injustum
937 3296 1046 3348 autem
1059 3281 1211 3367 iniuriae:
1233 3280 1402 3365 publicum
1416 3327 1428 3362 ‚
1441 3282 1533 3364 quod

359 3411 399 3456 ex
424 3393 594 3458 voluntate
615 3391 812 3474 reipublicae
837 3391 896 3474 fit,
921 3393 1043 3475 quibus
1065 3392 1176 3460 verbis
1193 3392 1287 3460 etiarn
1303 3392 1532 3478 magistratus,

359 3517 460 3585 puta,
477 3501 635 3586 principis
662 3506 816 3570 voluntas
839 3504 1134 3587 comprehenditur.
1182 3506 1257 3572 Hoc
1280 3519 1388 3572 autem
1408 3517 1456 3570 est
1478 3519 1533 3570 aut

213 3613 455 3691 corrone-civile
478 3613 512 3680 in
536 3627 659 3698 partem
685 3615 1076 3700 ejusdemreipublieae,
1100 3631 1156 3684 aut
1178 3633 1346 3684 externum
1370 3616 1532 3697 melios,

209 3698 336 3814 {22:223
356 3726 452 3810 cuius
474 3725 599 3810 species
623 3729 779 3812 estquod
797 3727 916 3794 sociale
933 3728 1061 3796 dicitur.
1108 3729 1296 3812 Privatum,
1319 3731 1413 3812 quod
1428 3730 1531 3795 aliter.

356 3837 396 3904 Id
410 3852 517 3904 autem
536 3837 591 3904 alii
608 3835 619 3871 ⁴
636 3858 702 3905 non
719 3853 783 3905 tam
804 3840 945 3918 bellum,
965 3860 1062 3922 quam
1081 3840 1183 3906 rixam
1206 3841 1313 3907 dicere
1329 3844 1530 3908 maluerunt:

238 3979 341 4029 pram,
356 3963 465 4033 potest
481 3964 589 4016 autem
608 3965 640 4016 et
660 3951 722 4019 hoc
746 3966 902 4018 esserum
926 3951 1041 4033 civile,
1064 3973 1161 4034 quarn
1184 3967 1364 4020 externum.
1395 3952 1532 4018 Praeda

356 4059 411 4128 nic
431 4063 611 4147 appellatur
633 4062 679 4130 rei
698 4063 830 4130 hostilis
849 4077 908 4147 per
930 4064 1052 4131 bellum
1076 4063 1265 4148 acquisitio.

364 4229 561 4242 ..Ι-ιι*-

391 4309 479 4362 ¹silv.
503 4312 530 4361 in
553 4323 579 4364 v.
606 4313 748 4370 Furtum.§
770 4324 808 4360 ιο.
825 4322 906 4371 quest.
924 4322 949 4360 et
967 4311 994 4360 in
1012 4325 1037 4364 v.
1053 4311 1238 4362 Homicidium.
1256 4315 1269 4372 5
1285 4325 1311 4375 9.
1345 4307 1530 4372 ²1.quidest.

356 4406 378 4461 §t
403 4416 460 4452 eum
484 4403 571 4464 igitur.
589 4403 618 4452 ff.
645 4404 676 4452 de
703 4402 730 4452 vi
755 4413 781 4450 et
794 4402 822 4452 vi
838 4413 933 4450 metatu
951 4403 995 4465 [D.
1012 4416 1054 4466 4³·
1072 4405 1110 4453 16.
1129 4416 1152 4462 s.
1170 4407 1183 4463 5
1200 4403 1239 4467 9.]
1258 4405 1275 4452 i.
1290 4403 1327 4452 uit
1345 4413 1456 4464 praetor-0
1471 4405 1492 4461 §e
1509 4401 1530 4451 si

356 4493 505 4542 debitorum.
519 4494 545 4544 ff.
559 4505 623 4556 quse
637 4493 665 4542 in
682 4493 714 4542 fr.
729 4495 801 4542 cred.
818 4493 864 4556 [D.
881 4506 922 4555 42.
941 4496 964 4542 8.
985 4497 1052 4554 1m§
1070 4495 1121 4557 rd]
1141 4494 1202 4545 silv·
1218 4495 1245 4544 in
1263 4509 1288 4545 v.
1304 4496 1410 4544 Bellum·
1421 4493 1480 4542 asin
1489 4507 1529 4555 pr.

354 4582 365 4615 ³
382 4587 400 4633 l.
419 4599 441 4634 r.
457 4584 484 4634 ff.
498 4586 533 4636 da
550 4583 659 4644 injuriis.
669 4585 718 4648 [D.
729 4596 774 4648 ur.
794 4584 845 4648 ια]
880 4581 892 4615 ⁴
909 4585 1000 4636 Tuom.
1016 4599 1040 4635 α.
1058 4598 1165 4650 muue-
1175 4597 1221 4636 art·
1233 4585 1461 4644 nsumdeirans.
1472 4599 1496 4635 e.
1506 4597 1532 4642 ε.
