3530 5656
344 661 385 724 24
405 691 408 696 ·
659 663 705 709 DE
728 663 822 728 June
848 663 1030 710 PRABDAE.
1055 663 1135 711 CAP.
1160 663 1199 710 11.

343 819 409 880 nisi
431 814 522 881 alter
543 815 688 882 alterum
713 815 867 904 offensum
890 820 991 884 iisset.
1017 816 1153 886 Inuidia
1174 821 1258 884 euim
1278 815 1432 882 seditioni
1450 835 1514 878 mo·

343 925 431 991 litur
453 925 638 994 exordium.
686 927 740 994 Sic
761 928 960 1014 iudiciorum
986 949 1051 996 non
1077 929 1139 994 alia
1162 949 1259 1012 quam
1284 930 1393 1014 legum
1412 924 1514 1010 origo.

343 1037 510 1104 Dicuntur
533 1037 618 1104 enim
644 1041 674 1104 ¹:

707 1152 873 1222 ieuoiomonoe
894 1151 924 1220 oi
940 1181 973 1222 κε
995 1155 1132 1235 θέμιστας

555 1264 589 1327 ἐκ
611 1264 679 1337 Διὸς
701 1265 840 1346 ripduooee.

707 1386 861 1458 proceres
882 1376 1091 1439 sanctissimo
1115 1385 1274 1459 quotquot

624 1482 720 1569 Juro
740 1485 837 1572 Jonis
860 1484 1005 1552 reddunt
1023 1484 1169 1572 populis.

343 1565 420 1630 item
441 1571 472 1629 ¹:

551 1655 591 1730 εἷς
613 1659 755 1738 βασιλεὺς
777 1657 798 1744 ᾦ
820 1660 905 1727 ἔδωκε
925 1659 1026 1743 Κρόνου
1046 1669 1117 1733 uuit
1138 1660 1351 1739 ἀγκυλομήτεω

551 1777 692 1852 σκῆπτρον
713 1766 794 1847 τ’ἦδὲ
814 1773 961 1854 θέμιστας.

559 1876 636 1942 Rex
659 1899 744 1944 unus
767 1883 822 1944 oui
844 1879 904 1944 dot
928 1881 1112 1947 Saturnius
1137 1903 1244 1947 aureo
1269 1879 1365 1965 regui

559 1987 762 2074 Sceptraque
774 1988 1019 2076 judiciumque.

345 2096 388 2163 Et
408 2099 495 2181 apud
516 2091 651 2164 alterum
675 2098 705 2165 ἐ

785 2215 893 2294 μεσταὶ
914 2217 944 2282 δὲ
964 2219 1032 2291 Διὸς
1052 2219 1147 2283 uo'ecue
1167 2217 1221 2298 μὲν
1242 2218 1364 2294 tuctu,

566 2325 669 2391 πᾶσαι
691 2327 864 2408 i'oiulpciuuu
885 2327 1001 2408 ἀγοραί.

777 2455 854 2499 reum
877 2438 963 2503 uicos
988 2439 1120 2500 numine
1141 2433 1278 2520 complet

565 2545 751 2632 Juppiter,
775 2545 859 2610 idem
883 2548 1049 2611 hominum
1072 2546 1208 2632 complet
1224 2545 1320 2630 foro.

392 2657 442 2720 Ac
465 2657 559 2736 plane
584 2676 658 2721 cum
680 2657 868 2722 naturaliter
889 2657 1009 2740 cuique
1021 2656 1132 2723 liceret
1142 2657 1197 2741 jus
1209 2655 1271 2722 sibi
1284 2676 1381 2721 manu
1394 2655 1524 2734 dicere,

348 2767 564 2833 necessarium
587 2768 714 2836 cunctis
736 2769 868 2852 populis
886 2769 994 2836 visum
1018 2784 1066 2837 est
1086 2769 1227 2851 aliquem
1247 2768 1416 2836 instituere
1435 2767 1523 2853 judi-

350 2879 473 2945 ciorum
506 2879 674 2957 ordinem,
708 2880 760 2945 cui
792 2879 928 2947 accessit
961 2897 993 2947 et
1015 2881 1219 2967 singulorum
1240 2899 1441 2960 consensus,
1466 2879 1522 2962 qui

352 3014 428 3060 cum
461 2993 612 3058 viderent
647 2993 740 3058 aliter
772 3013 868 3059 suum
899 3014 934 3060 se
965 2991 1123 3075 consequi
1153 2993 1195 3058 ob
1217 2989 1435 3057 infirmitatem
1459 3011 1524 3056 non

350 3124 472 3187 posse,
507 3117 649 3170 staturos
677 3123 710 3170 se
745 3102 887 3171 civitatis
918 3104 1095 3172 sententiae
1126 3102 1356 3187 promiserunt.
1402 3101 1445 3166 Et
1476 3117 1525 3169 est

351 3215 484 3281 omnino
504 3235 539 3280 ea
557 3215 795 3300 jurisdictionis
817 3231 954 3298 natura,
978 3230 1015 3281 ut
1037 3215 1099 3283 nisi
1122 3236 1161 3281 ex
1181 3234 1340 3281 consensu
1360 3214 1436 3279 oriri
1458 3234 1524 3280 non

351 3327 478 3411 possit,
503 3327 593 3410 quod
614 3326 691 3393 satis
714 3330 882 3412 vulgatum
902 3343 951 3395 est
973 3336 995 3392 ⁴.
1040 3328 1081 3392 Id
1101 3328 1161 3393 hac
1183 3327 1293 3412 regula
1313 3325 1525 3392 indicabitur:

201 3452 295 3512 Regula
310 3452 339 3496 V·
356 3436 530 3524 Quidquid
561 3438 747 3525 respublica
771 3460 802 3504 se
823 3439 906 3507 telle
928 3437 1157 3527 significarit,
1181 3438 1220 3505 id
1239 3443 1329 3504 iuter
1352 3443 1436 3507 ciros
1459 3442 1525 3502 sio·

350 3550 445 3637 gulos
466 3551 527 3636 jus
559 3564 617 3616 est.
666 3549 788 3615 Differt
820 3553 899 3616 haec
932 3553 1044 3636 regula
1067 3550 1222 3635 aptiori,
1250 3551 1340 3633 quod
1364 3549 1524 3635 Judicium
1578 3531 1584 3536 ⁵

202 3687 327 3745 puetarum.
354 3683 372 3726 a
401 3664 472 3746 lege
502 3661 611 3740 civili;
656 3678 704 3728 est
738 3663 822 3727 enim
854 3663 1015 3749 judicium
1049 3664 1101 3727 lex
1135 3662 1175 3728 ad
1208 3660 1330 3728 factum
1365 3661 1526 3746 singulare

354 3771 470 3857 aptata.
515 3774 626 3855 Atque
649 3774 729 3841 adeo
752 3774 836 3840 inter
858 3776 946 3859 leges
968 3774 1083 3842 civiles
1106 3773 1209 3858 prima
1232 3789 1281 3840 est
1303 3774 1365 3840 ista
1388 3774 1428 3839 ad
1449 3794 1525 3838 con-

354 3885 518 3951 tinendam
542 3885 745 3966 societatem,
770 3906 853 3968 quae
871 3886 1069 3971 judiciorum
1093 3885 1317 3952 necessitatem
1341 3884 1438 3950 facit:
1463 3885 1527 3950 hoc

210 4021 261 4067 tm
274 4021 318 4068 err.
355 4012 420 4062 est:
445 3997 500 4061 Ne
514 4002 596 4068 ciris
614 3998 772 4066 aduersus
783 3997 890 4084 {ciuem
893 3999 953 4084 jus
966 4019 1059 4062 suum
1073 4001 1139 4062 uisi
1141 3996 1273 4083 judicio
1287 4010 1491 4082 exsequatur
1501 4002 1525 4062 ⁵.

391 4304 508 4368 ¹[Hom.
533 4308 602 4355 11.1.
629 4320 650 4354 1.
668 4320 706 4355 vs.
731 4310 788 4364 2³8.
811 4308 862 4370 sq]
898 4304 1356 4370 ²[Hom.11.l.2.vs.uos.sq.]
1392 4303 1527 4369 ³[Aratus

356 4397 490 4445 Phaenom.
507 4399 525 4444 l.
542 4411 565 4446 o.
583 4411 621 4447 vs.
645 4411 668 4445 α.
686 4399 736 4460 sq.]
771 4397 783 4429 ⁴
800 4401 860 4458 Arg.
878 4398 905 4446 in
922 4400 939 4446 1.
956 4398 1032 4448 diem.
1051 4403 1072 4457 §-
1089 4398 1158 4447 stori.
1175 4398 1201 4446 ff.
1219 4400 1250 4447 de
1268 4396 1378 4447 arbitris.
1397 4398 1441 4459 [D.
1458 4411 1483 4458 4.
1502 4400 1526 4445 8.

358 4499 398 4546 27.
421 4492 434 4547 ξ
457 4488 492 4549 9.]
528 4488 539 4520 ⁵
562 4485 692 4552 lffexstat.
716 4489 742 4537 ff.
763 4491 832 4550 quod
854 4477 922 4538 metu
946 4490 991 4551 [D.
1014 4503 1038 4551 4.
1058 4503 1081 4536 2.
1101 4488 1153 4553 13.]
1172 4491 1189 4536 l.
1207 4491 1298 4540 nullus.
1321 4491 1351 4537 C.
1369 4491 1400 4538 de
1417 4488 1527 4551 Judaeis.

359 4578 402 4639 [c.
423 4592 444 4626 1·
461 4592 485 4641 9·
505 4579 556 4642 14]
