3530 5656
361 631 420 706 58*
674 643 720 690 on
744 641 838 710 Joun
867 641 1049 687 antinous.
1076 643 1155 690 cun.
1180 643 1214 689 v,

358 797 446 881 justa
465 797 530 863 dici
553 797 690 876 debeat,
725 811 823 866 restat
842 795 1030 864 videndum.
1077 795 1311 885 NequeJonga
1333 811 1382 862 est
1403 797 1529 879 disqui-

360 907 449 974 sitio.
492 907 542 973 Ut
564 906 649 973 enim
670 927 711 973 ex
733 907 803 986 his,
826 927 910 990 quae
933 921 1006 974 ante
1028 907 1172 974 diximus
1197 908 1227 990 ¹,
1249 905 1457 974 manifestum
1470 908 1529 987 lit,

214 1042 290 1088 const.
303 1041 349 1088 111.
361 1018 463 1084 omnis
499 1017 632 1106 praeda
665 1019 766 1103 justa
799 1031 870 1102 est,
906 1039 991 1105 quae
1024 1020 1119 1104 justo
1152 1037 1193 1082 cx
1225 1017 1307 1084 bello
1350 1021 1464 1082 oritur
1507 1015 1531 1084 ².

361 1129 407 1196 Et
426 1127 473 1196 sie
494 1147 607 1196 omnes
627 1127 798 1196 definiunt.
843 1129 882 1195 ln
903 1148 942 1194 eo
962 1147 1049 1196 nunc
1061 1127 1166 1196 omnis
1179 1127 1358 1211 disputatio
1370 1129 1530 1210 vertitur,

361 1242 483 1307 bellum
505 1240 669 1324 quodnam
689 1241 816 1326 justum
838 1241 883 1310 sit
905 1237 930 1306 ⁸.
977 1241 1043 1308 Sed
1061 1253 1136 1306 ante
1155 1240 1261 1306 omnis
1281 1240 1374 1306 verbi
1386 1239 1531 1306 tollenda

362 1366 411 1418 est
439 1351 643 1438 ambiguitas.
684 1349 817 1436 Justum
850 1351 936 1417 enim
971 1371 1046 1418 eum
1075 1351 1170 1430 dico,
1205 1369 1271 1418 non
1294 1350 1340 1416 ita
1362 1349 1530 1436 intelligo,

360 1461 446 1529 sicut
468 1464 631 1530 interdum
651 1477 850 1545 usurpatur,
874 1463 965 1544 quod
987 1462 1027 1527 ad
1042 1481 1120 1528 suae
1129 1477 1262 1528 naturae
1275 1461 1531 1546 magnitudinem

360 1573 533 1657 pervenit,
558 1589 596 1639 ut
610 1575 698 1658 justa
719 1588 825 1656 aetas,
845 1573 1183 1659 justum‘navigium,
1201 1574 1327 1658 justum
1346 1589 1429 1654 opus
1451 1572 1532 1637 dici-

362 1699 436 1765 tur,
464 1700 523 1750 nec
556 1684 611 1750 cui
639 1683 748 1750 addita
778 1697 827 1749 est
857 1684 982 1767 species
1010 1684 1151 1750 exterior
1190 1683 1343 1750 solemnis
1373 1683 1531 1765 quodam·

362 1795 482 1876 modo,
514 1794 600 1861 unde
617 1793 706 1880 justa
723 1791 984 1876 materfamilias,
1008 1795 1069 1862 etsi
1083 1815 1157 1878 para
1179 1795 1258 1861 haec
1279 1807 1328 1860 est
1346 1794 1532 1878 propositae

362 1901 631 1974 considerationis
661 1907 823 1991 (utroque
844 1905 929 1972 enim
950 1905 1136 1991 significatu
1152 1906 1278 1992 justum
1299 1907 1420 1972 bellum
1444 1906 1532 1990 apud

362 2032 512 2082 auctores
532 2017 696 2102 legitur),
715 2017 773 2084 sed
789 2017 851 2082 hoe
875 2017 1026 2099 demum,
1045 2015 1102 2084 cui
1123 2018 1206 2084 nlhil
1222 2037 1333 2084 eorum
1344 2019 1436 2085 deest
1448 2035 1531 2099 quae

360 2126 433 2214 jure
453 2128 565 2211 aliquo
585 2128 700 2196 divino
723 2143 780 2194 aut
800 2129 942 2194 humano
958 2128 1183 2210 requiruntur.
1227 2130 1326 2195 Varie
1335 2144 1442 2196 autem
1455 2131 1532 2194 haec
1580 2105 1583 2122 ι

364 2257 424 2306 nec
455 2240 533 2307 satis
562 2240 676 2306 ordine
698 2260 716 2304 a
738 2239 901 2324 magistris
929 2253 1062 2306 tractata
1082 2255 1170 2306 sunt.
1215 2241 1346 2324 Septem
1366 2241 1499 2322 quidam
1520 2245 1532 2282 ⁸

363 2353 523 2418 bellorum
555 2352 687 2418 nomina
720 2351 829 2418 verius
851 2371 947 2435 quam
969 2370 1085 2436 genera
1102 2365 1303 2435 posuerunt:
1329 2371 1437 2434 neque
1458 2368 1534 2418 vera

363 2463 495 2545 omnia,
518 2483 576 2528 nec
597 2463 666 2546 ipsa
687 2464 767 2530 satis
790 2463 874 2530 inter
894 2483 928 2530 se
947 2462 1110 2530 distincta.
1155 2463 1317 2530 Nonnulli
1336 2463 1400 2529 hoe
1418 2464 1533 2528 volue-

363 2587 441 2639 tunt
468 2587 506 2638 ut
534 2593 552 2638 a
570 2573 681 2658 judice
701 2589 787 2640 esset
808 2588 842 2640 et
862 2594 902 2640 ex
918 2576 1004 2660 jure.
1051 2573 1117 2640 Alii
1142 2574 1194 2640 hic
1216 2574 1400 2640 desiderant
1419 2592 1532 2638 aucto·

364 2683 508 2764 ritatem,
539 2704 667 2752 causam
697 2684 764 2770 (sic
794 2699 913 2751 vocant
939 2685 1024 2751 illud
1058 2686 1143 2751 unde
1170 2685 1291 2751 bellum
1312 2683 1475 2769 nascitur)
1498 2695 1531 2747 et

364 2795 598 2877 intentionem,
627 2817 686 2863 seu
718 2796 831 2879 potius
860 2795 917 2878 id,
948 2797 1040 2879 quod
1066 2795 1188 2879 cuique
1219 2795 1424 2879 propositum
1458 2809 1531 2875 est,

363 2907 514 2974 nonnulli
533 2927 685 2988 causam,
706 2909 858 2986 modum,
879 2907 1105 2973 necessitatem
1129 2909 1151 2973 ⁵.
1196 2907 1374 2973 Auxerunt
1395 2905 1449 2972 alii
1472 2925 1533 2972 nu-

364 3038 510 3099 merum,
540 3017 598 3097 qui
625 3018 842 3084 necessarium
864 3039 933 3086 esse
953 3019 1076 3084 bellum
1092 3018 1256 3102 ¹cupiunt,
1280 3032 1318 3084 ut
1338 3018 1408 3084 sine
1426 3017 1533 3100 reipu-

365 3128 467 3193 blicae
487 3127 634 3210 periculo
652 3127 759 3193 omitti
779 3147 844 3194 non
861 3127 986 3211 possit,
1009 3145 1040 3194 et
1060 3129 1187 3214 jussum
1207 3149 1225 3195 a
1241 3127 1431 3214 magistratu
1444 3147 1533 3193 sunt-

365 3257 440 3319 mo‚
475 3253 508 3304 et
542 3238 631 3322 justa
670 3258 787 3322 causa,
823 3239 1049 3323 indictumque
1081 3239 1169 3306 hosti
1201 3255 1232 3306 et
1262 3239 1486 3306 denuntiatum
1508 3237 1532 3305 ⁶.

234 3391 302 3439 Nova
316 3391 353 3437 a..
367 3349 585 3416 Considerant
608 3351 662 3416 alii
690 3371 729 3416 ex
753 3371 807 3433 re,
839 3371 878 3416 ex
902 3371 1017 3432 causa,
1040 3351 1229 3433 exanimo,
1258 3371 1297 3416 ex
1318 3351 1531 3433 auctoritate,

234 3446 341 3494 “m
364 3479 404 3524 ex
423 3479 571 3542 persona.
618 3462 682 3528 Sed
704 3463 738 3527 in
760 3483 891 3545 quaque
914 3462 1089 3546 partitione
1116 3462 1197 3545 quid
1211 3460 1341 3529 deficiat
1360 3477 1416 3528 aut
1431 3463 1533 3527 abun·

316 3611 319 3618 ‚
364 3572 440 3652 det,
470 3572 515 3637 ita
546 3575 733 3656 apparebit,
763 3575 790 3642 si
822 3575 943 3640 belluna
974 3575 1015 3640 ad
1046 3594 1171 3640 summa
1201 3589 1342 3657 quatuor
1364 3593 1532 3640 causarum

364 3701 480 3767 genera
498 3690 509 3732 ⁷
526 3705 731 3752 revocemus.
778 3686 893 3752 Solent
921 3685 1004 3752 enim
1036 3685 1181 3752 actiones
1208 3704 1274 3752 non
1305 3685 1415 3752 minus
1435 3705 1532 3768 quarn

363 3876 560 3887 ..Μ

399 3993 472 4042 ¹Ex.
490 3996 625 4043 demonstr.
653 3993 722 4042 univ.
746 4009 770 4054 q.
790 4007 813 4042 a.
847 3992 858 4026 ²
880 3993 1008 4043 Convenit
1026 4007 1084 4043 cum
1102 3995 1192 4042 Thom.
1210 4007 1233 4042 a.
1251 4007 1275 4042 a.
1293 4009 1319 4054 q.
1336 3993 1379 4044 66.
1397 4005 1442 4042 art.
1461 3997 1485 4044 8.
1503 3995 1535 4043 ad

368 4098 389 4132 1.
406 4084 417 4116 ³
428 4087 458 4132 V.
467 4087 529 4134 Bud.
544 4089 561 4133 l.
571 4098 595 4142 3.
605 4085 630 4132 ff.
640 4099 687 4145 pro
697 4085 779 4134 socio.
790 4086 835 4146 [D.
849 4097 887 4143 17.
906 4086 943 4147 a]
963 4097 987 4134 et
996 4087 1102 4146 Ayalam
1114 4083 1209 4142 dejure
1220 4085 1307 4132 bellil.
1327 4098 1347 4132 1.
1357 4099 1380 4132 c.
1399 4098 1438 4146 ³4
1456 4083 1467 4119 ⁴
1485 4085 1533 4132 Ge-

364 4175 424 4222 min.
451 4175 476 4223 in
500 4190 523 4224 c.
550 4190 571 4224 1.
595 4178 626 4224 de
648 4175 742 4224 ltomic.
770 4173 909 4239 [Decretol.
927 4176 953 4223 in
971 4177 995 4224 6.
1012 4189 1035 4232 5.
1053 4174 1090 4239 4]
1118 4187 1143 4222 et
1170 4189 1202 4222 ex
1228 4175 1274 4222 illo
1293 4175 1336 4222 alii
1352 4175 1395 4234 qai
1416 4175 1541 4223 debello·

365 4266 528 4325 scripserunt.
562 4265 581 4313 ⁶.
599 4267 689 4315 Thom.
708 4279 731 4314 a.
750 4281 773 4314 2.
790 4281 816 4326 q.
833 4281 875 4328 40.
893 4268 960 4314 Bart.
979 4268 1009 4316 de
1027 4280 1134 4326 repress.
1153 4267 1233 4314 Castr.
1251 4268 1282 4314 nd
1299 4268 1316 4313 l.
1334 4279 1366 4314 ex
1382 4269 1441 4314 hoc.
1463 4266 1488 4313 ff.
1504 4267 1535 4314 de

364 4354 423 4412 just.
442 4369 467 4404 et
484 4356 548 4414 jure.
568 4357 611 4418 [D.
632 4371 653 4405 1.
673 4371 694 4405 1.
714 4356 748 4420 s.]
786 4360 915 4406 Pantheol.
933 4359 1008 4406 Rain.
1026 4358 1119 4406 Pisani.
1138 4372 1161 4407 c.
1183 4372 1204 4406 1.
1222 4357 1301 4406 Willr.
1319 4359 1399 4406 Math.
1418 4357 1535 4406 debello

364 4445 432 4512 justo
451 4460 475 4495 et
493 4448 581 4509 licito,
608 4448 634 4496 in
651 4447 734 4508 princ.
767 4447 853 4511 “Joln
869 4451 954 4508 Lupus
973 4451 1003 4496 de
1023 4449 1105 4510 belm,
1128 4462 1161 4496 ex
1182 4449 1312 4496 Hostiensi
1337 4451 1368 4496 de
1384 4460 1478 4508 treuga.
1498 4449 1536 4510 [p.

366 4539 435 4600 aas]
471 4537 482 4576 ⁷
499 4539 577 4590 Arist.
597 4542 710 4602 Metnph.
728 4543 744 4588 l.
762 4555 786 4600 4.
805 4555 827 4590 c.
846 4555 868 4590 a.
888 4542 926 4602 [p.
948 4554 1018 4598 1013·
1030 4556 1052 4590 2.
1066 4556 1105 4592 vs.
1118 4539 1168 4603 16.]
1181 4555 1206 4588 v.
1216 4539 1312 4590 Siluio
1322 4540 1402 4589 verbo
1412 4541 1472 4588 Lex.
1483 4539 1503 4602 ὃ.
1514 4551 1536 4595 5.
