3546 5654
374 631 438 712 256
673 651 720 697 nn
743 652 838 717 June
864 650 1047 698 ansanus.
1073 651 1152 697 cna.
1177 652 1241 696 xrs.

372 817 441 869 turn
469 805 512 870 sit
534 804 660 870 facinus
677 805 842 872 hominem
866 805 1044 889 ingenuum
1066 805 1286 871 immerentem
1311 807 1345 871 in
1370 807 1545 890 captivita-

371 930 436 981 tem
466 918 614 997 trahere,
638 918 756 984 habere
778 917 811 982 in
840 917 983 983 vinculis
1011 932 1043 982 et
1072 918 1237 984 cruciatu:
1269 920 1361 1000 quod
1391 919 1543 986 Lusitani

372 1028 405 1092 in
426 1031 547 1094 multos
570 1029 718 1095 homines
743 1030 926 1096 Hollandos
950 1027 1097 1094 fecerunt
1119 1027 1334 1112 faciuntque,
1358 1046 1446 1096 tanta
1471 1032 1545 1114 qui·

372 1139 443 1205 dem
475 1140 673 1224 pertinacia,
698 1156 735 1207 ut
758 1141 878 1206 oblatis
910 1161 949 1205 ex
982 1140 1128 1223 ipsorum
1152 1161 1289 1207 numero
1313 1144 1417 1208 multo
1442 1143 1543 1225 pluri-

372 1255 433 1318 bus
451 1268 508 1318 aut
526 1252 699 1318 sufficienti
721 1253 826 1335 pretio
848 1273 1024 1333 numquam
1047 1251 1281 1318 redemtionem
1302 1256 1542 1336 concesserint,

373 1365 430 1430 sed
453 1385 539 1446 quos
562 1379 713 1448 ceperant
732 1381 905 1448 perpetuae
928 1363 1113 1429 addixerint
1134 1364 1302 1430 servituti:
1328 1368 1418 1446 quod
1442 1366 1544 1451 juris-

372 1477 517 1543 consulti
539 1497 652 1543 ornnes
673 1480 812 1542 clamant
840 1476 936 1541 etiam
960 1475 993 1541 in
1015 1478 1102 1541 bello
1125 1475 1273 1560 legitimo
1295 1476 1379 1542 inter
1402 1478 1544 1543 Christi-

373 1608 453 1653 anos
485 1609 551 1653 non
585 1589 701 1667 licere,
735 1609 810 1654 cum
842 1587 886 1654 sit
916 1586 982 1673 juri
1005 1602 1137 1669 recepto
1160 1590 1357 1653 contrarium
1382 1597 1404 1652 ¹.
1452 1590 1544 1675 Quid

373 1715 480 1766 autem
503 1699 729 1766 detestabilius
749 1714 798 1764 est
817 1713 873 1764 aut
893 1699 1039 1782 perjurio
1054 1713 1110 1764 aut
1122 1699 1347 1780 qualicunque
1359 1700 1539 1782 perfidia¹i²

373 1814 459 1878 Nam
484 1827 609 1878 caetera
632 1810 790 1876 maleficia
812 1829 983 1893 personam
1006 1808 1072 1875 fere
1094 1809 1273 1892 respiciunt
1296 1811 1367 1894 ejus
1389 1811 1421 1876 in
1446 1832 1541 1892 quem

372 1924 581 2008 diriguntur,
605 1922 721 2007 perfidi
754 1936 861 1988 autern
886 1937 918 1987 et
941 1921 1049 1986 Deum
1072 1921 1282 2006 impugnant,
1308 1943 1405 2003 quem
1429 1937 1541 1988 testem

373 2052 429 2103 aut
451 2035 617 2118 conceptis
639 2035 771 2116 verbis,
796 2050 852 2100 aut
873 2033 944 2099 aliis
967 2049 1052 2099 certe
1075 2033 1205 2099 indiciis
1226 2034 1401 2114 adhibent,
1422 2049 1454 2099 et
1474 2054 1542 2098 om-

371 2168 444 2214 nem
476 2147 646 2213 hominum
676 2144 886 2225 societatem,
920 2146 1060 2228 abrupto
1083 2145 1239 2224 vincu10,
1264 2165 1331 2226 quo
1364 2145 1435 2212 solo
1458 2146 1542 2210 inter

373 2260 520 2326 homines
553 2257 776 2344 ignotissimos
809 2256 1064 2323 securisumus.
1112 2256 1253 2322 Romani
1278 2257 1355 2321 olim
1390 2256 1483 2321 etiam
1509 2257 1541 2321 in

371 2391 457 2453 quos
476 2375 582 2456 justas
605 2370 769 2435 habebant
792 2388 953 2433 armorum
973 2387 1113 2448 causas,
1137 2368 1188 2434 his
1210 2367 1400 2451 priusquam
1419 2369 1540 2434 bellum

371 2483 552 2548 indicerent
585 2480 757 2546 amicitiam
793 2479 1069 2545 renuntiabant’.
1135 2479 1287 2544 Lusitani
1319 2495 1431 2546 contra
1465 2499 1538 2544 cum

205 2591 347 2706 pssxm
274 2593 356 2658 ΥΥΥΥΥΥ·
370 2593 594 2660 crudelissima
617 2612 768 2674 quaeque
791 2591 824 2656 in
848 2590 989 2658 Ratavos
1020 2591 1266 2674 excogitarent,
1292 2611 1359 2672 quo
1392 2592 1471 2655 haec
1495 2590 1541 2655 fa-

210 2713 304 2749 ΥΥΥΥΥΥ·
320 2716 341 2757 ³·
369 2705 467 2771 cilius
491 2705 726 2785 succederent,
750 2701 912 2768 amicitiae
942 2704 1017 2767 velo
1041 2702 1271 2768 abutebantur
1318 2702 1382 2767 Sed
1402 2703 1465 2767 hoc
1485 2723 1541 2785 pa-

368 2839 459 2884 rum:
493 2833 605 2883 contra
637 2836 725 2882 sacra
755 2814 845 2897 pacis
876 2813 1037 2898 insignia,
1071 2827 1183 2879 contra
1214 2815 1383 2897 pactiones
1409 2812 1540 2880 minime

368 2930 508 3010 dubias,
532 2942 644 2994 contra
667 2926 890 3010 interpositam
912 2925 1125 3011 jurisjurandi
1147 2924 1337 3009 religionem
1362 2926 1395 2991 in
1416 2925 1542 2992 violan-

369 3042 419 3109 dis
448 3042 580 3107 Batavis
612 3055 721 3123 aperte
750 3053 886 3104 ventum
918 3053 989 3117 est,
1013 3058 1073 3103 nec
1094 3037 1275 3119 quidquam
1305 3052 1369 3102 tam
1394 3054 1541 3104 sanctum

369 3152 455 3234 fuit,
480 3152 572 3234 quod
601 3152 677 3216 illos
706 3153 746 3216 ab
778 3149 1019 3215 Hollandorum
1053 3148 1212 3233 sanguine
1244 3164 1418 3215 coerceret.
1477 3151 1541 3215 His

368 3266 473 3332 affinia
503 3279 581 3329 sunt
602 3281 728 3328 venena
757 3275 790 3326 et
821 3260 956 3326 immissi
981 3261 1159 3326 amicorum
1186 3260 1293 3343 specie
1318 3281 1539 3343 percussores.

209 3384 359 3485 fflffl
369 3378 470 3464 Quod
504 3376 543 3440 de
575 3375 694 3440 Perseo
726 3374 818 3457 Rege
853 3373 930 3438 olim
964 3372 1087 3438 dictum
1119 3386 1167 3438 est
1191 3372 1255 3437 huc
1279 3371 1393 3438 referri
1416 3389 1542 3457 potest:

208 3505 308 3608 {sm
334 3508 433 3555 anon
454 3489 578 3572 justum
603 3487 725 3552 bellum
748 3504 900 3567 apparare
925 3484 1128 3565 Lusitanos,
1153 3483 1211 3550 sed
1226 3499 1291 3569 per
1315 3489 1425 3551 omnia
1448 3486 1540 3551 clan-

369 3600 499 3667 destina
523 3598 780 3663 latrociniorum
802 3610 833 3660 et
854 3593 1084 3678 veneficiorum
1108 3596 1232 3661 scelera
1248 3597 1443 3682 grassari⁴.
1468 3599 1540 3664 Aut

369 3712 461 3795 quod
488 3711 521 3776 in
553 3709 689 3774 Darium
715 3707 916 3774 Alexander:
947 3708 1056 3792 Impia
1084 3706 1171 3772 bella
1195 3711 1361 3793 suscipitis
1386 3722 1440 3788 et,
1463 3730 1536 3773 cum

368 3825 519 3890 habeatis
552 3843 674 3901 arma,
707 3820 890 3885 licitamim'
919 3821 1061 3884 hostium
1097 3823 1211 3905 capita
1234 3825 1256 3884 ⁵.
1315 3819 1404 3884 Haec
1436 3819 1538 3904 igitur

366 3979 563 3992 .—-.—..-.

403 4061 411 4093 ¹
429 4063 496 4110 Bart.
511 4071 536 4107 et
554 4060 604 4106 Dd.
621 4058 653 4105 ad
671 4060 687 4105 l.
701 4059 796 4106 hostes.
811 4055 838 4103 ff.
854 4058 885 4105 de
901 4067 969 4116 capt.
988 4056 1032 4117 [D.
1048 4069 1090 4119 49.
1111 4069 1149 4112 15.
1166 4056 1221 4118 24.]
1242 4057 1347 4104 Covarr.
1364 4057 1390 4103 in
1408 4069 1432 4105 c.
1449 4070 1541 4117 pecca·

368 4165 422 4203 tum
437 4156 459 4211 §-
477 4165 515 4199 11.
530 4164 556 4198 n.
574 4151 597 4197 6.
631 4145 642 4180 ²
659 4149 690 4196 V.
703 4150 753 4196 Dd.
771 4147 796 4196 in
813 4149 830 4195 l.
845 4147 866 4196 si
883 4148 934 4196 duo
953 4147 1063 4206 patroni.
1083 4150 1106 4205 5.
1120 4150 1166 4195 ult.
1180 4147 1206 4194 ff.
1225 4149 1256 4196 de
1273 4145 1379 4204 jurejur.
1401 4146 1444 4210 [D.
1464 4162 1502 4196 ra.
1518 4162 1541 4197 a.

373 4257 410 4302 rs.
430 4244 451 4305 ς.
473 4241 510 4302 6.]
536 4241 611 4289 Adde
629 4242 646 4287 l.
660 4242 707 4287 ult.
724 4238 749 4286 ff.
766 4239 935 4288 stellionatus.
956 4237 999 4302 [D.
1016 4251 1058 4300 47.
1077 4252 1117 4286 20.
1134 4237 1172 4299 4.]
1198 4240 1215 4285 l.
1239 4237 1261 4284 si
1281 4238 1338 4298 quis
1358 4236 1448 4295 major.
1463 4240 1493 4286 C.
1509 4241 1541 4287 de

368 4347 444 4384 trans.
470 4334 512 4395 [C.
538 4346 561 4380 a.
577 4344 602 4392 4.
620 4329 676 4394 4r.]
696 4331 727 4377 V.
743 4330 852 4379 Gellium
872 4333 890 4378 l.
908 4343 932 4388 7.
950 4344 973 4378 c.
998 4332 1035 4378 18.
1053 4331 1084 4377 Et
1098 4343 1163 4389 quae
1180 4328 1287 4378 diximus
1306 4331 1338 4377 ad
1355 4332 1439 4378 concl.
1457 4342 1481 4387 7.
1496 4341 1542 4378 art.

370 4440 393 4484 3.
410 4440 437 4485 p.
456 4439 478 4472 2.
512 4422 598 4471 'Lim
610 4421 656 4470 lib.
676 4422 715 4478 ³6.
735 4422 771 4482 [c.
789 4420 825 4484 3.]
843 4431 868 4468 et
886 4421 930 4469 alii
945 4420 1046 4480 passim.
1072 4419 1158 4468 ⁴Liv.
1182 4419 1229 4466 lib.
1245 4433 1286 4480 42.
1307 4420 1343 4482 [c.
1364 4418 1414 4483 18.]
1441 4420 1541 4472 ⁵Curt.

369 4514 567 4577 Mamm
