3536 5692
534 669 580 717 DE
603 673 696 738 JURE
722 671 908 718 PRAEDAE·
934 670 1016 717 CAP·
1041 672 1103 718 XV.
1342 677 1404 740 329

232 828 324 895 oneri
347 827 448 893 factae
471 847 537 892 non
561 828 647 892 bello
672 840 704 891 et
727 826 768 891 ad
789 826 960 909 globorum
982 825 1067 891 ictus
1089 841 1216 910 apertae
1238 829 1413 914 undique,

232 960 291 1004 nec
323 955 497 1005 ventorum
529 938 609 1003 satis
641 952 791 1021 potentes
815 937 903 1003 etin
936 937 1126 1004 universum
1158 938 1275 1024 dignae
1301 944 1404 1028 magis

231 1051 343 1132 vinci,
368 1071 464 1132 quam
486 1070 570 1132 quae
594 1048 722 1132 possint
744 1049 885 1114 vincere.
932 1049 1025 1115 Gens
1048 1049 1167 1116 Batava
1191 1051 1299 1136 gelido
1322 1073 1403 1120 ven-

231 1178 372 1244 tosoque
404 1163 521 1242 coelo,
553 1161 615 1226 sub
648 1161 721 1244 ipso
754 1160 985 1243 septentrionis
1021 1161 1149 1242 sidere,
1184 1163 1269 1228 inter
1301 1185 1402 1247 aquas

230 1293 306 1339 suas
330 1273 466 1339 educata
490 1287 522 1338 et
544 1271 746 1338 incredibilis
767 1271 946 1338 multitudo
968 1272 1008 1337 ab
1029 1272 1109 1354 ipsis
1131 1273 1289 1355 pueritiae
1309 1276 1402 1344 annis

230 1385 383 1468 maJ'orem
404 1384 491 1450 vitae
509 1399 632 1467 partem
653 1384 686 1447 in
706 1402 828 1449 oceano
847 1382 961 1463 solita,
986 1403 1083 1465 quam
1103 1383 1136 1448 in
1155 1386 1250 1452 terris
1268 1386 1401 1470 degere,

230 1496 319 1560 haud
350 1496 444 1561 aliter
472 1495 552 1560 mari
584 1515 681 1577 quam
713 1496 785 1559 solo
818 1493 941 1559 utitur:
972 1494 1223 1561 tolerantissima
1246 1496 1400 1582 frigoris,

230 1606 466 1690 patientissima
500 1605 649 1685 inediae,
689 1605 909 1672 assuetissima
943 1603 1181 1688 incommodis,
1217 1629 1302 1690 quae
1335 1625 1400 1676 tam

229 1720 326 1802 longa
358 1718 474 1783 itinera
504 1716 688 1784 necessario
722 1735 831 1782 secum
855 1714 984 1804 ferunt:
1009 1718 1143 1801 longum
1167 1719 1255 1785 domi
1279 1721 1400 1787 bellum

230 1830 271 1894 ad
291 1829 457 1894 audaciam
481 1843 514 1894 et
535 1848 696 1893 armorum
717 1842 817 1893 artem
836 1827 972 1912 profuit.
1018 1828 1253 1898 Lusitanorum
1274 1831 1400 1898 inlimra

229 1960 389 2024 corpora,
413 1940 548 2005 fluentia
569 1941 697 2019 calore,
721 1954 813 2006 sueta
833 1939 962 2005 deliciis
984 1941 1195 2009 necmarinas
1205 1943 1399 2027 jactationes

228 2071 288 2117 nec
306 2071 459 2118 nauseam
480 2051 558 2117 satis
577 2049 699 2117 ferunt.
723 2050 889 2128 Praeterea
908 2053 1022 2116 molles
1042 2052 1124 2134 ipsi,
1148 2054 1283 2120 marcidi
1302 2057 1399 2132 luxu,

228 2183 391 2228 armorum
411 2163 523 2240 rudes,
544 2162 628 2228 inter
647 2161 866 2246 navigandum
887 2162 1012 2227 onerati
1032 2164 1268 2246 aegrotantium
1287 2167 1398 2245 turba,

229 2294 313 2356 quae
347 2273 483 2340 caeteris
516 2273 612 2338 etiam
646 2272 833 2338 valentibus
856 2272 1089 2353 impedimento
1113 2288 1181 2338 est:
1205 2294 1272 2340 uno
1296 2278 1398 2341 verbo

230 2385 379 2450 imbelles
403 2399 436 2450 et
459 2384 551 2466 quod
572 2383 713 2465 dicitur,
748 2384 922 2467 Mysorum
949 2383 1081 2466 praeda.
1126 2385 1226 2450 Unde
1247 2384 1399 2452 videmus

228 2497 337 2562 nautis
355 2495 486 2562 Batavis
505 2510 631 2561 tantum
652 2494 825 2561 accessisse
845 2493 1004 2572 fiduciae,
1027 2509 1065 2560 ut
1074 2514 1252 2578 numquam
1262 2511 1399 2579 putent,

227 2607 255 2674 ai
279 2608 320 2672 ad
349 2622 510 2672 certamen
541 2605 739 2671 veniendum
770 2605 834 2686 sit,
865 2620 922 2671 aut
944 2624 979 2671 se
1002 2604 1139 2670 nimium
1171 2627 1295 2688 paucos
1327 2627 1398 2675 esse

226 2737 346 2801 posse,
369 2732 426 2782 aut
437 2716 616 2783 Lusitanos
638 2715 716 2782 satis
735 2718 868 2783 multos.
913 2715 1164 2782 Prudentissimi
1182 2737 1278 2802 saepe
1297 2720 1397 2785 duces

227 2849 267 2894 ex
285 2831 382 2895 vultu
400 2828 542 2894 militum
560 2842 744 2912 gestuque,
769 2842 942 2910 conspecta
954 2842 1028 2893 ante
1040 2828 1197 2910 praelium
1210 2829 1396 2910 alacritate,

225 2960 292 3006 non
316 2939 416 3005 dubie
436 2941 502 3024 jam
526 2959 560 3004 se
581 2938 701 3005 vicisse
723 2938 996 3020 pronuntiabant:
1035 2938 1069 3002 id
1091 2958 1185 3004 omen
1210 2939 1395 3023 optimum,

227 3052 262 3117 id
284 3051 349 3118 illis
381 3050 563 3134 auspicium
597 3064 666 3115 erat
696 3051 793 3134 longe
817 3048 1047 3116 certissimum.
1093 3049 1203 3135 Quare
1227 3064 1261 3115 et
1282 3050 1396 3117 Batavi

227 3162 310 3226 nihil
329 3161 393 3226 sibi
413 3161 568 3246 exiguum
588 3160 777 3244 promittere
792 3160 938 3242 debent,
962 3160 1018 3224 ubi
1032 3159 1106 3226 illos
1116 3179 1250 3226 suorum
1261 3161 1397 3244 spiritus

227 3273 465 3356 conspicantur.
510 3272 630 3354 Neque
662 3271 747 3337 enim
779 3286 898 3337 temere
922 3271 970 3336 illi
993 3285 1050 3337 aut
1072 3271 1142 3338 sine
1162 3291 1276 3356 magna
1298 3293 1396 3340 causa

226 3383 344 3450 virtuti
368 3382 584 3466 fortunaeque
606 3403 684 3449 suae
707 3383 857 3449 credunt.
905 3383 1038 3448 Habent
1059 3384 1129 3467 eius
1150 3383 1196 3449 rei
1217 3383 1396 3451 certissima

226 3509 412 3579 argumenta
433 3516 469 3560 ac
487 3497 581 3560 velut
599 3495 734 3578 pignora
754 3493 921 3560 victoriae.
945 3494 1035 3560 Galli
1046 3495 1238 3579 longissimo
1251 3510 1395 3578 tempore

225 3605 450 3671 Americanam
476 3604 730 3690 negotiationem
759 3604 803 3671 ita
822 3603 970 3672 infestam
988 3604 1218 3686 habuerunt¹,
1242 3621 1279 3672 ut
1299 3608 1395 3690 pauci

225 3730 333 3781 essent
353 3715 493 3798 Hispani
514 3716 654 3800 alicujus
671 3714 866 3800 dignitatis,
880 3716 938 3797 qui
951 3735 1017 3781 non
1030 3716 1207 3797 aliquando
1218 3717 1251 3782 in
1262 3717 1393 3785 illorum

223 3825 363 3892 fuissent
392 3841 577 3909 potestate,
611 3827 746 3909 praedae
777 3841 885 3892 autem
907 3840 1034 3891 tantum
1057 3844 1301 3907 nonnumquam
1325 3830 1394 3894 vic·

222 3936 350 4002 toribus
370 3936 563 4018 obvenerit,
588 3952 625 4002 ut
643 3936 764 4020 singuli
784 3936 879 4001 etiam
899 3949 1069 4001 nautarum
1081 3936 1173 4018 pueri
1186 3937 1394 4021 octingentos

223 4048 360 4113 ducatos
390 4047 561 4113 referrent.
608 4047 708 4113 Iidem
738 4067 850 4114 omnes
873 4047 944 4130 ejus
967 4046 1056 4112 orbis
1071 4047 1201 4112 'insulas
1224 4047 1393 4130 ipsamque

222 4159 442 4224 continentem
485 4158 625 4224 feliciter
665 4158 839 4241 diripuere.
894 4158 1017 4223 Contra
1048 4172 1154 4222 autem
1187 4178 1260 4223 cum
1292 4163 1392 4226 semel

222 4289 318 4334 unam
351 4271 524 4336 Gallorum
556 4290 671 4336 navem
705 4269 845 4353 Hispani
878 4289 944 4335 non
976 4290 1034 4336 sua
1066 4270 1188 4337 virtute
1218 4271 1275 4336 sed
1298 4272 1392 4340 ducis

253 4505 262 4538 ¹
282 4508 340 4567 Joh.
358 4507 423 4555 Met.
441 4507 467 4554 in
486 4507 590 4568 praefat.
611 4509 642 4555 ad
660 4508 788 4557 Osorium.
