3546 5654
503 705 549 752 DE
574 705 667 771 JURE
693 705 875 752 PRAEDAE·
899 706 978 752 CAP.
1004 704 1068 749 xri.
1319 701 1380 762 227

323 861 370 924 Ut
391 861 605 925 nihilominus
626 862 691 944 ipsi
714 859 848 939 luceat,
870 879 943 923 cum
963 858 1018 922 illi
1037 855 1226 922 accenderit
1245 861 1265 921 ¹.

254 971 381 1058 Quidni
409 971 519 1052 enirn,
552 970 684 1052 quando
717 969 786 1036 sine
817 969 1010 1035 detrimento
1041 987 1102 1034 suo
1133 982 1263 1050 potest,
1288 967 1379 1032 alteri

209 1084 394 1157 commodet
424 1081 436 1117 ²
468 1083 501 1148 in
534 1083 597 1162 iis,
622 1102 706 1164 quae
736 1096 815 1148 sunt
844 1081 1017 1164 accipienti
1049 1080 1168 1160 utilia,
1199 1079 1289 1146 danti
1312 1099 1378 1144 non

210 1196 372 1262 molesta?
410 1195 501 1260 Haec
535 1208 615 1261 sunt
646 1213 730 1276 quae
755 1192 947 1277 philosophi
968 1193 979 1230 ³
1003 1213 1068 1258 non
1084 1191 1209 1258 'alienis
1228 1206 1378 1272 tantum,

210 1306 266 1370 sed
290 1320 321 1370 et
342 1305 478 1389 ingratis
498 1305 652 1388 praestari
680 1307 810 1372 volunt.
854 1306 949 1392 Quae
969 1325 1049 1371 vero
1070 1305 1102 1369 in
1127 1305 1225 1369 rebus
1244 1302 1380 1385 privatis

211 1416 335 1481 invidia
357 1431 429 1496 est,
453 1417 563 1482 eadem
586 1416 618 1481 in
638 1438 672 1484 re
695 1415 861 1484 communi
880 1436 947 1482 non
968 1430 1078 1498 potest
1096 1433 1162 1481 non
1180 1435 1249 1481 esse
1269 1415 1379 1479 imma-

210 1527 304 1592 nitas,
350 1527 632 1611 Improbissimum
652 1527 737 1594 enim
758 1531 821 1594 hoc
844 1543 915 1610 est,
937 1527 1027 1610 quod
1047 1541 1181 1592 naturae
1202 1525 1379 1606 institut0,
1430 1597 1435 1604 ⁸

210 1657 371 1704 consensu
404 1638 575 1722 gentium,
599 1659 706 1704 meum
739 1659 806 1706 non
827 1639 936 1704 minus
958 1659 1055 1720 quam
1078 1652 1172 1703 tuum
1196 1652 1268 1717 est,
1292 1637 1326 1702 id
1348 1652 1380 1702 te

210 1749 254 1812 ita
276 1747 492 1832 intercipere,
516 1764 618 1815 utne
641 1769 736 1818 usum
758 1749 890 1831 quidem
909 1749 989 1814 mihi
1010 1749 1190 1830 concedas,
1215 1768 1283 1830 quo
1302 1769 1381 1814 con·

210 1879 304 1926 cessu
336 1860 441 1926 nihilo
463 1859 573 1926 minus
597 1860 630 1926 id
649 1875 743 1926 tuum
771 1859 815 1926 sit
838 1880 935 1943 quam
955 1874 1048 1926 antea
1068 1859 1144 1927 fuit.
1190 1859 1280 1925 Turn
1301 1880 1381 1926 vero

209 1971 331 2052 etiam,
356 1971 413 2054 qui
437 1972 552 2038 alienis
577 1973 734 2039 incubant
755 1987 813 2038 aut
830 1971 1014 2039 communia
1036 1971 1271 2054 intercipiunt,
1295 1985 1381 2036 certa

210 2083 347 2164 quadam
376 2083 582 2166 possessione
610 2103 645 2150 se
668 2099 814 2150 tuentur.
859 2083 949 2170 Quia
972 2082 1057 2148 enim
1081 2084 1208 2165 prima,
1232 2098 1271 2149 ut
1293 2081 1381 2148 dixi·

46 2191 50 2202 '
115 2263 118 2270 ,
209 2213 307 2274 mus,
331 2195 506 2278 occupatio
525 2215 576 2261 res
597 2196 745 2278 proprias
759 2193 859 2275 fecit,
884 2194 1006 2260 idcirco
1026 2192 1196 2276 imaginem
1209 2190 1378 2274 quamdam

210 2305 346 2373 dominii
369 2306 512 2388 praefert
542 2306 693 2386 quamvis
720 2305 842 2389 injusta
865 2304 1019 2372 detentio
1064 2302 1111 2367 At
1133 2301 1283 2368 Lusitani
1303 2320 1381 2366 num

212 2417 310 2482 sicuti
343 2431 444 2482 terras
476 2418 643 2498 solemus,
668 2415 712 2481 ita
740 2435 826 2482 mare
850 2415 935 2481 illud
956 2413 1118 2497 impositis
1144 2412 1315 2495 praesidiis
1338 2412 1382 2476 ita

213 2526 361 2608 undique
385 2525 576 2607 cinxerunt,
601 2541 639 2592 ut
658 2526 691 2592 in
711 2526 859 2610 ipsorum
880 2545 978 2592 manu
999 2539 1084 2590 esset
1095 2543 1180 2606 quos
1192 2525 1316 2590 vellent
1327 2542 1381 2588 ex-

150 2623 151 2630 ἵ
212 2637 370 2702 cludere?
395 2638 450 2702 An
471 2658 553 2704 vero
576 2652 702 2704 tantum
727 2638 792 2703 hoc
813 2639 926 2718 abest,
949 2651 987 2703 ut
1005 2636 1068 2720 ipsi
1092 2635 1209 2716 etiam,
1234 2654 1307 2699 cum
1326 2634 1382 2698 ad·

210 2767 326 2814 versus
357 2747 439 2814 alios
471 2751 613 2831 populos
645 2731 803 2814 mundum
827 2748 1004 2827 dividunt,
1027 2766 1093 2813 non
1116 2745 1193 2811 ullis
1220 2744 1383 2810 limitibus

212 2874 268 2925 aut
287 2873 402 2924 natura
426 2874 483 2924 aut
505 2877 603 2924 manu
626 2859 767 2943 positis,
793 2860 850 2926 sed
871 2858 1058 2943 imaginaria
1079 2857 1217 2940 quadam
1240 2855 1325 2921 linea
1349 2873 1383 2919 se

212 2970 392 3036 tueantur?
417 2969 567 3057 Quodsi
591 2970 770 3055 recipitur,
793 2986 825 3038 et
843 2969 1002 3037 dimensio
1013 2969 1087 3034 talis
1097 2968 1140 3034 ad
1149 2965 1382 3050 possidendum

211 3084 321 3162 valet,
359 3081 552 3167 jamdudum
581 3081 678 3148 nobis
713 3097 895 3167 geometrae
926 3095 1045 3159 terras,
1075 3078 1252 3145 astronomi
1287 3077 1381 3142 ctiam

212 3194 337 3258 caelum
358 3192 530 3274 eriperent.
576 3192 645 3258 Ubi
665 3193 719 3257 hic
742 3193 843 3279 igitur
865 3207 914 3257 est
937 3191 1017 3272 ista,
1040 3191 1110 3257 sine
1127 3211 1192 3272 qua
1212 3190 1302 3255 nulla
1323 3189 1382 3255 do-

211 3303 311 3368 minia
342 3318 544 3386 coeperunt,
578 3303 726 3386 corporis
755 3304 796 3370 ad
827 3323 946 3386 corpus
977 3300 1172 3387 adjunctio?
1215 3299 1382 3365 Nimirum
1464 3363 1475 3380 ,,

211 3429 342 3498 apparet
370 3414 403 3478 ln
427 3416 518 3480 nulla
538 3434 573 3479 re
593 3413 705 3480 verius
727 3415 792 3481 diei
815 3433 935 3499 posse,
960 3415 1051 3497 quod
1071 3415 1224 3480 doctores
1247 3411 1352 3480 nostri
1371 3413 1383 3449 ⁴

211 3525 443 3608 prodiderunt,
455 3546 541 3591 mare
562 3543 637 3592 cum
659 3525 702 3592 sit
722 3525 1049 3610 incomprehensibile
1068 3545 1134 3590 non
1153 3525 1261 3592 minus
1284 3543 1381 3605 quam

212 3640 286 3717 air,
319 3637 444 3703 nullius
472 3636 588 3719 populi
620 3636 715 3703 bonis
745 3637 893 3720 potuisse
923 3637 1088 3720 applicari.
1134 3636 1169 3701 Si
1201 3655 1280 3701 vero
1310 3649 1383 3701 ante

212 3748 294 3814 alios
325 3748 497 3832 navigasse
529 3762 561 3813 et
591 3747 678 3813 viam
699 3748 941 3830 quodammodo
965 3748 1153 3830 aperuisse,
1176 3748 1241 3813 hoc
1263 3760 1385 3813 vocant

212 3877 397 3955 occupare,
421 3858 503 3940 quid
524 3874 594 3924 esse
614 3873 723 3940 potest
745 3858 849 3942 magis
871 3857 1069 3924 ridiculum?
1096 3857 1183 3922 Nam
1202 3877 1275 3923 cum
1295 3858 1384 3922 nulla

212 3991 286 4054 pars
308 3971 353 4038 sit
375 3968 496 4050 maris,
519 3970 553 4035 in
572 3989 668 4051 quam
690 3989 757 4036 non
779 3969 899 4051 aliquis
914 3969 1039 4052 primus
1061 3968 1226 4052 ingressus
1246 3968 1310 4060 sit,
1335 3988 1384 4034 se-

213 4097 333 4164 quetur
365 4101 492 4147 omnem
520 4080 763 4166 navigationem
787 4081 826 4146 ab
856 4080 969 4163 aliquo
992 4099 1061 4176 esse
1087 4093 1289 4162 occupatam.
1336 4078 1385 4143 Ita

214 4261 407 4269 -Ἥ

247 4363 377 4413 lEnnius.
403 4365 455 4429 [ap.
480 4366 535 4414 Cic.
560 4368 591 4414 cle
614 4365 658 4413 off.
681 4369 698 4413 l.
725 4379 746 4412 r.
765 4378 789 4414 c.
811 4365 847 4413 16.
864 4365 886 4426 ς.
905 4362 956 4428 sa]
993 4361 1077 4411 ²Cic.
1096 4365 1127 4412 de
1146 4362 1228 4436 offirl.
1250 4376 1270 4410 1.
1291 4361 1326 4423 [c.
1348 4362 1384 4409 16.

213 4459 233 4512 ξ.
267 4467 306 4511 51.
341 4456 391 4516 sq.]
436 4453 447 4486 ³
471 4460 525 4505 Sen.
551 4459 582 4505 cle
608 4457 692 4506 benef.
716 4459 733 4503 l.
760 4469 781 4512 3.
807 4471 829 4504 c.
856 4459 894 4504 28.
937 4455 950 4490 ⁴
973 4457 1029 4517 Joh.
1053 4455 1134 4502 Faber
1163 4456 1194 4502 ad
1217 4455 1238 4514 §.
1264 4454 1385 4501 littorum.

217 4543 250 4606 [r.
269 4559 292 4592 2·
314 4559 334 4592 ¹·
352 4546 373 4606 §-
394 4546 428 4606 s]

1197 4638 1252 4714 15*
