<?xml version="1.0" encoding="UTF-8"?>
<!DOCTYPE html PUBLIC "-//W3C//DTD XHTML 1.0 Transitional//EN"
    "http://www.w3.org/TR/xhtml1/DTD/xhtml1-transitional.dtd">
<html xmlns="http://www.w3.org/1999/xhtml" xml:lang="en" lang="en">
 <head>
  <title>
</title>
<meta http-equiv="Content-Type" content="text/html;charset=utf-8" />
  <meta name='ocr-system' content='tesseract 3.04.00' />
  <meta name='ocr-capabilities' content='ocr_page ocr_carea ocr_par ocr_line ocrx_word'/>
</head>
<body>
  <div class='ocr_page' id='page_1' title='image "./ledroitdeprised00hamagoog_0292.png"; bbox 0 0 3536 5692; ppageno 0'>
   <div class='ocr_carea' id='block_1_1' title="bbox 341 619 1229 686">
    <p class='ocr_par' dir='ltr' id='par_1_1' title="bbox 341 619 1229 686">
     <span class='ocr_line' id='line_1_1' title="bbox 341 619 1229 686; baseline 0.005 -23"><span class='ocrx_word' id='word_1_1' title='bbox 341 619 404 680; x_wconf 77' lang='lat'>270</span> <span class='ocrx_word' id='word_1_2' title='bbox 645 620 690 666; x_wconf 84' lang='lat' dir='ltr'>DE</span> <span class='ocrx_word' id='word_1_3' title='bbox 714 620 807 686; x_wconf 86' lang='lat' dir='ltr'><strong>JURE</strong></span> <span class='ocrx_word' id='word_1_4' title='bbox 834 620 1017 666; x_wconf 82' lang='lat' dir='ltr'>PRAEDAE.</span> <span class='ocrx_word' id='word_1_5' title='bbox 1044 621 1124 667; x_wconf 83' lang='lat' dir='ltr'>CAP.</span> <span class='ocrx_word' id='word_1_6' title='bbox 1149 622 1229 667; x_wconf 83' lang='lat' dir='ltr'>x111.</span> 
     </span>
    </p>
   </div>
   <div class='ocr_carea' id='block_1_2' title="bbox 189 773 1594 3744">
    <p class='ocr_par' dir='ltr' id='par_1_2' title="bbox 257 773 1513 2298">
     <span class='ocr_line' id='line_1_2' title="bbox 338 773 1511 861; baseline 0.004 -25"><span class='ocrx_word' id='word_1_7' title='bbox 338 773 416 837; x_wconf 92' lang='lat' dir='ltr'>dum</span> <span class='ocrx_word' id='word_1_8' title='bbox 450 792 506 837; x_wconf 87' lang='lat' dir='ltr'>rex</span> <span class='ocrx_word' id='word_1_9' title='bbox 540 773 608 856; x_wconf 90' lang='lat' dir='ltr'>ipse</span> <span class='ocrx_word' id='word_1_10' title='bbox 642 793 702 838; x_wconf 87' lang='lat' dir='ltr'>sua</span> <span class='ocrx_word' id='word_1_11' title='bbox 736 788 897 855; x_wconf 85' lang='lat' dir='ltr'>potestate</span> <span class='ocrx_word' id='word_1_12' title='bbox 930 792 997 839; x_wconf 93' lang='lat' dir='ltr'>non</span> <span class='ocrx_word' id='word_1_13' title='bbox 1038 773 1162 839; x_wconf 85' lang='lat' dir='ltr'>utitdr:</span> <span class='ocrx_word' id='word_1_14' title='bbox 1199 773 1341 860; x_wconf 82' lang='lat' dir='ltr'><em>Alioqui</em></span> <span class='ocrx_word' id='word_1_15' title='bbox 1368 776 1511 861; x_wconf 84' lang='lat' dir='ltr'>populus</span> 
     </span>
     <span class='ocr_line' id='line_1_3' title="bbox 337 884 1513 972; baseline 0.003 -25"><span class='ocrx_word' id='word_1_16' title='bbox 337 886 405 969; x_wconf 75' lang='lat' dir='ltr'>ipsc</span> <span class='ocrx_word' id='word_1_17' title='bbox 436 886 572 969; x_wconf 77' lang='lat' dir='ltr'>ipsaque</span> <span class='ocrx_word' id='word_1_18' title='bbox 605 885 792 970; x_wconf 75' lang='lat' dir='ltr'><em>respublica</em></span> <span class='ocrx_word' id='word_1_19' title='bbox 820 888 1004 949; x_wconf 81' lang='lat' dir='ltr'>maximum</span> <span class='ocrx_word' id='word_1_20' title='bbox 1037 885 1143 950; x_wconf 79' lang='lat' dir='ltr'>obiret</span> <span class='ocrx_word' id='word_1_21' title='bbox 1166 884 1346 950; x_wconf 84' lang='lat' dir='ltr'><em>discrimen</em></span> <span class='ocrx_word' id='word_1_22' title='bbox 1369 900 1400 950; x_wconf 85' lang='lat' dir='ltr'>et</span> <span class='ocrx_word' id='word_1_23' title='bbox 1419 891 1513 972; x_wconf 78' lang='lat' dir='ltr'>peri-</span> 
     </span>
     <span class='ocr_line' id='line_1_4' title="bbox 337 993 1511 1082; baseline 0.006 -25"><span class='ocrx_word' id='word_1_24' title='bbox 337 993 469 1074; x_wconf 84' lang='lat' dir='ltr'>culum,</span> <span class='ocrx_word' id='word_1_25' title='bbox 494 998 550 1082; x_wconf 78' lang='lat' dir='ltr'>rui</span> <span class='ocrx_word' id='word_1_26' title='bbox 572 994 698 1061; x_wconf 78' lang='lat' dir='ltr'>obuium</span> <span class='ocrx_word' id='word_1_27' title='bbox 721 999 773 1060; x_wconf 80' lang='lat' dir='ltr'>ire</span> <span class='ocrx_word' id='word_1_28' title='bbox 786 1008 965 1080; x_wconf 79' lang='lat' dir='ltr'>nonpossct</span> <span class='ocrx_word' id='word_1_29' title='bbox 977 1017 990 1058; x_wconf 91' lang='lat'>.·</span> <span class='ocrx_word' id='word_1_30' title='bbox 1015 995 1105 1079; x_wconf 87' lang='lat' dir='ltr'>quod</span> <span class='ocrx_word' id='word_1_31' title='bbox 1114 1009 1161 1060; x_wconf 82' lang='lat' dir='ltr'>est</span> <span class='ocrx_word' id='word_1_32' title='bbox 1174 1000 1303 1082; x_wconf 77' lang='lat' dir='ltr'>egregie</span> <span class='ocrx_word' id='word_1_33' title='bbox 1315 998 1511 1064; x_wconf 81' lang='lat' dir='ltr'>absurdum.</span> 
     </span>
     <span class='ocr_line' id='line_1_5' title="bbox 337 1104 1512 1188; baseline 0.004 -21"><span class='ocrx_word' id='word_1_34' title='bbox 337 1104 431 1170; x_wconf 86' lang='lat' dir='ltr'>Paria</span> <span class='ocrx_word' id='word_1_35' title='bbox 462 1119 540 1170; x_wconf 91' lang='lat' dir='ltr'>sunt</span> <span class='ocrx_word' id='word_1_36' title='bbox 569 1104 603 1170; x_wconf 91' lang='lat' dir='ltr'>in</span> <span class='ocrx_word' id='word_1_37' title='bbox 632 1105 706 1188; x_wconf 85' lang='lat' dir='ltr'>jure</span> <span class='ocrx_word' id='word_1_38' title='bbox 737 1125 803 1171; x_wconf 89' lang='lat' dir='ltr'>non</span> <span class='ocrx_word' id='word_1_39' title='bbox 837 1127 906 1173; x_wconf 88' lang='lat' dir='ltr'>esse</span> <span class='ocrx_word' id='word_1_40' title='bbox 938 1121 970 1170; x_wconf 91' lang='lat' dir='ltr'>et</span> <span class='ocrx_word' id='word_1_41' title='bbox 1004 1126 1073 1172; x_wconf 89' lang='lat' dir='ltr'>esse</span> <span class='ocrx_word' id='word_1_42' title='bbox 1098 1107 1227 1171; x_wconf 86' lang='lat' dir='ltr'>inutile.</span> <span class='ocrx_word' id='word_1_43' title='bbox 1274 1107 1387 1172; x_wconf 82' lang='lat' dir='ltr'>Paria</span> <span class='ocrx_word' id='word_1_44' title='bbox 1411 1123 1512 1188; x_wconf 82' lang='lat' dir='ltr'>sunt,</span> 
     </span>
     <span class='ocr_line' id='line_1_6' title="bbox 338 1215 1512 1302; baseline 0.003 -22"><span class='ocrx_word' id='word_1_45' title='bbox 338 1215 448 1297; x_wconf 92' lang='lat' dir='ltr'>inquit</span> <span class='ocrx_word' id='word_1_46' title='bbox 480 1215 668 1282; x_wconf 84' lang='lat' dir='ltr'>Castrensis</span> <span class='ocrx_word' id='word_1_47' title='bbox 687 1215 722 1296; x_wconf 78' lang='lat'>¹,</span> <span class='ocrx_word' id='word_1_48' title='bbox 755 1238 819 1280; x_wconf 85' lang='lat' dir='ltr'>non</span> <span class='ocrx_word' id='word_1_49' title='bbox 853 1217 975 1282; x_wconf 78' lang='lat' dir='ltr'>habere</span> <span class='ocrx_word' id='word_1_50' title='bbox 1008 1221 1209 1302; x_wconf 78' lang='lat' dir='ltr'>superiorem</span> <span class='ocrx_word' id='word_1_51' title='bbox 1238 1219 1293 1285; x_wconf 77' lang='lat' dir='ltr'>rel</span> <span class='ocrx_word' id='word_1_52' title='bbox 1313 1219 1434 1284; x_wconf 79' lang='lat' dir='ltr'>habere</span> <span class='ocrx_word' id='word_1_53' title='bbox 1458 1241 1512 1283; x_wconf 80' lang='lat' dir='ltr'>nc·</span> 
     </span>
     <span class='ocr_line' id='line_1_7' title="bbox 334 1325 1512 1412; baseline 0.005 -22"><span class='ocrx_word' id='word_1_54' title='bbox 334 1326 524 1412; x_wconf 76' lang='lat' dir='ltr'>gligcntcm.</span> <span class='ocrx_word' id='word_1_55' title='bbox 550 1325 584 1391; x_wconf 90' lang='lat' dir='ltr'>Si</span> <span class='ocrx_word' id='word_1_56' title='bbox 606 1327 649 1390; x_wconf 94' lang='lat' dir='ltr'>ob</span> <span class='ocrx_word' id='word_1_57' title='bbox 671 1327 848 1393; x_wconf 85' lang='lat' dir='ltr'>absentiam</span> <span class='ocrx_word' id='word_1_58' title='bbox 861 1330 914 1394; x_wconf 93' lang='lat' dir='ltr'>vel</span> <span class='ocrx_word' id='word_1_59' title='bbox 928 1329 1114 1411; x_wconf 84' lang='lat' dir='ltr'>neglectum</span> <span class='ocrx_word' id='word_1_60' title='bbox 1126 1328 1288 1411; x_wconf 91' lang='lat' dir='ltr'>Principis</span> <span class='ocrx_word' id='word_1_61' title='bbox 1301 1328 1512 1397; x_wconf 87' lang='lat' dir='ltr'>inferioribus</span> 
     </span>
     <span class='ocr_line' id='line_1_8' title="bbox 336 1436 1511 1526; baseline 0.003 -24"><span class='ocrx_word' id='word_1_62' title='bbox 336 1436 580 1521; x_wconf 86' lang='lat' dir='ltr'>magistratibus</span> <span class='ocrx_word' id='word_1_63' title='bbox 604 1437 728 1504; x_wconf 88' lang='lat' dir='ltr'>bellum</span> <span class='ocrx_word' id='word_1_64' title='bbox 752 1438 920 1520; x_wconf 86' lang='lat' dir='ltr'>suscipere</span> <span class='ocrx_word' id='word_1_65' title='bbox 943 1438 1138 1526; x_wconf 83' lang='lat' dir='ltr'>permissum</span> <span class='ocrx_word' id='word_1_66' title='bbox 1163 1454 1235 1520; x_wconf 88' lang='lat' dir='ltr'>est,</span> <span class='ocrx_word' id='word_1_67' title='bbox 1260 1453 1384 1520; x_wconf 86' lang='lat' dir='ltr'>quanto</span> <span class='ocrx_word' id='word_1_68' title='bbox 1408 1440 1511 1525; x_wconf 85' lang='lat' dir='ltr'>magis</span> 
     </span>
     <span class='ocr_line' id='line_1_9' title="bbox 257 1547 1511 1632; baseline 0.003 -20"><span class='ocrx_word' id='word_1_69' title='bbox 257 1621 259 1624; x_wconf 46' lang='grc'><strong>,</strong></span> <span class='ocrx_word' id='word_1_70' title='bbox 338 1547 365 1612; x_wconf 92' lang='lat' dir='ltr'>si</span> <span class='ocrx_word' id='word_1_71' title='bbox 394 1547 464 1630; x_wconf 91' lang='lat' dir='ltr'>ipse</span> <span class='ocrx_word' id='word_1_72' title='bbox 493 1547 649 1631; x_wconf 89' lang='lat' dir='ltr'>Princeps</span> <span class='ocrx_word' id='word_1_73' title='bbox 670 1547 822 1632; x_wconf 88' lang='lat' dir='ltr'>injuriam</span> <span class='ocrx_word' id='word_1_74' title='bbox 844 1547 944 1614; x_wconf 87' lang='lat' dir='ltr'>faciat</span> <span class='ocrx_word' id='word_1_75' title='bbox 966 1548 1186 1631; x_wconf 81' lang='lat' dir='ltr'>reipublicae,</span> <span class='ocrx_word' id='word_1_76' title='bbox 1211 1571 1295 1632; x_wconf 87' lang='lat' dir='ltr'>quae</span> <span class='ocrx_word' id='word_1_77' title='bbox 1318 1551 1382 1618; x_wconf 90' lang='lat' dir='ltr'>nisi</span> <span class='ocrx_word' id='word_1_78' title='bbox 1413 1552 1511 1616; x_wconf 88' lang='lat' dir='ltr'>armis</span> 
     </span>
     <span class='ocr_line' id='line_1_10' title="bbox 337 1655 1510 1744; baseline 0.003 -21"><span class='ocrx_word' id='word_1_79' title='bbox 337 1657 469 1742; x_wconf 87' lang='lat' dir='ltr'>reprimi</span> <span class='ocrx_word' id='word_1_80' title='bbox 498 1678 564 1724; x_wconf 92' lang='lat' dir='ltr'>non</span> <span class='ocrx_word' id='word_1_81' title='bbox 587 1659 721 1741; x_wconf 77' lang='lat' dir='ltr'>possit?</span> <span class='ocrx_word' id='word_1_82' title='bbox 748 1658 915 1744; x_wconf 86' lang='lat' dir='ltr'>Theologi</span> <span class='ocrx_word' id='word_1_83' title='bbox 935 1655 947 1690; x_wconf 87' lang='lat'>²</span> <span class='ocrx_word' id='word_1_84' title='bbox 966 1679 1033 1726; x_wconf 90' lang='lat' dir='ltr'>non</span> <span class='ocrx_word' id='word_1_85' title='bbox 1052 1659 1101 1726; x_wconf 91' lang='lat' dir='ltr'>illi</span> <span class='ocrx_word' id='word_1_86' title='bbox 1125 1675 1276 1740; x_wconf 89' lang='lat' dir='ltr'>tantum,</span> <span class='ocrx_word' id='word_1_87' title='bbox 1310 1661 1368 1743; x_wconf 91' lang='lat' dir='ltr'>qui</span> <span class='ocrx_word' id='word_1_88' title='bbox 1392 1662 1510 1744; x_wconf 88' lang='lat' dir='ltr'>Papam</span> 
     </span>
     <span class='ocr_line' id='line_1_11' title="bbox 338 1768 1511 1854; baseline 0.003 -20"><span class='ocrx_word' id='word_1_89' title='bbox 338 1769 492 1834; x_wconf 91' lang='lat' dir='ltr'>Concilio</span> <span class='ocrx_word' id='word_1_90' title='bbox 503 1769 707 1853; x_wconf 87' lang='lat' dir='ltr'>subjiciunt,</span> <span class='ocrx_word' id='word_1_91' title='bbox 729 1770 788 1836; x_wconf 91' lang='lat' dir='ltr'>sed</span> <span class='ocrx_word' id='word_1_92' title='bbox 799 1770 933 1836; x_wconf 88' lang='lat' dir='ltr'>alterius</span> <span class='ocrx_word' id='word_1_93' title='bbox 948 1768 1119 1853; x_wconf 81' lang='lat' dir='ltr'>factionis,</span> <span class='ocrx_word' id='word_1_94' title='bbox 1141 1772 1199 1853; x_wconf 91' lang='lat' dir='ltr'>qui</span> <span class='ocrx_word' id='word_1_95' title='bbox 1211 1791 1308 1854; x_wconf 87' lang='lat' dir='ltr'>supra</span> <span class='ocrx_word' id='word_1_96' title='bbox 1323 1772 1511 1837; x_wconf 88' lang='lat' dir='ltr'>Concilium</span> 
     </span>
     <span class='ocr_line' id='line_1_12' title="bbox 337 1879 1511 1963; baseline 0.001 -18"><span class='ocrx_word' id='word_1_97' title='bbox 337 1879 543 1945; x_wconf 89' lang='lat' dir='ltr'>Pontificiam</span> <span class='ocrx_word' id='word_1_98' title='bbox 567 1896 696 1963; x_wconf 91' lang='lat' dir='ltr'>ponunt</span> <span class='ocrx_word' id='word_1_99' title='bbox 719 1880 965 1960; x_wconf 87' lang='lat' dir='ltr'>auctoritatem,</span> <span class='ocrx_word' id='word_1_100' title='bbox 998 1882 1125 1947; x_wconf 89' lang='lat' dir='ltr'>addunt</span> <span class='ocrx_word' id='word_1_101' title='bbox 1148 1897 1279 1962; x_wconf 75' lang='lat' dir='ltr'>nmen,</span> <span class='ocrx_word' id='word_1_102' title='bbox 1305 1882 1333 1946; x_wconf 92' lang='lat' dir='ltr'>si</span> <span class='ocrx_word' id='word_1_103' title='bbox 1356 1881 1511 1948; x_wconf 85' lang='lat' dir='ltr'>Pontifex</span> 
     </span>
     <span class='ocr_line' id='line_1_13' title="bbox 337 1991 1511 2084; baseline 0.001 -28"><span class='ocrx_word' id='word_1_104' title='bbox 337 1991 518 2057; x_wconf 88' lang='lat' dir='ltr'>Ecclesiam</span> <span class='ocrx_word' id='word_1_105' title='bbox 552 1991 721 2073; x_wconf 82' lang='lat' dir='ltr'>destruat,</span> <span class='ocrx_word' id='word_1_106' title='bbox 756 1993 852 2074; x_wconf 83' lang='lat' dir='ltr'>pos&#39;se</span> <span class='ocrx_word' id='word_1_107' title='bbox 888 1992 1279 2084; x_wconf 36' lang='lat' dir='ltr'>convocariquncilium</span> <span class='ocrx_word' id='word_1_108' title='bbox 1306 2008 1418 2059; x_wconf 88' lang='lat' dir='ltr'>contra</span> <span class='ocrx_word' id='word_1_109' title='bbox 1440 1994 1511 2076; x_wconf 89' lang='lat' dir='ltr'>ejus</span> 
     </span>
     <span class='ocr_line' id='line_1_14' title="bbox 337 2102 1511 2186; baseline 0.001 -17"><span class='ocrx_word' id='word_1_110' title='bbox 337 2104 563 2183; x_wconf 89' lang='lat' dir='ltr'>voluntatem,</span> <span class='ocrx_word' id='word_1_111' title='bbox 597 2104 735 2186; x_wconf 89' lang='lat' dir='ltr'>ejusque</span> <span class='ocrx_word' id='word_1_112' title='bbox 764 2102 908 2168; x_wconf 92' lang='lat' dir='ltr'>Concilii</span> <span class='ocrx_word' id='word_1_113' title='bbox 936 2103 1132 2170; x_wconf 88' lang='lat' dir='ltr'>auctoritate</span> <span class='ocrx_word' id='word_1_114' title='bbox 1163 2104 1259 2168; x_wconf 89' lang='lat' dir='ltr'>etiarn</span> <span class='ocrx_word' id='word_1_115' title='bbox 1291 2104 1350 2184; x_wconf 92' lang='lat' dir='ltr'>vi,</span> <span class='ocrx_word' id='word_1_116' title='bbox 1375 2103 1402 2169; x_wconf 92' lang='lat' dir='ltr'>si</span> <span class='ocrx_word' id='word_1_117' title='bbox 1425 2123 1511 2186; x_wconf 90' lang='lat' dir='ltr'>opus</span> 
     </span>
     <span class='ocr_line' id='line_1_15' title="bbox 337 2212 1510 2298; baseline 0.001 -18"><span class='ocrx_word' id='word_1_118' title='bbox 337 2229 443 2296; x_wconf 90' lang='lat' dir='ltr'>esset,</span> <span class='ocrx_word' id='word_1_119' title='bbox 468 2214 574 2280; x_wconf 88' lang='lat' dir='ltr'>resisti</span> <span class='ocrx_word' id='word_1_120' title='bbox 598 2212 777 2294; x_wconf 82' lang='lat' dir='ltr'>Pontifici,</span> <span class='ocrx_word' id='word_1_121' title='bbox 803 2230 835 2279; x_wconf 91' lang='lat' dir='ltr'>et</span> <span class='ocrx_word' id='word_1_122' title='bbox 854 2214 1078 2279; x_wconf 88' lang='lat' dir='ltr'>mandatorum</span> <span class='ocrx_word' id='word_1_123' title='bbox 1092 2215 1335 2280; x_wconf 89' lang='lat' dir='ltr'>exsecutionem</span> <span class='ocrx_word' id='word_1_124' title='bbox 1349 2215 1510 2298; x_wconf 89' lang='lat' dir='ltr'>impediri.</span> 
     </span>
    </p>

    <p class='ocr_par' dir='ltr' id='par_1_3' title="bbox 189 2325 1579 3300">
     <span class='ocr_line' id='line_1_16' title="bbox 338 2325 1579 2412; baseline -0.002 -20"><span class='ocrx_word' id='word_1_125' title='bbox 338 2325 431 2412; x_wconf 91' lang='lat' dir='ltr'>Quid</span> <span class='ocrx_word' id='word_1_126' title='bbox 452 2341 559 2392; x_wconf 89' lang='lat' dir='ltr'>autem</span> <span class='ocrx_word' id='word_1_127' title='bbox 581 2326 670 2392; x_wconf 90' lang='lat' dir='ltr'>aliud</span> <span class='ocrx_word' id='word_1_128' title='bbox 692 2342 742 2391; x_wconf 93' lang='lat' dir='ltr'>est</span> <span class='ocrx_word' id='word_1_129' title='bbox 764 2326 972 2406; x_wconf 82' lang='lat' dir='ltr'>Concilium,</span> <span class='ocrx_word' id='word_1_130' title='bbox 998 2346 1095 2407; x_wconf 91' lang='lat' dir='ltr'>quam</span> <span class='ocrx_word' id='word_1_131' title='bbox 1109 2326 1251 2392; x_wconf 90' lang='lat' dir='ltr'>Ordines</span> <span class='ocrx_word' id='word_1_132' title='bbox 1264 2325 1506 2394; x_wconf 76' lang='lat' dir='ltr'>ecclesiastici?</span> <span class='ocrx_word' id='word_1_133' title='bbox 1565 2329 1579 2346; x_wconf 72' lang='grc'><strong>“</strong></span> 
     </span>
     <span class='ocr_line' id='line_1_17' title="bbox 339 2435 1504 2519; baseline 0.003 -19"><span class='ocrx_word' id='word_1_134' title='bbox 339 2437 420 2518; x_wconf 92' lang='lat' dir='ltr'>quid</span> <span class='ocrx_word' id='word_1_135' title='bbox 451 2435 616 2517; x_wconf 89' lang='lat' dir='ltr'>Ordines,</span> <span class='ocrx_word' id='word_1_136' title='bbox 649 2457 747 2518; x_wconf 89' lang='lat' dir='ltr'>quam</span> <span class='ocrx_word' id='word_1_137' title='bbox 780 2437 969 2502; x_wconf 90' lang='lat' dir='ltr'>Concilium</span> <span class='ocrx_word' id='word_1_138' title='bbox 994 2437 1121 2503; x_wconf 83' lang='lat' dir='ltr'>civile?</span> <span class='ocrx_word' id='word_1_139' title='bbox 1168 2439 1284 2519; x_wconf 90' lang='lat' dir='ltr'>Atque</span> <span class='ocrx_word' id='word_1_140' title='bbox 1307 2439 1360 2503; x_wconf 91' lang='lat' dir='ltr'>vel</span> <span class='ocrx_word' id='word_1_141' title='bbox 1380 2436 1504 2505; x_wconf 90' lang='lat' dir='ltr'>idcirco</span> 
     </span>
     <span class='ocr_line' id='line_1_18' title="bbox 338 2546 1514 2631; baseline 0.003 -19"><span class='ocrx_word' id='word_1_142' title='bbox 338 2549 414 2630; x_wconf 91' lang='lat' dir='ltr'>plus</span> <span class='ocrx_word' id='word_1_143' title='bbox 445 2547 543 2612; x_wconf 87' lang='lat' dir='ltr'>debet</span> <span class='ocrx_word' id='word_1_144' title='bbox 569 2546 666 2612; x_wconf 90' lang='lat' dir='ltr'>licere</span> <span class='ocrx_word' id='word_1_145' title='bbox 686 2546 868 2614; x_wconf 89' lang='lat' dir='ltr'>Ordinibus</span> <span class='ocrx_word' id='word_1_146' title='bbox 893 2549 926 2612; x_wconf 91' lang='lat' dir='ltr'>in</span> <span class='ocrx_word' id='word_1_147' title='bbox 948 2549 1157 2631; x_wconf 88' lang='lat' dir='ltr'>Principem,</span> <span class='ocrx_word' id='word_1_148' title='bbox 1182 2569 1279 2630; x_wconf 89' lang='lat' dir='ltr'>quam</span> <span class='ocrx_word' id='word_1_149' title='bbox 1302 2548 1457 2615; x_wconf 87' lang='lat' dir='ltr'>Concilio</span> <span class='ocrx_word' id='word_1_150' title='bbox 1476 2547 1514 2615; x_wconf 92' lang='lat' dir='ltr'>in</span> 
     </span>
     <span class='ocr_line' id='line_1_19' title="bbox 337 2657 1510 2742; baseline 0.001 -19"><span class='ocrx_word' id='word_1_151' title='bbox 337 2658 477 2741; x_wconf 88' lang='lat' dir='ltr'>Papam,</span> <span class='ocrx_word' id='word_1_152' title='bbox 499 2657 578 2740; x_wconf 86' lang='lat' dir='ltr'>quia</span> <span class='ocrx_word' id='word_1_153' title='bbox 589 2657 708 2741; x_wconf 88' lang='lat' dir='ltr'>Papam</span> <span class='ocrx_word' id='word_1_154' title='bbox 721 2658 780 2740; x_wconf 93' lang='lat' dir='ltr'>qui</span> <span class='ocrx_word' id='word_1_155' title='bbox 793 2659 908 2725; x_wconf 93' lang='lat' dir='ltr'>dicunt</span> <span class='ocrx_word' id='word_1_156' title='bbox 919 2660 1104 2725; x_wconf 87' lang='lat' dir='ltr'>immediate</span> <span class='ocrx_word' id='word_1_157' title='bbox 1113 2674 1309 2742; x_wconf 89' lang='lat' dir='ltr'>potestatem</span> <span class='ocrx_word' id='word_1_158' title='bbox 1321 2681 1338 2724; x_wconf 89' lang='lat' dir='ltr'>a</span> <span class='ocrx_word' id='word_1_159' title='bbox 1352 2658 1510 2739; x_wconf 90' lang='lat' dir='ltr'>Christo,</span> 
     </span>
     <span class='ocr_line' id='line_1_20' title="bbox 338 2768 1511 2854; baseline -0.002 -18"><span class='ocrx_word' id='word_1_160' title='bbox 338 2789 405 2836; x_wconf 91' lang='lat' dir='ltr'>non</span> <span class='ocrx_word' id='word_1_161' title='bbox 438 2770 478 2834; x_wconf 91' lang='lat' dir='ltr'>ab</span> <span class='ocrx_word' id='word_1_162' title='bbox 501 2768 651 2835; x_wconf 87' lang='lat' dir='ltr'>Ecclesia</span> <span class='ocrx_word' id='word_1_163' title='bbox 674 2769 863 2853; x_wconf 87' lang='lat' dir='ltr'>accepisse,</span> <span class='ocrx_word' id='word_1_164' title='bbox 886 2771 1072 2854; x_wconf 87' lang='lat' dir='ltr'>Principem</span> <span class='ocrx_word' id='word_1_165' title='bbox 1094 2785 1208 2836; x_wconf 83' lang='lat' dir='ltr'>tamen.</span> <span class='ocrx_word' id='word_1_166' title='bbox 1225 2769 1370 2836; x_wconf 88' lang='lat' dir='ltr'>fatentur</span> <span class='ocrx_word' id='word_1_167' title='bbox 1389 2773 1511 2836; x_wconf 90' lang='lat' dir='ltr'>nullam</span> 
     </span>
     <span class='ocr_line' id='line_1_21' title="bbox 193 2881 1512 2968; baseline 0.001 -23"><span class='ocrx_word' id='word_1_168' title='bbox 193 2922 230 2966; x_wconf 66' lang='lat' dir='ltr'>E,</span> <span class='ocrx_word' id='word_1_169' title='bbox 242 2921 325 2968; x_wconf 75' lang='lat' dir='ltr'>usar.</span> <span class='ocrx_word' id='word_1_170' title='bbox 338 2881 455 2947; x_wconf 91' lang='lat' dir='ltr'>habere</span> <span class='ocrx_word' id='word_1_171' title='bbox 477 2881 705 2947; x_wconf 87' lang='lat' dir='ltr'>auctoritatem</span> <span class='ocrx_word' id='word_1_172' title='bbox 728 2881 791 2948; x_wconf 92' lang='lat' dir='ltr'>nisi</span> <span class='ocrx_word' id='word_1_173' title='bbox 816 2903 833 2947; x_wconf 92' lang='lat' dir='ltr'>a</span> <span class='ocrx_word' id='word_1_174' title='bbox 855 2881 1024 2965; x_wconf 87' lang='lat' dir='ltr'>republica</span> <span class='ocrx_word' id='word_1_175' title='bbox 1034 2883 1056 2947; x_wconf 80' lang='lat'>⁸.</span> <span class='ocrx_word' id='word_1_176' title='bbox 1103 2882 1302 2948; x_wconf 88' lang='lat' dir='ltr'>Habuerunt</span> <span class='ocrx_word' id='word_1_177' title='bbox 1314 2881 1415 2966; x_wconf 87' lang='lat' dir='ltr'>igitur</span> <span class='ocrx_word' id='word_1_178' title='bbox 1427 2881 1512 2947; x_wconf 92' lang='lat' dir='ltr'>Hol-</span> 
     </span>
     <span class='ocr_line' id='line_1_22' title="bbox 189 2975 1512 3075; baseline 0 -19"><span class='ocrx_word' id='word_1_179' title='bbox 189 2975 253 3037; x_wconf 57' lang='lat' dir='ltr'>Pl·</span> <span class='ocrx_word' id='word_1_180' title='bbox 339 2992 466 3058; x_wconf 87' lang='lat' dir='ltr'>landiae</span> <span class='ocrx_word' id='word_1_181' title='bbox 490 2992 631 3059; x_wconf 91' lang='lat' dir='ltr'>Ordines</span> <span class='ocrx_word' id='word_1_182' title='bbox 651 2993 706 3074; x_wconf 89' lang='lat' dir='ltr'>jus</span> <span class='ocrx_word' id='word_1_183' title='bbox 726 2993 804 3057; x_wconf 89' lang='lat' dir='ltr'>belli</span> <span class='ocrx_word' id='word_1_184' title='bbox 827 2993 1017 3073; x_wconf 89' lang='lat' dir='ltr'>indicendi,</span> <span class='ocrx_word' id='word_1_185' title='bbox 1042 2981 1134 3075; x_wconf 90' lang='lat' dir='ltr'>quod</span> <span class='ocrx_word' id='word_1_186' title='bbox 1154 2993 1262 3075; x_wconf 89' lang='lat' dir='ltr'>ipsum</span> <span class='ocrx_word' id='word_1_187' title='bbox 1286 2995 1391 3058; x_wconf 91' lang='lat' dir='ltr'>multo</span> <span class='ocrx_word' id='word_1_188' title='bbox 1416 2992 1512 3059; x_wconf 87' lang='lat' dir='ltr'>etiam</span> 
     </span>
     <span class='ocr_line' id='line_1_23' title="bbox 338 3101 1514 3186; baseline -0.002 -18"><span class='ocrx_word' id='word_1_189' title='bbox 338 3103 563 3169; x_wconf 87' lang='lat' dir='ltr'>clariusdocet</span> <span class='ocrx_word' id='word_1_190' title='bbox 574 3105 614 3168; x_wconf 90' lang='lat' dir='ltr'>ab</span> <span class='ocrx_word' id='word_1_191' title='bbox 626 3101 730 3170; x_wconf 91' lang='lat' dir='ltr'>initiis</span> <span class='ocrx_word' id='word_1_192' title='bbox 740 3103 940 3186; x_wconf 90' lang='lat' dir='ltr'>reipublicae</span> <span class='ocrx_word' id='word_1_193' title='bbox 951 3105 1514 3186; x_wconf 88' lang='lat' dir='ltr'>Hollandicaesacrosanctasemper</span> 
     </span>
     <span class='ocr_line' id='line_1_24' title="bbox 339 3214 1514 3300; baseline -0.002 -20"><span class='ocrx_word' id='word_1_194' title='bbox 339 3214 502 3281; x_wconf 88' lang='lat' dir='ltr'>Ordinum</span> <span class='ocrx_word' id='word_1_195' title='bbox 537 3216 714 3281; x_wconf 86' lang='lat' dir='ltr'>auctoritas</span> <span class='ocrx_word' id='word_1_196' title='bbox 738 3215 999 3300; x_wconf 84' lang='lat' dir='ltr'>longissimoque</span> <span class='ocrx_word' id='word_1_197' title='bbox 1021 3230 1204 3298; x_wconf 88' lang='lat' dir='ltr'>temporum</span> <span class='ocrx_word' id='word_1_198' title='bbox 1224 3236 1287 3280; x_wconf 90' lang='lat' dir='ltr'>usu</span> <span class='ocrx_word' id='word_1_199' title='bbox 1310 3214 1457 3294; x_wconf 87' lang='lat' dir='ltr'>firmata,</span> <span class='ocrx_word' id='word_1_200' title='bbox 1482 3228 1514 3278; x_wconf 93' lang='lat' dir='ltr'>et</span> 
     </span>
    </p>

    <p class='ocr_par' dir='ltr' id='par_1_4' title="bbox 193 3325 1594 3744">
     <span class='ocr_line' id='line_1_25' title="bbox 339 3325 1594 3418; baseline -0.001 -28"><span class='ocrx_word' id='word_1_201' title='bbox 339 3327 427 3410; x_wconf 85' lang='lat' dir='ltr'>leges</span> <span class='ocrx_word' id='word_1_202' title='bbox 456 3326 579 3409; x_wconf 87' lang='lat' dir='ltr'>patriae</span> <span class='ocrx_word' id='word_1_203' title='bbox 609 3326 780 3392; x_wconf 89' lang='lat' dir='ltr'>Brabantis</span> <span class='ocrx_word' id='word_1_204' title='bbox 802 3327 881 3392; x_wconf 89' lang='lat' dir='ltr'>olim</span> <span class='ocrx_word' id='word_1_205' title='bbox 903 3327 1064 3409; x_wconf 90' lang='lat' dir='ltr'>scriptae,</span> <span class='ocrx_word' id='word_1_206' title='bbox 1089 3347 1166 3392; x_wconf 86' lang='lat' dir='ltr'>mox</span> <span class='ocrx_word' id='word_1_207' title='bbox 1185 3347 1260 3393; x_wconf 90' lang='lat' dir='ltr'>cum</span> <span class='ocrx_word' id='word_1_208' title='bbox 1283 3326 1418 3392; x_wconf 89' lang='lat' dir='ltr'>caeteris</span> <span class='ocrx_word' id='word_1_209' title='bbox 1441 3325 1512 3390; x_wconf 90' lang='lat' dir='ltr'>Bel·</span> <span class='ocrx_word' id='word_1_210' title='bbox 1589 3405 1594 3418; x_wconf 37' lang='grc' dir='ltr'>Ι</span> 
     </span>
     <span class='ocr_line' id='line_1_26' title="bbox 340 3437 1514 3520; baseline 0 -19"><span class='ocrx_word' id='word_1_211' title='bbox 340 3457 452 3520; x_wconf 86' lang='lat' dir='ltr'>garum</span> <span class='ocrx_word' id='word_1_212' title='bbox 482 3437 673 3503; x_wconf 86' lang='lat' dir='ltr'>nationibus</span> <span class='ocrx_word' id='word_1_213' title='bbox 703 3438 984 3518; x_wconf 89' lang='lat' dir='ltr'>communicatae,</span> <span class='ocrx_word' id='word_1_214' title='bbox 1011 3458 1094 3520; x_wconf 89' lang='lat' dir='ltr'>quae</span> <span class='ocrx_word' id='word_1_215' title='bbox 1118 3439 1239 3504; x_wconf 88' lang='lat' dir='ltr'>diserte</span> <span class='ocrx_word' id='word_1_216' title='bbox 1263 3452 1381 3504; x_wconf 86' lang='lat' dir='ltr'>cavent</span> <span class='ocrx_word' id='word_1_217' title='bbox 1405 3451 1442 3502; x_wconf 90' lang='lat' dir='ltr'>ut</span> <span class='ocrx_word' id='word_1_218' title='bbox 1464 3437 1514 3501; x_wconf 92' lang='lat' dir='ltr'>in-</span> 
     </span>
     <span class='ocr_line' id='line_1_27' title="bbox 339 3547 1512 3632; baseline 0 -20"><span class='ocrx_word' id='word_1_219' title='bbox 339 3563 465 3632; x_wconf 88' lang='lat' dir='ltr'>tegrum</span> <span class='ocrx_word' id='word_1_220' title='bbox 488 3548 531 3613; x_wconf 90' lang='lat' dir='ltr'>sit</span> <span class='ocrx_word' id='word_1_221' title='bbox 552 3547 734 3614; x_wconf 88' lang='lat' dir='ltr'>Ordinibus</span> <span class='ocrx_word' id='word_1_222' title='bbox 754 3569 883 3613; x_wconf 84' lang='lat' dir='ltr'>ornnem</span> <span class='ocrx_word' id='word_1_223' title='bbox 901 3548 998 3614; x_wconf 89' lang='lat' dir='ltr'>fidem</span> <span class='ocrx_word' id='word_1_224' title='bbox 1019 3564 1118 3631; x_wconf 88' lang='lat' dir='ltr'>atquc</span> <span class='ocrx_word' id='word_1_225' title='bbox 1138 3549 1377 3616; x_wconf 89' lang='lat' dir='ltr'>observantiam</span> <span class='ocrx_word' id='word_1_226' title='bbox 1397 3567 1512 3632; x_wconf 84' lang='lat' dir='ltr'>negare</span> 
     </span>
     <span class='ocr_line' id='line_1_28' title="bbox 193 3640 1511 3744; baseline 0.003 -22"><span class='ocrx_word' id='word_1_227' title='bbox 193 3661 229 3707; x_wconf 71' lang='lat'>1³2</span> <span class='ocrx_word' id='word_1_228' title='bbox 243 3661 324 3708; x_wconf 67' lang='lat' dir='ltr'>litut·</span> <span class='ocrx_word' id='word_1_229' title='bbox 339 3659 484 3742; x_wconf 91' lang='lat' dir='ltr'>Principi</span> <span class='ocrx_word' id='word_1_230' title='bbox 513 3660 587 3743; x_wconf 84' lang='lat' dir='ltr'>jura</span> <span class='ocrx_word' id='word_1_231' title='bbox 606 3660 709 3742; x_wconf 85' lang='lat' dir='ltr'>patria</span> <span class='ocrx_word' id='word_1_232' title='bbox 729 3640 868 3726; x_wconf 87' lang='lat' dir='ltr'>violanti</span> <span class='ocrx_word' id='word_1_233' title='bbox 890 3659 911 3726; x_wconf 68' lang='lat'>⁴.</span> <span class='ocrx_word' id='word_1_234' title='bbox 958 3662 1009 3726; x_wconf 91' lang='lat' dir='ltr'>De</span> <span class='ocrx_word' id='word_1_235' title='bbox 1031 3662 1138 3727; x_wconf 87' lang='lat' dir='ltr'>causis</span> <span class='ocrx_word' id='word_1_236' title='bbox 1160 3675 1269 3726; x_wconf 89' lang='lat' dir='ltr'>autem</span> <span class='ocrx_word' id='word_1_237' title='bbox 1292 3660 1370 3725; x_wconf 92' lang='lat' dir='ltr'>belli</span> <span class='ocrx_word' id='word_1_238' title='bbox 1388 3661 1511 3744; x_wconf 84' lang='lat' dir='ltr'>hujus,</span> 
     </span>
    </p>
   </div>
   <div class='ocr_carea' id='block_1_3' title="bbox 179 3717 1512 3871">
    <p class='ocr_par' dir='ltr' id='par_1_5' title="bbox 179 3717 1512 3871">
     <span class='ocr_line' id='line_1_29' title="bbox 179 3717 1512 3871; baseline -0.002 -35"><span class='ocrx_word' id='word_1_239' title='bbox 179 3717 327 3871; x_wconf 45' lang='lat' dir='ltr'>{fffsuli</span> <span class='ocrx_word' id='word_1_240' title='bbox 340 3771 431 3853; x_wconf 90' lang='lat' dir='ltr'>quod</span> <span class='ocrx_word' id='word_1_241' title='bbox 462 3772 502 3835; x_wconf 92' lang='lat' dir='ltr'>ab</span> <span class='ocrx_word' id='word_1_242' title='bbox 535 3770 710 3837; x_wconf 90' lang='lat' dir='ltr'>Hollandis</span> <span class='ocrx_word' id='word_1_243' title='bbox 741 3771 863 3854; x_wconf 89' lang='lat' dir='ltr'>pariter</span> <span class='ocrx_word' id='word_1_244' title='bbox 898 3792 973 3836; x_wconf 90' lang='lat' dir='ltr'>cum</span> <span class='ocrx_word' id='word_1_245' title='bbox 1006 3772 1078 3838; x_wconf 90' lang='lat' dir='ltr'>aliis</span> <span class='ocrx_word' id='word_1_246' title='bbox 1113 3773 1284 3856; x_wconf 85' lang='lat' dir='ltr'>Belgarum</span> <span class='ocrx_word' id='word_1_247' title='bbox 1319 3770 1512 3837; x_wconf 87' lang='lat' dir='ltr'>nationibus</span> 
     </span>
    </p>
   </div>
   <div class='ocr_carea' id='block_1_4' title="bbox 259 4003 1514 4521">
    <p class='ocr_par' dir='ltr' id='par_1_6' title="bbox 366 4003 1513 4071">
     <span class='ocr_line' id='line_1_30' title="bbox 366 4003 1513 4071; baseline -0.002 -16"><span class='ocrx_word' id='word_1_248' title='bbox 366 4004 380 4040; x_wconf 79' lang='lat'>&#39;²</span> <span class='ocrx_word' id='word_1_249' title='bbox 400 4010 441 4055; x_wconf 84' lang='lat' dir='ltr'>Ad</span> <span class='ocrx_word' id='word_1_250' title='bbox 466 4010 482 4055; x_wconf 89' lang='lat' dir='ltr'>l.</span> <span class='ocrx_word' id='word_1_251' title='bbox 508 4021 540 4055; x_wconf 85' lang='lat' dir='ltr'>ex</span> <span class='ocrx_word' id='word_1_252' title='bbox 564 4009 615 4055; x_wconf 90' lang='lat' dir='ltr'>hoc</span> <span class='ocrx_word' id='word_1_253' title='bbox 637 4006 693 4063; x_wconf 85' lang='lat' dir='ltr'>jure</span> <span class='ocrx_word' id='word_1_254' title='bbox 711 4007 737 4055; x_wconf 84' lang='lat' dir='ltr'>ff.</span> <span class='ocrx_word' id='word_1_255' title='bbox 755 4009 786 4056; x_wconf 89' lang='lat' dir='ltr'>de</span> <span class='ocrx_word' id='word_1_256' title='bbox 804 4006 863 4064; x_wconf 87' lang='lat' dir='ltr'>just.</span> <span class='ocrx_word' id='word_1_257' title='bbox 882 4019 907 4055; x_wconf 91' lang='lat' dir='ltr'>et</span> <span class='ocrx_word' id='word_1_258' title='bbox 924 4006 980 4064; x_wconf 86' lang='lat' dir='ltr'>jure</span> <span class='ocrx_word' id='word_1_259' title='bbox 1000 4006 1044 4071; x_wconf 91' lang='lat' dir='ltr'>[D.</span> <span class='ocrx_word' id='word_1_260' title='bbox 1066 4021 1087 4055; x_wconf 87' lang='lat'>1.</span> <span class='ocrx_word' id='word_1_261' title='bbox 1108 4022 1129 4056; x_wconf 91' lang='lat'>1.</span> <span class='ocrx_word' id='word_1_262' title='bbox 1149 4009 1184 4070; x_wconf 86' lang='lat'>5.]</span> <span class='ocrx_word' id='word_1_263' title='bbox 1204 4022 1230 4056; x_wconf 89' lang='lat' dir='ltr'>n.</span> <span class='ocrx_word' id='word_1_264' title='bbox 1252 4009 1290 4056; x_wconf 86' lang='lat'>18.</span> <span class='ocrx_word' id='word_1_265' title='bbox 1325 4003 1415 4054; x_wconf 79' lang='lat' dir='ltr'>²snv.</span> <span class='ocrx_word' id='word_1_266' title='bbox 1434 4007 1468 4054; x_wconf 90' lang='lat' dir='ltr'>in.</span> <span class='ocrx_word' id='word_1_267' title='bbox 1487 4021 1513 4054; x_wconf 87' lang='lat' dir='ltr'>v.</span> 
     </span>
    </p>

    <p class='ocr_par' dir='ltr' id='par_1_7' title="bbox 338 4095 1514 4158">
     <span class='ocr_line' id='line_1_31' title="bbox 338 4095 1514 4158; baseline -0.003 -13"><span class='ocrx_word' id='word_1_268' title='bbox 338 4095 411 4158; x_wconf 87' lang='lat' dir='ltr'>Papa.</span> <span class='ocrx_word' id='word_1_269' title='bbox 429 4112 454 4146; x_wconf 88' lang='lat' dir='ltr'>n.</span> <span class='ocrx_word' id='word_1_270' title='bbox 473 4113 497 4158; x_wconf 90' lang='lat'>4.</span> <span class='ocrx_word' id='word_1_271' title='bbox 517 4100 590 4147; x_wconf 83' lang='lat' dir='ltr'>Card.</span> <span class='ocrx_word' id='word_1_272' title='bbox 609 4099 641 4146; x_wconf 88' lang='lat' dir='ltr'>dc</span> <span class='ocrx_word' id='word_1_273' title='bbox 659 4098 734 4146; x_wconf 90' lang='lat' dir='ltr'>Turri</span> <span class='ocrx_word' id='word_1_274' title='bbox 753 4109 862 4146; x_wconf 88' lang='lat' dir='ltr'>cremara</span> <span class='ocrx_word' id='word_1_275' title='bbox 880 4098 924 4146; x_wconf 91' lang='lat' dir='ltr'>lib.</span> <span class='ocrx_word' id='word_1_276' title='bbox 944 4111 968 4154; x_wconf 80' lang='lat'>3.</span> <span class='ocrx_word' id='word_1_277' title='bbox 988 4112 1010 4146; x_wconf 93' lang='lat' dir='ltr'>c.</span> <span class='ocrx_word' id='word_1_278' title='bbox 1032 4112 1069 4146; x_wconf 90' lang='lat'>10.</span> <span class='ocrx_word' id='word_1_279' title='bbox 1087 4098 1155 4146; x_wconf 91' lang='lat' dir='ltr'>Vict.</span> <span class='ocrx_word' id='word_1_280' title='bbox 1174 4100 1205 4147; x_wconf 87' lang='lat' dir='ltr'>de</span> <span class='ocrx_word' id='word_1_281' title='bbox 1223 4109 1277 4158; x_wconf 90' lang='lat' dir='ltr'>por.</span> <span class='ocrx_word' id='word_1_282' title='bbox 1296 4099 1376 4158; x_wconf 86' lang='lat' dir='ltr'>Papae</span> <span class='ocrx_word' id='word_1_283' title='bbox 1395 4108 1419 4144; x_wconf 92' lang='lat' dir='ltr'>et</span> <span class='ocrx_word' id='word_1_284' title='bbox 1438 4109 1514 4144; x_wconf 91' lang='lat' dir='ltr'>conc.</span> 
     </span>
    </p>

    <p class='ocr_par' dir='ltr' id='par_1_8' title="bbox 337 4185 1512 4248">
     <span class='ocr_line' id='line_1_32' title="bbox 337 4185 1512 4248; baseline -0.002 -13"><span class='ocrx_word' id='word_1_285' title='bbox 337 4201 362 4235; x_wconf 89' lang='lat' dir='ltr'>n.</span> <span class='ocrx_word' id='word_1_286' title='bbox 382 4201 420 4244; x_wconf 76' lang='lat'>23.</span> <span class='ocrx_word' id='word_1_287' title='bbox 441 4200 465 4236; x_wconf 89' lang='lat' dir='ltr'>et</span> <span class='ocrx_word' id='word_1_288' title='bbox 485 4199 524 4248; x_wconf 84' lang='lat'>24.</span> <span class='ocrx_word' id='word_1_289' title='bbox 558 4185 654 4236; x_wconf 75' lang='lat' dir='ltr'>³Vict.</span> <span class='ocrx_word' id='word_1_290' title='bbox 673 4191 704 4237; x_wconf 89' lang='lat' dir='ltr'>de</span> <span class='ocrx_word' id='word_1_291' title='bbox 722 4201 777 4248; x_wconf 87' lang='lat' dir='ltr'>pot.</span> <span class='ocrx_word' id='word_1_292' title='bbox 796 4188 929 4237; x_wconf 88' lang='lat' dir='ltr'>ecclesiae.</span> <span class='ocrx_word' id='word_1_293' title='bbox 947 4203 972 4248; x_wconf 90' lang='lat' dir='ltr'>q.</span> <span class='ocrx_word' id='word_1_294' title='bbox 991 4201 1014 4246; x_wconf 85' lang='lat'>3.</span> <span class='ocrx_word' id='word_1_295' title='bbox 1032 4203 1058 4236; x_wconf 89' lang='lat' dir='ltr'>n.</span> <span class='ocrx_word' id='word_1_296' title='bbox 1079 4203 1101 4236; x_wconf 76' lang='lat' dir='ltr'>a.</span> <span class='ocrx_word' id='word_1_297' title='bbox 1120 4191 1224 4238; x_wconf 87' lang='lat' dir='ltr'>Covarr.</span> <span class='ocrx_word' id='word_1_298' title='bbox 1243 4199 1324 4248; x_wconf 87' lang='lat' dir='ltr'>praet.</span> <span class='ocrx_word' id='word_1_299' title='bbox 1342 4199 1438 4247; x_wconf 84' lang='lat' dir='ltr'>quaest.</span> <span class='ocrx_word' id='word_1_300' title='bbox 1457 4201 1479 4234; x_wconf 90' lang='lat' dir='ltr'>c.</span> <span class='ocrx_word' id='word_1_301' title='bbox 1491 4199 1512 4233; x_wconf 89' lang='lat'>1.</span> 
     </span>
    </p>

    <p class='ocr_par' dir='ltr' id='par_1_9' title="bbox 259 4278 1513 4340">
     <span class='ocr_line' id='line_1_33' title="bbox 259 4278 1513 4340; baseline -0.002 -14"><span class='ocrx_word' id='word_1_302' title='bbox 259 4305 261 4309; x_wconf 95' lang='lat'>·</span> <span class='ocrx_word' id='word_1_303' title='bbox 339 4282 422 4328; x_wconf 88' lang='lat' dir='ltr'>eoncl.</span> <span class='ocrx_word' id='word_1_304' title='bbox 449 4291 472 4327; x_wconf 82' lang='lat'>2.</span> <span class='ocrx_word' id='word_1_305' title='bbox 499 4291 524 4327; x_wconf 88' lang='lat' dir='ltr'>et</span> <span class='ocrx_word' id='word_1_306' title='bbox 550 4281 577 4328; x_wconf 94' lang='lat' dir='ltr'>in</span> <span class='ocrx_word' id='word_1_307' title='bbox 602 4294 624 4328; x_wconf 90' lang='lat' dir='ltr'>c.</span> <span class='ocrx_word' id='word_1_308' title='bbox 649 4291 783 4340; x_wconf 88' lang='lat' dir='ltr'>peccatum</span> <span class='ocrx_word' id='word_1_309' title='bbox 802 4283 824 4337; x_wconf 67' lang='grc' dir='ltr'>ξ.</span> <span class='ocrx_word' id='word_1_310' title='bbox 842 4293 866 4340; x_wconf 88' lang='lat'>9.</span> <span class='ocrx_word' id='word_1_311' title='bbox 891 4293 917 4326; x_wconf 91' lang='lat' dir='ltr'>n.</span> <span class='ocrx_word' id='word_1_312' title='bbox 937 4281 960 4327; x_wconf 88' lang='grc' dir='ltr'>ό.</span> <span class='ocrx_word' id='word_1_313' title='bbox 979 4282 1022 4326; x_wconf 85' lang='lat' dir='ltr'>all.</span> <span class='ocrx_word' id='word_1_314' title='bbox 1043 4278 1124 4336; x_wconf 83' lang='lat' dir='ltr'>cajet.</span> <span class='ocrx_word' id='word_1_315' title='bbox 1142 4279 1168 4327; x_wconf 88' lang='lat' dir='ltr'>in</span> <span class='ocrx_word' id='word_1_316' title='bbox 1187 4281 1279 4327; x_wconf 83' lang='lat' dir='ltr'>summ.</span> <span class='ocrx_word' id='word_1_317' title='bbox 1299 4292 1322 4326; x_wconf 85' lang='lat'>2.</span> <span class='ocrx_word' id='word_1_318' title='bbox 1341 4292 1364 4326; x_wconf 78' lang='lat' dir='ltr'>o.</span> <span class='ocrx_word' id='word_1_319' title='bbox 1389 4292 1410 4325; x_wconf 87' lang='lat' dir='ltr'>r.</span> <span class='ocrx_word' id='word_1_320' title='bbox 1432 4291 1470 4324; x_wconf 90' lang='lat'>10.</span> <span class='ocrx_word' id='word_1_321' title='bbox 1489 4288 1513 4324; x_wconf 86' lang='lat' dir='ltr'>et</span> 
     </span>
    </p>

    <p class='ocr_par' dir='ltr' id='par_1_10' title="bbox 339 4368 1514 4521">
     <span class='ocr_line' id='line_1_34' title="bbox 339 4368 1514 4431; baseline -0.003 -13"><span class='ocrx_word' id='word_1_322' title='bbox 339 4385 362 4418; x_wconf 87' lang='lat' dir='ltr'>c.</span> <span class='ocrx_word' id='word_1_323' title='bbox 391 4384 411 4418; x_wconf 91' lang='lat'>1.</span> <span class='ocrx_word' id='word_1_324' title='bbox 437 4381 509 4419; x_wconf 86' lang='lat' dir='ltr'>tract.</span> <span class='ocrx_word' id='word_1_325' title='bbox 535 4385 557 4418; x_wconf 85' lang='lat'>2.</span> <span class='ocrx_word' id='word_1_326' title='bbox 584 4373 614 4419; x_wconf 90' lang='lat' dir='ltr'>dc</span> <span class='ocrx_word' id='word_1_327' title='bbox 639 4383 693 4431; x_wconf 91' lang='lat' dir='ltr'>pot.</span> <span class='ocrx_word' id='word_1_328' title='bbox 720 4373 802 4430; x_wconf 88' lang='lat' dir='ltr'>Papae</span> <span class='ocrx_word' id='word_1_329' title='bbox 828 4381 852 4418; x_wconf 90' lang='lat' dir='ltr'>et</span> <span class='ocrx_word' id='word_1_330' title='bbox 877 4384 951 4418; x_wconf 86' lang='lat' dir='ltr'>conc.</span> <span class='ocrx_word' id='word_1_331' title='bbox 985 4369 1044 4418; x_wconf 87' lang='lat' dir='ltr'>⁴V.</span> <span class='ocrx_word' id='word_1_332' title='bbox 1069 4370 1115 4420; x_wconf 90' lang='lat' dir='ltr'>sub</span> <span class='ocrx_word' id='word_1_333' title='bbox 1141 4369 1218 4418; x_wconf 88' lang='lat' dir='ltr'>finem</span> <span class='ocrx_word' id='word_1_334' title='bbox 1242 4368 1314 4418; x_wconf 88' lang='lat' dir='ltr'>Laeti</span> <span class='ocrx_word' id='word_1_335' title='bbox 1332 4368 1470 4428; x_wconf 88' lang='lat' dir='ltr'>introitus,</span> <span class='ocrx_word' id='word_1_336' title='bbox 1489 4378 1514 4414; x_wconf 90' lang='lat' dir='ltr'>ct</span> 
     </span>
     <span class='ocr_line' id='line_1_35' title="bbox 339 4461 989 4521; baseline -0.002 -12"><span class='ocrx_word' id='word_1_337' title='bbox 339 4461 485 4510; x_wconf 84' lang='lat' dir='ltr'>Guicciard.</span> <span class='ocrx_word' id='word_1_338' title='bbox 503 4462 529 4509; x_wconf 91' lang='lat' dir='ltr'>in</span> <span class='ocrx_word' id='word_1_339' title='bbox 548 4476 571 4510; x_wconf 88' lang='lat' dir='ltr'>c.</span> <span class='ocrx_word' id='word_1_340' title='bbox 590 4463 621 4510; x_wconf 85' lang='lat' dir='ltr'>de</span> <span class='ocrx_word' id='word_1_341' title='bbox 639 4462 781 4521; x_wconf 79' lang='lat' dir='ltr'>privilegiis</span> <span class='ocrx_word' id='word_1_342' title='bbox 799 4461 989 4508; x_wconf 82' lang='lat' dir='ltr'>Brabantorum.</span> 
     </span>
    </p>
   </div>
   <div class='ocr_carea' id='block_1_5' title="bbox 0 0 1776 5692">
    <p class='ocr_par' dir='ltr' id='par_1_11' title="bbox 0 0 1776 5692">
     <span class='ocr_line' id='line_1_36' title="bbox 0 0 1776 5692; baseline 0 0"><span class='ocrx_word' id='word_1_343' title='bbox 0 0 1776 5692; x_wconf 95' lang='lat' dir='ltr'> </span> 
     </span>
    </p>
   </div>
  </div>
 </body>
</html>
