3552 5654
530 666 577 711 nv:
600 665 693 731 June
719 667 904 714 cananae·
930 667 1012 714 cna.
1036 667 1074 714 x.
1328 660 1388 722 149

218 836 313 899 quam
346 816 442 882 militi
470 818 619 901 praedam
650 834 707 885 aut
729 819 901 902 pecuniam
923 822 1031 906 exjea
1052 819 1223 888 ⁴redactam
1255 811 1389 883 concedi

217 930 343 1010 solere,
376 928 411 992 id
429 927 528 1020 ferme
549 929 594 994 ita
616 930 756 1014 contigit
778 945 817 996 ut
839 930 912 1013 his,
939 931 996 1014 qui
1021 931 1181 996 tributum
1203 928 1243 994 ad
1265 928 1388 994 bellum

122 1071 127 1076 ·
218 1041 446 1121 contulerant,
479 1041 681 1106 tantumdem
710 1041 911 1107 redderetur.
954 1042 1046 1129 Quin
1064 1056 1096 1107 et
1116 1041 1213 1107 ludos
1237 1061 1254 1105 e
1277 1058 1391 1104 manu-

216 1150 279 1215 biis
313 1150 492 1216 instructos
521 1151 586 1236 jam
617 1152 680 1216 sub
713 1151 863 1236 Regibus
895 1167 1031 1220 annotes
1054 1156 1076 1218 ¹.
1120 1152 1241 1234 Neque
1261 1163 1389 1216 tantum

109 1323 112 1328 .
218 1261 312 1326 bellis
341 1260 478 1328 diversis
507 1261 600 1327 aliter
631 1276 729 1344 atque
761 1264 855 1329 aliter
877 1264 1058 1345 placitum,
1081 1264 1139 1328 sed
1162 1261 1271 1328 eadem
1295 1278 1390 1341 saepe

217 1371 335 1454 praeda
369 1374 478 1454 plures
500 1391 582 1439 usus
604 1373 743 1454 habuit,
766 1375 921 1456 portione
944 1389 1003 1439 aut
1024 1375 1097 1456 ipso
1119 1391 1233 1459 genere
1254 1370 1391 1438 distinc-

218 1497 282 1548 tos.
314 1482 491 1563 Portione,
515 1498 552 1548 ut
575 1481 735 1549 Camillus
760 1504 799 1548 ex
820 1499 900 1551 voto
923 1485 1080 1550 decimam
1101 1484 1221 1568 Pythio
1242 1482 1331 1548 dedit
1352 1484 1389 1562 ²,

220 1592 420 1658 Graecorum
454 1594 650 1660 imitatione.
712 1593 843 1660 Genera
873 1595 1022 1677 praedae
1043 1596 1123 1661 haec
1156 1593 1256 1660 ferme
1286 1607 1390 1673 sunt,

219 1705 368 1770 homines
398 1705 540 1787 captivi,
566 1720 708 1770 armenta
739 1721 773 1771 et
805 1725 940 1791 greges,
970 1726 1055 1788 quae
1077 1705 1197 1772 Graeci
1220 1725 1295 1771 cum
1315 1724 1392 1787 pro-

218 1816 287 1897 prie
307 1817 501 1898 'loquuntur
529 1821 611 1886 λείαν
634 1831 777 1898 vocant,
803 1817 963 1900 pecunia,
987 1836 1038 1883 res
1055 1817 1194 1882 mobiles
1215 1816 1296 1882 aliae
1318 1835 1391 1897 pre·

219 1925 320 1993 tiosae
343 1941 400 1992 aut
421 1928 567 1994 viliores.
591 1927 751 2010 Exempla
771 1948 829 2010 per
848 1945 976 1993 omnem
999 1927 1167 1992 historiam
1192 1926 1291 1992 obvia
1303 1939 1392 1992 sunt.

219 2037 265 2123 Q.
296 2037 419 2103 Fabius
458 2038 593 2104 Volscis
628 2039 767 2106 devictis
795 2043 877 2108 aeica
906 2053 937 2104 et
968 2037 1073 2122 spolia
1101 2058 1157 2120 per
1186 2051 1390 2119 quaestorem

218 2147 317 2230 vendi
337 2150 454 2233 iubet,
478 2165 646 2234 argentum
672 2150 741 2231 ipse
763 2148 867 2215 defert
885 2149 907 2214 ³·
939 2148 1029 2214 Idem
1050 2148 1182 2214 Volscis
1206 2161 1239 2213 et
1260 2146 1391 2228 Aequis

219 2257 357 2326 devictis
384 2260 530 2342 captivos
557 2275 646 2326 extra
671 2260 880 2325 Tusculanos
905 2258 1002 2324 militi
1029 2258 1129 2324 donat
1147 2255 1180 2337 ⁴,
1205 2271 1237 2323 et
1256 2257 1289 2321 in
1314 2276 1391 2340 agro

218 2369 380 2434 Ecetrano
403 2369 551 2434 homines
572 2391 607 2434 ac
626 2389 741 2453 pecora
761 2369 942 2452 diripienda
961 2368 1124 2435 concedit.
1148 2368 1190 2433 L.
1215 2366 1391 2432 Cornelius

218 2478 323 2544 Antio
343 2493 438 2561 capto
461 2499 596 2560 aurum,
620 2494 811 2563 argentum,
835 2499 885 2544 res
906 2480 939 2545 in
961 2479 1118 2545 aerarium
1139 2477 1247 2544 defert
1264 2476 1292 2542 ⁵:
1317 2497 1392 2560 cap·

218 2588 307 2654 tivos
330 2603 362 2654 et
383 2589 534 2671 praedam
563 2609 622 2671 per
655 2604 861 2671 quaestorem
890 2591 1025 2656 vendit:
1057 2590 1154 2655 militi
1182 2608 1325 2670 eaquae
1351 2587 1392 2653 ad

218 2698 351 2764 victum
366 2714 399 2764 et
419 2714 542 2766 vestem
574 2700 782 2782 pertinebant
809 2701 981 2783 permittit.
1026 2701 1101 2767 Nec
1134 2699 1289 2767 dissimile
1311 2698 1390 2764 huic

219 2810 407 2875 Cincinnati
432 2810 620 2876 institutum
641 2816 675 2894 ⁶,
701 2813 758 2894 qui
783 2813 950 2878 Corbione
975 2813 1169 2894 Aequorum
1193 2809 1316 2892 oppido
1339 2829 1391 2872 ac·

217 2934 312 3002 cepto
340 2921 533 3004 pretiosiora
563 2923 699 3007 praedae
728 2923 867 2989 Romam
896 2923 1006 3004 misit,
1038 2936 1161 2988 caetera
1182 2919 1390 2986 centuriatim

217 3030 343 3098 divisit.
391 3033 549 3098 Camillus
569 3032 581 3073 ⁷
601 3032 685 3101 fusis
704 3034 839 3100 Faliscis
859 3048 892 3100 et
912 3033 1135 3116 Capenatibus
1156 3046 1278 3115 partem
1299 3050 1392 3113 prae-

217 3140 466 3208 dae'maximam
489 3144 531 3209 ad
557 3160 763 3226 quaestorem
786 3144 932 3228 redegit,
956 3145 1045 3210 haud
1067 3144 1112 3209 ita
1134 3145 1273 3210 multum
1294 3141 1390 3211 militi

218 3252 317 3318 dedit.
347 3253 436 3319 Idem
458 3255 560 3337 captis
583 3255 678 3340 Vejis
701 3271 827 3339 praeter
849 3255 1022 3338 pecuniam
1046 3275 1085 3320 ex
1107 3253 1296 3320 venditione
1316 3274 1392 3335 cap·

105 3350 108 3356 Ι
217 3364 361 3430 tivorum
391 3363 479 3429 nihil·
500 3365 533 3429 in
561 3366 732 3448 publicum
758 3367 900 3451 redegit:
939 3366 1114 3433 Hetruscis
1145 3366 1285 3433 devictis
1316 3386 1391 3449 cap-

217 3473 363 3556 tivisque
392 3475 534 3541 venditis
560 3496 599 3540 ex
622 3497 659 3542 ea
681 3478 821 3560 pecunia
843 3499 958 3544 aurum
981 3476 1137 3544 matronis
1161 3477 1252 3558 quod
1274 3491 1391 3542 contu·

218 3586 321 3650 lerant
359 3585 537 3669 persolvit,
576 3602 703 3669 pateras
743 3603 810 3655 tres
849 3609 961 3655 aureas
996 3589 1041 3653 in.
1064 3588 1231 3671 Capitolio
1265 3587 1389 3669 posuit.

219 3697 388 3764 Fabricius
404 3695 416 3730 ⁸
434 3699 595 3780 superatis
628 3699 794 3781 Lucanis,
828 3698 986 3780 Bruttiis,
1021 3698 1222 3764 Samnitibus
1254 3697 1389 3762 militem

218 3808 356 3891 ditavit,
380 3809 504 3874 tributa
523 3809 652 3916 civibqs
671 3810 833 3890 reddidit,
858 3809 1094 3894 quadringenta
1112 3810 1231 3874 talenta
1250 3808 1283 3873 in
1303 3827 1391 3872 aera-

218 3919 302 3987 rium
325 3919 448 4022 retulit.
487 3919 532 4006 Q.
557 3919 696 3985 Fulvius
720 3935 752 3984 et
772 3920 903 4002 Appius
928 3920 1194 3985 Claudius⁹cum
1218 3917 1390 3983 Hannonis

222 4131 417 4142 -——-

252 4273 260 4305 ¹
278 4275 337 4324 Liv.
355 4277 372 4323 l.
393 4289 414 4323 r.
434 4272 470 4337 [c.
489 4275 541 4339 35.]
578 4273 661 4325 ‘Liv
680 4279 697 4325 l.
717 4288 739 4332 5.
759 4277 795 4338 [c.
814 4288 853 4334 23.
872 4287 896 4324 et
915 4289 939 4324 c.
959 4275 1011 4337 25.]
1047 4273 1057 4306 ³
1075 4271 1152 4322 Dion.
1170 4275 1253 4324 Halic.
1270 4277 1287 4323 1.
1307 4278 1331 4324 8.
1351 4274 1390 4338 [p.

220 4378 276 4427 549.
299 4379 338 4415 vs.
365 4365 416 4430 11.]
452 4366 557 4416 ⁴1dem
581 4369 598 4416 l.
624 4382 663 4416 10.
690 4367 728 4432 [p.
753 4369 811 4429 647.
836 4381 875 4417 vs.
893 4366 947 4431 aa]
983 4365 1050 4414 'Ibi
1070 4364 1108 4428 [p.
1127 4366 1184 4427 ⁶47·
1204 4379 1242 4416 vs.
1261 4378 1302 4424 ³³·
1320 4368 1389 4430 sqq]

217 4456 315 4505 ⁰idem
333 4460 350 4506 1.
369 4471 408 4505 ro.
424 4457 462 4519 [p.
480 4459 537 4514 652.
553 4473 591 4508 vs.
610 4458 643 4522 r.]
680 4456 765 4508 ⁷Liv.
781 4462 798 4507 l.
816 4471 839 4516 5.
856 4460 892 4520 [c.
914 4473 952 4522 ¹9·
971 4471 996 4506 et
1014 4472 1037 4506 c.
1057 4457 1119 4518 aa]
1145 4457 1391 4508 ⁸Dion.bltlic.in

217 4547 305 4607 fragm.
326 4546 364 4611 [p.
383 4560 440 4608 747.
458 4562 496 4597 vs.
515 4549 567 4614 sd]
604 4549 689 4599 'Lim
708 4554 725 4598 l.
744 4561 784 4607 as.
804 4550 837 4615 [o.
860 4549 910 4613 14.]
