3530 5656
585 619 632 666 mr
656 619 750 684 June.
767 619 960 684 ¹ermestun.
985 620 1068 668 cae.
1094 620 1150 668 111.
1407 625 1447 686 41

282 775 362 843 mihi
383 774 490 856 illud,
515 793 582 856 quo
600 788 734 839 naturae
757 773 859 841 ductu
877 773 1050 840 vivebatur
1072 774 1107 856 ¹,
1134 775 1322 842 bellatorem
1346 776 1452 842 Abra-

282 890 413 954 hamum
442 885 651 970 suppeditat,
685 887 737 950 lex
769 885 838 968 ipsa
859 882 871 917 ²
892 885 1021 951 Mosem
1047 901 1079 952 et
1103 885 1264 952 Davidem
1287 885 1324 969 ⁸,
1354 908 1453 955 evan·

282 999 383 1086 gelica
413 985 548 1064 historia
578 995 589 1030 ⁸
617 995 839 1063 centurionem
875 1016 941 1062 non
975 1016 1076 1063 unum
1109 996 1313 1081 Paulumque
1344 998 1450 1082 ipsum

282 1124 393 1176 contra
425 1109 628 1174 inimicorum
661 1106 794 1174 insidias
825 1107 962 1173 militare
993 1106 1189 1191 praesidium
1212 1111 1451 1192 postulantem:
1550 1117 1552 1122 '

158 1288 163 1296 ,
234 1257 236 1260 -
282 1221 451 1304 sequentia
474 1218 590 1285 deinde
614 1221 740 1285 saecula
762 1222 774 1256 ⁴
796 1234 846 1286 tot
865 1218 1127 1304 religiosissimos
1150 1218 1380 1302 imperatores,
1401 1237 1452 1288 tot

282 1331 578 1399 christianissimos
601 1351 715 1415 reges,
740 1331 797 1413 qui
819 1331 913 1397 etiam
937 1331 970 1396 in
989 1351 1067 1412 eos,
1092 1330 1150 1414 qui
1170 1330 1348 1398 Christiani
1365 1332 1451 1399 dice·

282 1445 422 1524 bantur,
451 1443 535 1508 bella
564 1457 742 1527 gesserunt.
787 1441 880 1530 Quid
913 1457 1044 1524 autem,
1076 1443 1166 1525 quod
1194 1457 1321 1510 veteres
1355 1445 1450 1512 etiam

282 1555 380 1636 illos,
403 1554 618 1634 Gedeonem,
642 1553 821 1634 Baracum,
847 1554 1057 1635 Samsonem,
1077 1554 1244 1639 Jephten,
1269 1556 1450 1622 Samuelem

283 1681 315 1732 et
336 1668 512 1750 prophetas
534 1665 616 1732 alios
639 1665 772 1745 eadem,
795 1685 860 1747 qua
880 1684 942 1731 nos
963 1680 1172 1750 vegetamur,
1192 1687 1268 1733 vera
1286 1667 1319 1732 in
1336 1667 1451 1734 Chris·

282 1792 351 1843 tum
376 1776 439 1842 fide
461 1777 545 1842 bella
568 1776 707 1862 gessisse
729 1775 944 1860 perscriptum
968 1792 1017 1843 est
1037 1777 1076 1843 ⁵?
1100 1777 1199 1844 Unde
1222 1777 1372 1861 sequitur
1394 1779 1451 1844 ali·

284 1909 349 1971 qua
372 1907 442 1954 esse
467 1888 556 1972 justa
585 1887 736 1954 fidelibus
759 1889 852 1953 bella.
899 1888 1029 1954 Rursus
1055 1909 1128 1955 cum
1147 1890 1272 1973 justum
1293 1889 1451 1972 piumque
1477 1902 1548 1949 aros.
1563 1903 1597 1946 tn

1483 1966 1531 2002 art.
1552 1965 1594 2002 tat.

284 2001 318 2067 id
346 2015 431 2066 recte
461 1999 621 2080 dicatur,
635 1999 726 2082 quod
746 1998 809 2066 viri
828 2000 909 2084 justi
933 2020 969 2065 ac
988 2000 1034 2083 pii
1054 2002 1180 2086 Justum
1201 1999 1358 2084 piumque
1381 2019 1451 2068 esse
1477 2020 1566 2111 me·
1581 2026 1595 2054 a

284 2126 504 2192 censuerunt,
529 2125 566 2176 ut
590 2110 808 2195 philosophos
828 2131 940 2178 omnes
961 2112 1106 2179 omittam
1132 2126 1163 2178 et
1177 2111 1450 2197 jurisconsultos,
1548 2097 1554 2110 ⁸

284 2243 424 2307 quorum
454 2242 548 2290 nemo
577 2223 638 2289 hac
670 2224 709 2289 de
738 2242 772 2287 re
793 2221 979 2305 dubitavit,
1003 2242 1122 2309 paucas
1143 2222 1300 2290 duntaxat
1322 2224 1451 2290 illorum

283 2335 458 2404 sententias
476 2335 632 2417 referam,
650 2355 790 2417 quorum
815 2351 847 2402 et
868 2335 983 2420 religio
1004 2334 1238 2420 spectatissima
1260 2350 1291 2402 et
1312 2336 1451 2402 eruditio

283 2447 357 2515 fuit.
404 2447 618 2534 Augustini⁰
653 2462 720 2512 est:
755 2445 885 2534 'Officia
933 2446 1103 2514 uindictae
1140 2461 1278 2533 possunt
1316 2447 1452 2533 implcrc

283 2541 358 2625 boni
398 2560 476 2624 banc
517 2563 650 2640 animo,
683 2558 837 2645 quomodo
868 2557 978 2642 judan
1001 2572 1032 2624 ct
1065 2558 1218 2646 quomado
1242 2559 1309 2626 lcx.
1354 2559 1451 2644 nJus-

284 2672 355 2755 dem
382 2669 414 2735 ⁷:
452 2671 531 2736 Non
552 2670 695 2755 frustra
726 2684 802 2735 sunt
832 2674 992 2734 instituta
1020 2683 1167 2756 potestas
1200 2675 1289 2757 ragis
1316 2685 1347 2735 ct
1378 2693 1451 2758 cog·

283 2787 404 2848 nitoris
424 2784 509 2868 jus,
552 2781 698 2868 ungulae
733 2777 926 2863 carnificis,
964 2801 1063 2845 arma
1099 2783 1240 2863 militis,
1273 2779 1451 2868 disciplina

282 2895 508 2973 dominantis,
532 2895 690 2961 seueritas
711 2896 811 2957 ctiam
835 2893 910 2958 boni
926 2897 1051 2978 patris.
1099 2892 1232 2958 Habent
1253 2898 1363 2958 omnia
1383 2895 1451 2958 ista

283 3006 412 3087 modos,
452 3026 593 3084 causas,
626 3008 795 3085 rationes,
831 3005 1008 3070 utilitates.
1064 3005 1155 3069 Haec
1187 3027 1259 3068 cum
1289 3007 1452 3092 timentur

283 3133 314 3184 ct
347 3120 430 3184 mali
458 3129 651 3182 coercantur
682 3130 713 3180 ct
751 3116 827 3180 boni
856 3119 963 3201 quieti
993 3120 1084 3181 intcr
1114 3116 1216 3181 malos
1232 3119 1363 3184 nitunt.
1409 3115 1452 3182 Et

265 3230 365 3296 illud
384 3231 417 3293 ⁸:
453 3227 603 3293 Ncccndi
634 3226 824 3313 cupiditas,
857 3227 1035 3293 ulciscendi
1064 3227 1271 3308 crudelitas,
1305 3231 1451 3313 impaca-

283 3356 336 3406 tus
374 3354 475 3425 atquc
510 3337 731 3424 implacabilis
769 3343 923 3419 animus,
962 3336 1091 3421 fcritas
1131 3337 1341 3418 rebellandi,
1376 3338 1451 3402 libi·

283 3451 322 3519 da
354 3451 547 3518 dominandi
575 3465 605 3515 ct
635 3455 664 3516 si
693 3472 760 3536 qua
792 3449 941 3530 similia,
973 3451 1052 3516 hacc
1083 3463 1160 3514 sunt
1191 3469 1276 3533 quac
1298 3453 1334 3514 in
1358 3449 1436 3514 balli

274 3565 356 3649 ju'rc
387 3563 594 3648 culpantur:
618 3583 703 3648 quac
724 3562 921 3646 plerumque
950 3574 988 3625 ut
1017 3563 1118 3626 ctiam
1130 3560 1213 3645 jura
1231 3564 1449 3646 puniantur,

282 3674 442 3767 aduersus
473 3674 648 3740 uiolentius
681 3677 903 3737 resistentium
934 3673 1021 3756 (sinc
1050 3671 1122 3736 Dco
1145 3676 1211 3740 siaa
1235 3672 1348 3758 aliquo
1370 3672 1448 3758 lagi-

283 3877 477 3890 ...-—-—--

315 3981 322 4012 ¹
343 3985 406 4030 Gen.
426 3994 465 4042 14.
486 3993 524 4036 15.
559 3976 569 4010 2
591 3981 673 4028 Exod.
698 3991 736 4036 17.
754 3993 777 4040 9.
795 3980 870 4028 Num.
889 3991 929 4035 ³1·
948 3991 971 4038 7.
989 3982 1052 4027 sam.
1073 3993 1094 4028 1.
1115 3992 1152 4037 17.
1170 3982 1211 4041 48.
1245 3977 1365 4027 ³Matth.
1384 3981 1406 4026 8.
1426 3980 1449 4026 8.

281 4085 306 4122 et
325 4087 365 4132 27.
382 4086 421 4134 54.
447 4073 643 4133 Marc.15.39.
669 4071 729 4118 Luc.
747 4081 770 4128 7.
788 4071 811 4119 6.
837 4069 951 4119 Act.1o.
971 4084 991 4118 1.
1018 4073 1293 4132 Act.29.17.e123.
1327 4066 1449 4117 ⁴Passim

281 4165 307 4214 in
329 4163 449 4213 Historiis
471 4162 613 4220 Francicis,
638 4161 794 4210 Germanicis
818 4173 843 4210 et
866 4161 969 4211 aliarum
991 4161 1111 4222 gentium.
1145 4160 1251 4210 ⁵Hebr.
1273 4173 1310 4209 11.
1328 4172 1368 4217 32.
1386 4161 1450 4208 adde

281 4259 375 4305 Chron.
398 4268 419 4303 1.
444 4267 466 4310 5.
494 4268 533 4302 20.
566 4252 695 4317 ⁶Quaest.
718 4254 814 4313 Evang.
838 4255 854 4300 l.
876 4267 896 4300 1.
920 4267 944 4313 q.
971 4266 1009 4301 10.
1036 4252 1103 4314 [vol.
1121 4263 1144 4310 3.
1167 4267 1193 4313 p.
1212 4265 1235 4301 o.
1251 4266 1278 4313 p.
1298 4251 1365 4312 175.]
1383 4251 1409 4298 in
1427 4264 1450 4299 c.

284 4360 321 4404 15.
340 4348 427 4409 [Dect.
446 4347 516 4393 Grat.
534 4359 560 4406 p.
579 4359 601 4393 2.
620 4357 660 4402 aa.
677 4344 712 4406 5.]
748 4342 820 4404 ⁷Ep.
839 4357 878 4407 54.
896 4346 927 4393 ad
944 4345 1045 4393 Maced
1061 4343 1087 4391 in
1106 4346 1130 4392 d.
1145 4358 1169 4404 q.
1185 4357 1208 4392 c.
1227 4355 1264 4400 17.
1284 4343 1371 4404 [Dect.
1382 4343 1450 4390 Grat.

280 4453 306 4500 p.
325 4453 347 4487 2.
366 4451 406 4495 23.
425 4439 462 4499 5.]
498 4436 509 4468 ⁸
527 4451 549 4485 c.
568 4425 649 4487 Faustss
667 4437 780 4486 Manich.
797 4439 814 4486 l.
832 4451 872 4486 αα.
890 4451 913 4487 c.
930 4449 971 4499 74.
990 4437 1056 4499 [vol.
1073 4439 1096 4485 8.
1109 4449 1135 4496 p.
1150 4435 1219 4496 287.]
1235 4434 1261 4482 in
1276 4447 1299 4483 c.
1313 4447 1338 4495 4.
1362 4433 1449 4494 [Dect.
1479 4417 1482 4429 ’

282 4534 352 4579 Grat.
367 4543 394 4591 p.
410 4543 433 4578 a.
452 4540 492 4585 23.
510 4527 545 4592 1.]
