<?xml version="1.0" encoding="UTF-8"?>
<!DOCTYPE html PUBLIC "-//W3C//DTD XHTML 1.0 Transitional//EN"
    "http://www.w3.org/TR/xhtml1/DTD/xhtml1-transitional.dtd">
<html xmlns="http://www.w3.org/1999/xhtml" xml:lang="en" lang="en">
 <head>
  <title>
</title>
<meta http-equiv="Content-Type" content="text/html;charset=utf-8" />
  <meta name='ocr-system' content='tesseract 3.04.00' />
  <meta name='ocr-capabilities' content='ocr_page ocr_carea ocr_par ocr_line ocrx_word'/>
</head>
<body>
  <div class='ocr_page' id='page_1' title='image "./ledroitdeprised00hamagoog_0143.png"; bbox 0 0 3552 5654; ppageno 0'>
   <div class='ocr_carea' id='block_1_1' title="bbox 535 693 1415 760">
    <p class='ocr_par' dir='ltr' id='par_1_1' title="bbox 535 693 1415 760">
     <span class='ocr_line' id='line_1_1' title="bbox 535 693 1415 760; baseline 0.001 -22"><span class='ocrx_word' id='word_1_1' title='bbox 535 693 582 738; x_wconf 86' lang='lat' dir='ltr'>DE</span> <span class='ocrx_word' id='word_1_2' title='bbox 606 693 699 760; x_wconf 88' lang='lat' dir='ltr'>JURE</span> <span class='ocrx_word' id='word_1_3' title='bbox 727 693 907 740; x_wconf 81' lang='lat' dir='ltr'>PRAEDAE.</span> <span class='ocrx_word' id='word_1_4' title='bbox 934 693 1012 738; x_wconf 88' lang='lat' dir='ltr'>CAP.</span> <span class='ocrx_word' id='word_1_5' title='bbox 1038 693 1116 738; x_wconf 91' lang='lat' dir='ltr'>Vlll.</span> <span class='ocrx_word' id='word_1_6' title='bbox 1359 693 1415 739; x_wconf 83' lang='lat'>121</span> 
     </span>
    </p>
   </div>
   <div class='ocr_carea' id='block_1_2' title="bbox 159 843 1421 1925">
    <p class='ocr_par' dir='ltr' id='par_1_2' title="bbox 159 843 1421 1925">
     <span class='ocr_line' id='line_1_2' title="bbox 244 843 1418 930; baseline -0.001 -19"><span class='ocrx_word' id='word_1_7' title='bbox 244 850 312 912; x_wconf 92' lang='lat' dir='ltr'>lum</span> <span class='ocrx_word' id='word_1_8' title='bbox 341 846 441 930; x_wconf 82' lang='lat' dir='ltr'><strong>gessit</strong></span> <span class='ocrx_word' id='word_1_9' title='bbox 472 846 557 911; x_wconf 90' lang='lat' dir='ltr'>bona</span> <span class='ocrx_word' id='word_1_10' title='bbox 589 846 680 929; x_wconf 86' lang='lat' dir='ltr'>fide,</span> <span class='ocrx_word' id='word_1_11' title='bbox 705 845 830 912; x_wconf 89' lang='lat' dir='ltr'>etiamsi</span> <span class='ocrx_word' id='word_1_12' title='bbox 853 860 968 928; x_wconf 86' lang='lat' dir='ltr'>postea</span> <span class='ocrx_word' id='word_1_13' title='bbox 991 846 1094 912; x_wconf 90' lang='lat' dir='ltr'>discat</span> <span class='ocrx_word' id='word_1_14' title='bbox 1116 846 1238 909; x_wconf 87' lang='lat' dir='ltr'>bellurn</span> <span class='ocrx_word' id='word_1_15' title='bbox 1261 843 1418 928; x_wconf 89' lang='lat' dir='ltr'>injustum</span> 
     </span>
     <span class='ocr_line' id='line_1_3' title="bbox 245 945 1419 1040; baseline 0.002 -20"><span class='ocrx_word' id='word_1_16' title='bbox 245 956 367 1040; x_wconf 89' lang='lat' dir='ltr'>fuisse,</span> <span class='ocrx_word' id='word_1_17' title='bbox 387 957 428 1024; x_wconf 90' lang='lat' dir='ltr'>ad</span> <span class='ocrx_word' id='word_1_18' title='bbox 444 945 692 1024; x_wconf 32' lang='lat' dir='ltr'>restitutionem*</span> <span class='ocrx_word' id='word_1_19' title='bbox 708 977 844 1038; x_wconf 89' lang='lat' dir='ltr'>eorum,</span> <span class='ocrx_word' id='word_1_20' title='bbox 865 977 947 1039; x_wconf 89' lang='lat' dir='ltr'>quae</span> <span class='ocrx_word' id='word_1_21' title='bbox 967 977 1006 1022; x_wconf 87' lang='lat' dir='ltr'>ex</span> <span class='ocrx_word' id='word_1_22' title='bbox 1028 955 1147 1040; x_wconf 87' lang='lat' dir='ltr'>praeda</span> <span class='ocrx_word' id='word_1_23' title='bbox 1169 956 1314 1038; x_wconf 88' lang='lat' dir='ltr'>obtinet,</span> <span class='ocrx_word' id='word_1_24' title='bbox 1326 958 1419 1023; x_wconf 91' lang='lat' dir='ltr'>nullo</span> 
     </span>
     <span class='ocr_line' id='line_1_4' title="bbox 159 1066 1419 1153; baseline -0.001 -20"><span class='ocrx_word' id='word_1_25' title='bbox 159 1141 166 1150; x_wconf 58' lang='grc'><em>,</em></span> <span class='ocrx_word' id='word_1_26' title='bbox 244 1070 342 1135; x_wconf 90' lang='lat' dir='ltr'>modo</span> <span class='ocrx_word' id='word_1_27' title='bbox 377 1068 537 1153; x_wconf 86' lang='lat' dir='ltr'>obligari:</span> <span class='ocrx_word' id='word_1_28' title='bbox 574 1068 665 1150; x_wconf 92' lang='lat' dir='ltr'>quod</span> <span class='ocrx_word' id='word_1_29' title='bbox 688 1068 773 1134; x_wconf 88' lang='lat' dir='ltr'>enirn</span> <span class='ocrx_word' id='word_1_30' title='bbox 797 1069 897 1133; x_wconf 89' lang='lat' dir='ltr'>semel</span> <span class='ocrx_word' id='word_1_31' title='bbox 919 1082 1006 1133; x_wconf 88' lang='lat' dir='ltr'>recte</span> <span class='ocrx_word' id='word_1_32' title='bbox 1029 1066 1108 1132; x_wconf 92' lang='lat' dir='ltr'>mihi</span> <span class='ocrx_word' id='word_1_33' title='bbox 1132 1066 1316 1149; x_wconf 89' lang='lat' dir='ltr'>quaesitum</span> <span class='ocrx_word' id='word_1_34' title='bbox 1347 1082 1419 1146; x_wconf 85' lang='lat' dir='ltr'>est,</span> 
     </span>
     <span class='ocr_line' id='line_1_5' title="bbox 245 1176 1420 1262; baseline 0 -19"><span class='ocrx_word' id='word_1_35' title='bbox 245 1179 278 1244; x_wconf 86' lang='lat' dir='ltr'>id</span> <span class='ocrx_word' id='word_1_36' title='bbox 299 1195 337 1244; x_wconf 90' lang='lat' dir='ltr'>ut</span> <span class='ocrx_word' id='word_1_37' title='bbox 355 1200 463 1244; x_wconf 90' lang='lat' dir='ltr'>meum</span> <span class='ocrx_word' id='word_1_38' title='bbox 487 1199 556 1245; x_wconf 90' lang='lat' dir='ltr'>esse</span> <span class='ocrx_word' id='word_1_39' title='bbox 578 1178 705 1246; x_wconf 83' lang='lat' dir='ltr'>desinat</span> <span class='ocrx_word' id='word_1_40' title='bbox 735 1177 798 1244; x_wconf 90' lang='lat' dir='ltr'>nisi</span> <span class='ocrx_word' id='word_1_41' title='bbox 822 1176 911 1244; x_wconf 89' lang='lat' dir='ltr'>facto</span> <span class='ocrx_word' id='word_1_42' title='bbox 944 1198 1018 1244; x_wconf 91' lang='lat' dir='ltr'>meo</span> <span class='ocrx_word' id='word_1_43' title='bbox 1050 1176 1238 1262; x_wconf 84' lang='lat' dir='ltr'>contingere</span> <span class='ocrx_word' id='word_1_44' title='bbox 1269 1195 1335 1244; x_wconf 91' lang='lat' dir='ltr'>non</span> <span class='ocrx_word' id='word_1_45' title='bbox 1360 1198 1420 1261; x_wconf 90' lang='lat' dir='ltr'>po·</span> 
     </span>
     <span class='ocr_line' id='line_1_6' title="bbox 245 1287 1421 1372; baseline 0.001 -19"><span class='ocrx_word' id='word_1_46' title='bbox 245 1304 308 1354; x_wconf 88' lang='lat' dir='ltr'>test</span> <span class='ocrx_word' id='word_1_47' title='bbox 328 1294 350 1356; x_wconf 87' lang='lat'>¹.</span> <span class='ocrx_word' id='word_1_48' title='bbox 378 1289 444 1354; x_wconf 91' lang='lat' dir='ltr'>Cui</span> <span class='ocrx_word' id='word_1_49' title='bbox 467 1288 573 1355; x_wconf 90' lang='lat' dir='ltr'>simile</span> <span class='ocrx_word' id='word_1_50' title='bbox 594 1304 667 1370; x_wconf 91' lang='lat' dir='ltr'>est,</span> <span class='ocrx_word' id='word_1_51' title='bbox 690 1288 780 1372; x_wconf 88' lang='lat' dir='ltr'>quod</span> <span class='ocrx_word' id='word_1_52' title='bbox 799 1289 904 1354; x_wconf 90' lang='lat' dir='ltr'>bonae</span> <span class='ocrx_word' id='word_1_53' title='bbox 927 1287 1003 1354; x_wconf 91' lang='lat' dir='ltr'>fidei</span> <span class='ocrx_word' id='word_1_54' title='bbox 1022 1307 1190 1371; x_wconf 88' lang='lat' dir='ltr'>possessor</span> <span class='ocrx_word' id='word_1_55' title='bbox 1201 1287 1329 1354; x_wconf 87' lang='lat' dir='ltr'>fructus</span> <span class='ocrx_word' id='word_1_56' title='bbox 1341 1306 1421 1354; x_wconf 90' lang='lat' dir='ltr'>suos</span> 
     </span>
     <span class='ocr_line' id='line_1_7' title="bbox 244 1395 1418 1482; baseline 0 -18"><span class='ocrx_word' id='word_1_57' title='bbox 244 1399 323 1465; x_wconf 89' lang='lat' dir='ltr'>facit</span> <span class='ocrx_word' id='word_1_58' title='bbox 341 1395 379 1480; x_wconf 85' lang='lat'>.²,</span> <span class='ocrx_word' id='word_1_59' title='bbox 414 1399 473 1482; x_wconf 90' lang='lat' dir='ltr'>qui</span> <span class='ocrx_word' id='word_1_60' title='bbox 504 1399 694 1464; x_wconf 84' lang='lat' dir='ltr'>naturaliter</span> <span class='ocrx_word' id='word_1_61' title='bbox 725 1413 832 1464; x_wconf 87' lang='lat' dir='ltr'><strong>essent</strong></span> <span class='ocrx_word' id='word_1_62' title='bbox 862 1398 932 1466; x_wconf 82' lang='lat' dir='ltr'>veri</span> <span class='ocrx_word' id='word_1_63' title='bbox 968 1398 1117 1480; x_wconf 89' lang='lat' dir='ltr'>domini,</span> <span class='ocrx_word' id='word_1_64' title='bbox 1148 1412 1181 1463; x_wconf 91' lang='lat' dir='ltr'>et</span> <span class='ocrx_word' id='word_1_65' title='bbox 1209 1398 1234 1465; x_wconf 87' lang='lat' dir='ltr'>si</span> <span class='ocrx_word' id='word_1_66' title='bbox 1256 1399 1333 1481; x_wconf 91' lang='lat' dir='ltr'>quis</span> <span class='ocrx_word' id='word_1_67' title='bbox 1352 1419 1418 1465; x_wconf 91' lang='lat' dir='ltr'>rem</span> 
     </span>
     <span class='ocr_line' id='line_1_8' title="bbox 245 1507 1420 1593; baseline 0.002 -19"><span class='ocrx_word' id='word_1_68' title='bbox 245 1511 379 1576; x_wconf 90' lang='lat' dir='ltr'>alienam</span> <span class='ocrx_word' id='word_1_69' title='bbox 396 1511 482 1582; x_wconf 89' lang='lat' dir='ltr'>bona</span> <span class='ocrx_word' id='word_1_70' title='bbox 500 1509 564 1576; x_wconf 91' lang='lat' dir='ltr'>fide</span> <span class='ocrx_word' id='word_1_71' title='bbox 580 1509 753 1592; x_wconf 89' lang='lat' dir='ltr'>usucepit,</span> <span class='ocrx_word' id='word_1_72' title='bbox 775 1509 803 1576; x_wconf 91' lang='lat' dir='ltr'>is</span> <span class='ocrx_word' id='word_1_73' title='bbox 820 1509 931 1593; x_wconf 82' lang='lat' dir='ltr'>justus</span> <span class='ocrx_word' id='word_1_74' title='bbox 953 1507 991 1574; x_wconf 91' lang='lat' dir='ltr'>fit</span> <span class='ocrx_word' id='word_1_75' title='bbox 1014 1509 1190 1590; x_wconf 90' lang='lat' dir='ltr'>dominus,</span> <span class='ocrx_word' id='word_1_76' title='bbox 1213 1530 1279 1575; x_wconf 90' lang='lat' dir='ltr'>non</span> <span class='ocrx_word' id='word_1_77' title='bbox 1299 1509 1376 1592; x_wconf 86' lang='lat' dir='ltr'>quia</span> <span class='ocrx_word' id='word_1_78' title='bbox 1386 1509 1420 1576; x_wconf 94' lang='lat' dir='ltr'>in</span> 
     </span>
     <span class='ocr_line' id='line_1_9' title="bbox 244 1619 1420 1704; baseline -0.001 -18"><span class='ocrx_word' id='word_1_79' title='bbox 244 1636 389 1704; x_wconf 88' lang='lat' dir='ltr'>tempore</span> <span class='ocrx_word' id='word_1_80' title='bbox 422 1621 475 1686; x_wconf 92' lang='lat' dir='ltr'>vis</span> <span class='ocrx_word' id='word_1_81' title='bbox 505 1622 571 1687; x_wconf 90' lang='lat' dir='ltr'>ulla</span> <span class='ocrx_word' id='word_1_82' title='bbox 606 1635 656 1686; x_wconf 89' lang='lat' dir='ltr'>est</span> <span class='ocrx_word' id='word_1_83' title='bbox 678 1620 814 1686; x_wconf 91' lang='lat' dir='ltr'>dominii</span> <span class='ocrx_word' id='word_1_84' title='bbox 838 1620 1032 1704; x_wconf 83' lang='lat' dir='ltr'>adjiciendi,</span> <span class='ocrx_word' id='word_1_85' title='bbox 1057 1621 1114 1686; x_wconf 89' lang='lat' dir='ltr'>sed</span> <span class='ocrx_word' id='word_1_86' title='bbox 1138 1620 1216 1702; x_wconf 83' lang='lat' dir='ltr'>quia</span> <span class='ocrx_word' id='word_1_87' title='bbox 1235 1622 1288 1686; x_wconf 86' lang='lat' dir='ltr'>lex</span> <span class='ocrx_word' id='word_1_88' title='bbox 1310 1619 1420 1686; x_wconf 89' lang='lat' dir='ltr'>civilis</span> 
     </span>
     <span class='ocr_line' id='line_1_10' title="bbox 241 1730 1419 1816; baseline -0.002 -20"><span class='ocrx_word' id='word_1_89' title='bbox 241 1733 297 1816; x_wconf 86' lang='lat' dir='ltr'>jus</span> <span class='ocrx_word' id='word_1_90' title='bbox 316 1731 395 1798; x_wconf 88' lang='lat' dir='ltr'>facit</span> <span class='ocrx_word' id='word_1_91' title='bbox 414 1737 450 1811; x_wconf 75' lang='lat'>³,</span> <span class='ocrx_word' id='word_1_92' title='bbox 474 1751 539 1813; x_wconf 91' lang='lat' dir='ltr'>qua</span> <span class='ocrx_word' id='word_1_93' title='bbox 562 1731 590 1796; x_wconf 92' lang='lat' dir='ltr'>si</span> <span class='ocrx_word' id='word_1_94' title='bbox 614 1731 690 1815; x_wconf 91' lang='lat' dir='ltr'>quis</span> <span class='ocrx_word' id='word_1_95' title='bbox 720 1731 845 1812; x_wconf 90' lang='lat' dir='ltr'>utitur,</span> <span class='ocrx_word' id='word_1_96' title='bbox 869 1731 1014 1814; x_wconf 90' lang='lat' dir='ltr'>injustus</span> <span class='ocrx_word' id='word_1_97' title='bbox 1045 1746 1101 1798; x_wconf 90' lang='lat' dir='ltr'>aut</span> <span class='ocrx_word' id='word_1_98' title='bbox 1128 1730 1332 1816; x_wconf 86' lang='lat' dir='ltr'>irreligiosus</span> <span class='ocrx_word' id='word_1_99' title='bbox 1355 1731 1419 1796; x_wconf 84' lang='lat' dir='ltr'>dici</span> 
     </span>
     <span class='ocr_line' id='line_1_11' title="bbox 245 1839 1420 1925; baseline 0.001 -20"><span class='ocrx_word' id='word_1_100' title='bbox 245 1861 310 1906; x_wconf 91' lang='lat' dir='ltr'>non</span> <span class='ocrx_word' id='word_1_101' title='bbox 342 1856 468 1925; x_wconf 89' lang='lat' dir='ltr'>potest:</span> <span class='ocrx_word' id='word_1_102' title='bbox 493 1841 573 1906; x_wconf 90' lang='lat' dir='ltr'>adeo</span> <span class='ocrx_word' id='word_1_103' title='bbox 597 1841 728 1924; x_wconf 92' lang='lat' dir='ltr'>quidem</span> <span class='ocrx_word' id='word_1_104' title='bbox 758 1855 796 1908; x_wconf 94' lang='lat' dir='ltr'>ut</span> <span class='ocrx_word' id='word_1_105' title='bbox 817 1862 835 1906; x_wconf 89' lang='lat' dir='ltr'>a</span> <span class='ocrx_word' id='word_1_106' title='bbox 858 1841 1024 1925; x_wconf 87' lang='lat' dir='ltr'>plerisque</span> <span class='ocrx_word' id='word_1_107' title='bbox 1047 1839 1162 1908; x_wconf 74' lang='lat' dir='ltr'>‘recte</span> <span class='ocrx_word' id='word_1_108' title='bbox 1184 1841 1339 1908; x_wconf 89' lang='lat' dir='ltr'>traditum</span> <span class='ocrx_word' id='word_1_109' title='bbox 1358 1861 1420 1924; x_wconf 92' lang='lat' dir='ltr'>pu·</span> 
     </span>
    </p>
   </div>
   <div class='ocr_carea' id='block_1_3' title="bbox 245 1952 1517 2037">
    <p class='ocr_par' dir='ltr' id='par_1_3' title="bbox 245 1952 1517 2037">
     <span class='ocr_line' id='line_1_12' title="bbox 245 1952 1517 2037; baseline 0 -19"><span class='ocrx_word' id='word_1_110' title='bbox 245 1967 307 2018; x_wconf 91' lang='lat' dir='ltr'>tem</span> <span class='ocrx_word' id='word_1_111' title='bbox 333 1973 428 2032; x_wconf 89' lang='lat' dir='ltr'>eum,</span> <span class='ocrx_word' id='word_1_112' title='bbox 453 1953 511 2035; x_wconf 93' lang='lat' dir='ltr'>qui</span> <span class='ocrx_word' id='word_1_113' title='bbox 533 1952 706 2018; x_wconf 89' lang='lat' dir='ltr'>bonafide</span> <span class='ocrx_word' id='word_1_114' title='bbox 729 1953 997 2036; x_wconf 82' lang='lat' dir='ltr'>praescriptionis</span> <span class='ocrx_word' id='word_1_115' title='bbox 1018 1968 1162 2036; x_wconf 91' lang='lat' dir='ltr'>tempora</span> <span class='ocrx_word' id='word_1_116' title='bbox 1181 1952 1354 2037; x_wconf 88' lang='lat' dir='ltr'>implevit,</span> <span class='ocrx_word' id='word_1_117' title='bbox 1378 1971 1418 2018; x_wconf 85' lang='lat' dir='ltr'>ex</span> <span class='ocrx_word' id='word_1_118' title='bbox 1514 2013 1517 2018; x_wconf 88' lang='lat'>.</span> 
     </span>
    </p>
   </div>
   <div class='ocr_carea' id='block_1_4' title="bbox 242 2062 1420 3917">
    <p class='ocr_par' dir='ltr' id='par_1_4' title="bbox 242 2062 1420 3917">
     <span class='ocr_line' id='line_1_13' title="bbox 245 2062 1418 2148; baseline -0.002 -19"><span class='ocrx_word' id='word_1_119' title='bbox 245 2065 326 2130; x_wconf 89' lang='lat' dir='ltr'>mala</span> <span class='ocrx_word' id='word_1_120' title='bbox 359 2063 424 2130; x_wconf 79' lang='lat' dir='ltr'>fide</span> <span class='ocrx_word' id='word_1_121' title='bbox 444 2063 596 2146; x_wconf 86' lang='lat' dir='ltr'>sequenti</span> <span class='ocrx_word' id='word_1_122' title='bbox 616 2063 658 2129; x_wconf 94' lang='lat' dir='ltr'>ad</span> <span class='ocrx_word' id='word_1_123' title='bbox 677 2062 918 2130; x_wconf 89' lang='lat' dir='ltr'>restitutionem</span> <span class='ocrx_word' id='word_1_124' title='bbox 943 2083 984 2129; x_wconf 90' lang='lat' dir='ltr'>ne</span> <span class='ocrx_word' id='word_1_125' title='bbox 1007 2065 1040 2129; x_wconf 91' lang='lat' dir='ltr'>in</span> <span class='ocrx_word' id='word_1_126' title='bbox 1062 2063 1263 2130; x_wconf 87' lang='lat' dir='ltr'>conscientia</span> <span class='ocrx_word' id='word_1_127' title='bbox 1285 2063 1418 2148; x_wconf 91' lang='lat' dir='ltr'>quidem</span> 
     </span>
     <span class='ocr_line' id='line_1_14' title="bbox 244 2173 1419 2262; baseline -0.002 -22"><span class='ocrx_word' id='word_1_128' title='bbox 244 2174 401 2259; x_wconf 84' lang='lat' dir='ltr'>obligari:</span> <span class='ocrx_word' id='word_1_129' title='bbox 423 2176 488 2260; x_wconf 86' lang='lat' dir='ltr'>jam</span> <span class='ocrx_word' id='word_1_130' title='bbox 518 2174 603 2240; x_wconf 90' lang='lat' dir='ltr'>enirn</span> <span class='ocrx_word' id='word_1_131' title='bbox 635 2193 675 2240; x_wconf 88' lang='lat' dir='ltr'>ex</span> <span class='ocrx_word' id='word_1_132' title='bbox 709 2175 781 2258; x_wconf 83' lang='lat' dir='ltr'>lege</span> <span class='ocrx_word' id='word_1_133' title='bbox 813 2173 994 2241; x_wconf 89' lang='lat' dir='ltr'>dominium</span> <span class='ocrx_word' id='word_1_134' title='bbox 1017 2175 1117 2242; x_wconf 87' lang='lat' dir='ltr'>habet</span> <span class='ocrx_word' id='word_1_135' title='bbox 1136 2179 1159 2240; x_wconf 79' lang='lat'>⁵.</span> <span class='ocrx_word' id='word_1_136' title='bbox 1193 2175 1294 2262; x_wconf 90' lang='lat' dir='ltr'>Quod</span> <span class='ocrx_word' id='word_1_137' title='bbox 1312 2188 1419 2240; x_wconf 90' lang='lat' dir='ltr'>autem</span> 
     </span>
     <span class='ocr_line' id='line_1_15' title="bbox 243 2281 1420 2370; baseline -0.001 -21"><span class='ocrx_word' id='word_1_138' title='bbox 243 2285 347 2370; x_wconf 80' lang='lat' dir='ltr'>Ayala</span> <span class='ocrx_word' id='word_1_139' title='bbox 381 2286 550 2368; x_wconf 90' lang='lat' dir='ltr'>Hispanus</span> <span class='ocrx_word' id='word_1_140' title='bbox 574 2281 587 2316; x_wconf 78' lang='lat'>⁶</span> <span class='ocrx_word' id='word_1_141' title='bbox 609 2283 740 2364; x_wconf 90' lang='lat' dir='ltr'>voluit,</span> <span class='ocrx_word' id='word_1_142' title='bbox 774 2284 870 2350; x_wconf 88' lang='lat' dir='ltr'>etiam</span> <span class='ocrx_word' id='word_1_143' title='bbox 910 2305 985 2354; x_wconf 89' lang='lat' dir='ltr'>cum</span> <span class='ocrx_word' id='word_1_144' title='bbox 1026 2284 1155 2366; x_wconf 91' lang='lat' dir='ltr'>liquido</span> <span class='ocrx_word' id='word_1_145' title='bbox 1190 2285 1230 2350; x_wconf 88' lang='lat' dir='ltr'>de</span> <span class='ocrx_word' id='word_1_146' title='bbox 1258 2283 1420 2368; x_wconf 86' lang='lat' dir='ltr'>injustitia</span> 
     </span>
     <span class='ocr_line' id='line_1_16' title="bbox 244 2394 1419 2478; baseline -0.001 -17"><span class='ocrx_word' id='word_1_147' title='bbox 244 2396 321 2462; x_wconf 89' lang='lat' dir='ltr'>belli</span> <span class='ocrx_word' id='word_1_148' title='bbox 345 2410 500 2476; x_wconf 90' lang='lat' dir='ltr'>constat,</span> <span class='ocrx_word' id='word_1_149' title='bbox 526 2409 619 2478; x_wconf 90' lang='lat' dir='ltr'>capta</span> <span class='ocrx_word' id='word_1_150' title='bbox 641 2409 748 2460; x_wconf 89' lang='lat' dir='ltr'>tamen</span> <span class='ocrx_word' id='word_1_151' title='bbox 770 2394 918 2477; x_wconf 90' lang='lat' dir='ltr'>acquiri,</span> <span class='ocrx_word' id='word_1_152' title='bbox 938 2394 973 2460; x_wconf 93' lang='lat' dir='ltr'>id</span> <span class='ocrx_word' id='word_1_153' title='bbox 991 2394 1071 2460; x_wconf 83' lang='lat' dir='ltr'>milri</span> <span class='ocrx_word' id='word_1_154' title='bbox 1097 2395 1188 2460; x_wconf 91' lang='lat' dir='ltr'>nullo</span> <span class='ocrx_word' id='word_1_155' title='bbox 1212 2394 1310 2460; x_wconf 93' lang='lat' dir='ltr'>modo</span> <span class='ocrx_word' id='word_1_156' title='bbox 1341 2413 1419 2476; x_wconf 92' lang='lat' dir='ltr'>pro·</span> 
     </span>
     <span class='ocr_line' id='line_1_17' title="bbox 243 2504 1417 2591; baseline -0.002 -20"><span class='ocrx_word' id='word_1_157' title='bbox 243 2506 312 2571; x_wconf 90' lang='lat' dir='ltr'>bari</span> <span class='ocrx_word' id='word_1_158' title='bbox 333 2521 459 2588; x_wconf 84' lang='lat' dir='ltr'>potest:</span> <span class='ocrx_word' id='word_1_159' title='bbox 484 2525 556 2570; x_wconf 89' lang='lat' dir='ltr'>nam</span> <span class='ocrx_word' id='word_1_160' title='bbox 579 2525 640 2571; x_wconf 90' lang='lat' dir='ltr'>nec</span> <span class='ocrx_word' id='word_1_161' title='bbox 662 2525 733 2571; x_wconf 89' lang='lat' dir='ltr'>esse</span> <span class='ocrx_word' id='word_1_162' title='bbox 756 2507 859 2591; x_wconf 83' lang='lat' dir='ltr'>legem</span> <span class='ocrx_word' id='word_1_163' title='bbox 892 2525 956 2588; x_wconf 92' lang='lat' dir='ltr'>qua</span> <span class='ocrx_word' id='word_1_164' title='bbox 985 2506 1049 2571; x_wconf 87' lang='lat' dir='ltr'>hoc</span> <span class='ocrx_word' id='word_1_165' title='bbox 1078 2504 1300 2572; x_wconf 85' lang='lat' dir='ltr'>introductum</span> <span class='ocrx_word' id='word_1_166' title='bbox 1322 2504 1366 2571; x_wconf 92' lang='lat' dir='ltr'>sit</span> <span class='ocrx_word' id='word_1_167' title='bbox 1382 2504 1417 2587; x_wconf 78' lang='lat'>⁷,</span> 
     </span>
     <span class='ocr_line' id='line_1_18' title="bbox 245 2615 1418 2701; baseline -0.001 -21"><span class='ocrx_word' id='word_1_168' title='bbox 245 2636 352 2696; x_wconf 84' lang='lat' dir='ltr'>neque</span> <span class='ocrx_word' id='word_1_169' title='bbox 375 2616 402 2683; x_wconf 93' lang='lat' dir='ltr'>si</span> <span class='ocrx_word' id='word_1_170' title='bbox 421 2615 507 2682; x_wconf 82' lang='lat' dir='ltr'>soret</span> <span class='ocrx_word' id='word_1_171' title='bbox 524 2617 724 2682; x_wconf 87' lang='lat' dir='ltr'>tolerandam</span> <span class='ocrx_word' id='word_1_172' title='bbox 751 2631 832 2701; x_wconf 91' lang='lat' dir='ltr'>puto</span> <span class='ocrx_word' id='word_1_173' title='bbox 858 2619 1006 2699; x_wconf 85' lang='lat' dir='ltr'>exemplo</span> <span class='ocrx_word' id='word_1_174' title='bbox 1028 2616 1187 2698; x_wconf 90' lang='lat' dir='ltr'>aliarum,</span> <span class='ocrx_word' id='word_1_175' title='bbox 1210 2635 1293 2699; x_wconf 90' lang='lat' dir='ltr'>quae</span> <span class='ocrx_word' id='word_1_176' title='bbox 1327 2635 1418 2698; x_wconf 88' lang='lat' dir='ltr'>prae·</span> 
     </span>
     <span class='ocr_line' id='line_1_19' title="bbox 245 2725 1418 2812; baseline -0.002 -20"><span class='ocrx_word' id='word_1_177' title='bbox 245 2726 387 2792; x_wconf 89' lang='lat' dir='ltr'>donibus</span> <span class='ocrx_word' id='word_1_178' title='bbox 407 2725 540 2804; x_wconf 88' lang='lat' dir='ltr'>favent,</span> <span class='ocrx_word' id='word_1_179' title='bbox 565 2746 639 2792; x_wconf 87' lang='lat' dir='ltr'>cunr</span> <span class='ocrx_word' id='word_1_180' title='bbox 674 2741 706 2791; x_wconf 91' lang='lat' dir='ltr'>et</span> <span class='ocrx_word' id='word_1_181' title='bbox 733 2725 857 2792; x_wconf 89' lang='lat' dir='ltr'>ratione</span> <span class='ocrx_word' id='word_1_182' title='bbox 885 2728 975 2792; x_wconf 89' lang='lat' dir='ltr'>nulla</span> <span class='ocrx_word' id='word_1_183' title='bbox 1006 2726 1128 2812; x_wconf 86' lang='lat' dir='ltr'>nitatur</span> <span class='ocrx_word' id='word_1_184' title='bbox 1153 2742 1185 2792; x_wconf 91' lang='lat' dir='ltr'>et</span> <span class='ocrx_word' id='word_1_185' title='bbox 1216 2727 1258 2792; x_wconf 92' lang='lat' dir='ltr'>ad</span> <span class='ocrx_word' id='word_1_186' title='bbox 1280 2745 1418 2808; x_wconf 88' lang='lat' dir='ltr'>peccan-</span> 
     </span>
     <span class='ocr_line' id='line_1_20' title="bbox 245 2835 1419 2921; baseline 0 -21"><span class='ocrx_word' id='word_1_187' title='bbox 245 2837 322 2901; x_wconf 91' lang='lat' dir='ltr'>dum</span> <span class='ocrx_word' id='word_1_188' title='bbox 356 2836 503 2903; x_wconf 90' lang='lat' dir='ltr'>homines</span> <span class='ocrx_word' id='word_1_189' title='bbox 527 2837 654 2903; x_wconf 90' lang='lat' dir='ltr'>invitet.</span> <span class='ocrx_word' id='word_1_190' title='bbox 699 2838 787 2904; x_wconf 90' lang='lat' dir='ltr'>Inter</span> <span class='ocrx_word' id='word_1_191' title='bbox 815 2837 980 2921; x_wconf 84' lang='lat' dir='ltr'>legitimos</span> <span class='ocrx_word' id='word_1_192' title='bbox 1000 2837 1102 2921; x_wconf 87' lang='lat' dir='ltr'>igitur</span> <span class='ocrx_word' id='word_1_193' title='bbox 1131 2837 1242 2902; x_wconf 87' lang='lat' dir='ltr'>hostes</span> <span class='ocrx_word' id='word_1_194' title='bbox 1262 2838 1336 2921; x_wconf 84' lang='lat' dir='ltr'>jura</span> <span class='ocrx_word' id='word_1_195' title='bbox 1356 2835 1419 2900; x_wconf 86' lang='lat' dir='ltr'>ista</span> 
     </span>
     <span class='ocr_line' id='line_1_21' title="bbox 244 2939 1417 3032; baseline -0.001 -20"><span class='ocrx_word' id='word_1_196' title='bbox 244 2947 413 3025; x_wconf 85' lang='lat' dir='ltr'>obtinent,</span> <span class='ocrx_word' id='word_1_197' title='bbox 438 2961 475 3012; x_wconf 91' lang='lat' dir='ltr'>ut</span> <span class='ocrx_word' id='word_1_198' title='bbox 496 2947 529 3012; x_wconf 91' lang='lat' dir='ltr'>in</span> <span class='ocrx_word' id='word_1_199' title='bbox 552 2946 787 3014; x_wconf 91' lang='lat' dir='ltr'>constitutione</span> <span class='ocrx_word' id='word_1_200' title='bbox 806 2939 917 3013; x_wconf 85' lang='lat' dir='ltr'>Severi</span> <span class='ocrx_word' id='word_1_201' title='bbox 940 2949 951 2984; x_wconf 81' lang='lat'>⁸</span> <span class='ocrx_word' id='word_1_202' title='bbox 975 2948 1185 3032; x_wconf 82' lang='lat' dir='ltr'>exprimitur:</span> <span class='ocrx_word' id='word_1_203' title='bbox 1212 2947 1287 3012; x_wconf 89' lang='lat' dir='ltr'>illos</span> <span class='ocrx_word' id='word_1_204' title='bbox 1309 2959 1417 3012; x_wconf 88' lang='lat' dir='ltr'>autem</span> 
     </span>
     <span class='ocr_line' id='line_1_22' title="bbox 243 3055 1418 3142; baseline 0.002 -20"><span class='ocrx_word' id='word_1_205' title='bbox 243 3058 407 3142; x_wconf 86' lang='lat' dir='ltr'>legitimos</span> <span class='ocrx_word' id='word_1_206' title='bbox 431 3057 501 3123; x_wconf 87' lang='lat' dir='ltr'>sive</span> <span class='ocrx_word' id='word_1_207' title='bbox 528 3059 637 3142; x_wconf 73' lang='lat' dir='ltr'>iustos</span> <span class='ocrx_word' id='word_1_208' title='bbox 668 3077 738 3125; x_wconf 89' lang='lat' dir='ltr'>esse</span> <span class='ocrx_word' id='word_1_209' title='bbox 766 3058 908 3123; x_wconf 84' lang='lat' dir='ltr'>diximus</span> <span class='ocrx_word' id='word_1_210' title='bbox 928 3055 959 3133; x_wconf 79' lang='lat'>⁹,</span> <span class='ocrx_word' id='word_1_211' title='bbox 985 3058 1045 3141; x_wconf 91' lang='lat' dir='ltr'>qui</span> <span class='ocrx_word' id='word_1_212' title='bbox 1072 3058 1274 3142; x_wconf 90' lang='lat' dir='ltr'>probabilem</span> <span class='ocrx_word' id='word_1_213' title='bbox 1300 3057 1418 3142; x_wconf 85' lang='lat' dir='ltr'>magis-</span> 
     </span>
     <span class='ocr_line' id='line_1_23' title="bbox 242 3167 1417 3251; baseline 0 -18"><span class='ocrx_word' id='word_1_214' title='bbox 242 3182 385 3234; x_wconf 90' lang='lat' dir='ltr'>tratuum</span> <span class='ocrx_word' id='word_1_215' title='bbox 409 3167 635 3234; x_wconf 89' lang='lat' dir='ltr'>auctoritatem</span> <span class='ocrx_word' id='word_1_216' title='bbox 658 3184 862 3251; x_wconf 89' lang='lat' dir='ltr'>sequuntur:</span> <span class='ocrx_word' id='word_1_217' title='bbox 886 3183 1030 3235; x_wconf 91' lang='lat' dir='ltr'>caeteros</span> <span class='ocrx_word' id='word_1_218' title='bbox 1051 3185 1157 3236; x_wconf 90' lang='lat' dir='ltr'>autern</span> <span class='ocrx_word' id='word_1_219' title='bbox 1176 3169 1260 3236; x_wconf 91' lang='lat' dir='ltr'>nihil</span> <span class='ocrx_word' id='word_1_220' title='bbox 1281 3189 1299 3234; x_wconf 88' lang='lat' dir='ltr'>a</span> <span class='ocrx_word' id='word_1_221' title='bbox 1318 3170 1417 3234; x_wconf 92' lang='lat' dir='ltr'>latro·</span> 
     </span>
     <span class='ocr_line' id='line_1_24' title="bbox 243 3279 1417 3364; baseline 0.001 -20"><span class='ocrx_word' id='word_1_222' title='bbox 243 3279 341 3345; x_wconf 89' lang='lat' dir='ltr'>nibus</span> <span class='ocrx_word' id='word_1_223' title='bbox 371 3279 501 3345; x_wconf 86' lang='lat' dir='ltr'>differre</span> <span class='ocrx_word' id='word_1_224' title='bbox 522 3279 572 3362; x_wconf 86' lang='lat'>¹⁰,</span> <span class='ocrx_word' id='word_1_225' title='bbox 607 3280 770 3361; x_wconf 88' lang='lat' dir='ltr'>aquibus</span> <span class='ocrx_word' id='word_1_226' title='bbox 791 3296 884 3364; x_wconf 89' lang='lat' dir='ltr'>capta</span> <span class='ocrx_word' id='word_1_227' title='bbox 914 3279 1081 3347; x_wconf 91' lang='lat' dir='ltr'>dominum</span> <span class='ocrx_word' id='word_1_228' title='bbox 1114 3300 1181 3347; x_wconf 91' lang='lat' dir='ltr'>non</span> <span class='ocrx_word' id='word_1_229' title='bbox 1208 3295 1335 3346; x_wconf 88' lang='lat' dir='ltr'>mutant</span> <span class='ocrx_word' id='word_1_230' title='bbox 1356 3300 1417 3346; x_wconf 90' lang='lat' dir='ltr'>nec</span> 
     </span>
     <span class='ocr_line' id='line_1_25' title="bbox 243 3390 1418 3478; baseline -0.002 -21"><span class='ocrx_word' id='word_1_231' title='bbox 243 3391 446 3474; x_wconf 89' lang='lat' dir='ltr'>postliminio</span> <span class='ocrx_word' id='word_1_232' title='bbox 467 3391 616 3476; x_wconf 86' lang='lat' dir='ltr'>indigent</span> <span class='ocrx_word' id='word_1_233' title='bbox 638 3393 675 3456; x_wconf 87' lang='lat'>¹¹.</span> <span class='ocrx_word' id='word_1_234' title='bbox 721 3391 832 3478; x_wconf 88' lang='lat' dir='ltr'>Quare</span> <span class='ocrx_word' id='word_1_235' title='bbox 856 3411 930 3457; x_wconf 87' lang='lat' dir='ltr'>cunr</span> <span class='ocrx_word' id='word_1_236' title='bbox 955 3390 988 3458; x_wconf 91' lang='lat' dir='ltr'>in</span> <span class='ocrx_word' id='word_1_237' title='bbox 1009 3392 1097 3459; x_wconf 91' lang='lat' dir='ltr'>bello</span> <span class='ocrx_word' id='word_1_238' title='bbox 1121 3390 1210 3458; x_wconf 90' lang='lat' dir='ltr'>civili</span> <span class='ocrx_word' id='word_1_239' title='bbox 1232 3391 1291 3457; x_wconf 89' lang='lat' dir='ltr'>vix</span> <span class='ocrx_word' id='word_1_240' title='bbox 1312 3391 1418 3474; x_wconf 87' lang='lat' dir='ltr'>possit</span> 
     </span>
     <span class='ocr_line' id='line_1_26' title="bbox 244 3502 1417 3586; baseline 0.003 -20"><span class='ocrx_word' id='word_1_241' title='bbox 244 3503 409 3584; x_wconf 88' lang='lat' dir='ltr'>utrimque</span> <span class='ocrx_word' id='word_1_242' title='bbox 433 3502 621 3586; x_wconf 84' lang='lat' dir='ltr'>contingere</span> <span class='ocrx_word' id='word_1_243' title='bbox 658 3522 761 3585; x_wconf 88' lang='lat' dir='ltr'>aequa</span> <span class='ocrx_word' id='word_1_244' title='bbox 796 3503 994 3582; x_wconf 85' lang='lat' dir='ltr'>auctoritas,</span> <span class='ocrx_word' id='word_1_245' title='bbox 1028 3503 1226 3584; x_wconf 90' lang='lat' dir='ltr'>autetiam,</span> <span class='ocrx_word' id='word_1_246' title='bbox 1251 3503 1417 3585; x_wconf 90' lang='lat' dir='ltr'>quianon</span> 
     </span>
     <span class='ocr_line' id='line_1_27' title="bbox 245 3611 1417 3696; baseline 0.002 -20"><span class='ocrx_word' id='word_1_247' title='bbox 245 3631 283 3676; x_wconf 92' lang='lat' dir='ltr'>eo</span> <span class='ocrx_word' id='word_1_248' title='bbox 306 3613 406 3678; x_wconf 89' lang='lat' dir='ltr'>modo</span> <span class='ocrx_word' id='word_1_249' title='bbox 426 3611 518 3677; x_wconf 82' lang='lat' dir='ltr'>cives</span> <span class='ocrx_word' id='word_1_250' title='bbox 529 3660 541 3693; x_wconf 90' lang='lat'>,</span> <span class='ocrx_word' id='word_1_251' title='bbox 567 3632 633 3694; x_wconf 92' lang='lat' dir='ltr'>quo</span> <span class='ocrx_word' id='word_1_252' title='bbox 657 3613 859 3696; x_wconf 82' lang='lat' dir='ltr'>respublicae</span> <span class='ocrx_word' id='word_1_253' title='bbox 883 3614 915 3680; x_wconf 94' lang='lat' dir='ltr'>in</span> <span class='ocrx_word' id='word_1_254' title='bbox 937 3615 1020 3679; x_wconf 89' lang='lat' dir='ltr'>hanc</span> <span class='ocrx_word' id='word_1_255' title='bbox 1041 3613 1265 3680; x_wconf 87' lang='lat' dir='ltr'>alienationem</span> <span class='ocrx_word' id='word_1_256' title='bbox 1279 3631 1417 3679; x_wconf 91' lang='lat' dir='ltr'>consen-</span> 
     </span>
     <span class='ocr_line' id='line_1_28' title="bbox 242 3722 1418 3808; baseline -0.001 -20"><span class='ocrx_word' id='word_1_257' title='bbox 242 3739 377 3804; x_wconf 87' lang='lat' dir='ltr'>serunt,</span> <span class='ocrx_word' id='word_1_258' title='bbox 410 3741 518 3805; x_wconf 87' lang='lat' dir='ltr'>neque</span> <span class='ocrx_word' id='word_1_259' title='bbox 551 3743 631 3790; x_wconf 89' lang='lat' dir='ltr'>vero</span> <span class='ocrx_word' id='word_1_260' title='bbox 661 3722 744 3788; x_wconf 90' lang='lat' dir='ltr'>ratio</span> <span class='ocrx_word' id='word_1_261' title='bbox 776 3723 886 3789; x_wconf 87' lang='lat' dir='ltr'>eadem</span> <span class='ocrx_word' id='word_1_262' title='bbox 918 3724 993 3805; x_wconf 89' lang='lat' dir='ltr'>est,</span> <span class='ocrx_word' id='word_1_263' title='bbox 1023 3745 1098 3790; x_wconf 90' lang='lat' dir='ltr'>cum</span> <span class='ocrx_word' id='word_1_264' title='bbox 1128 3745 1208 3808; x_wconf 89' lang='lat' dir='ltr'>pace</span> <span class='ocrx_word' id='word_1_265' title='bbox 1239 3724 1418 3790; x_wconf 90' lang='lat' dir='ltr'>constituta</span> 
     </span>
     <span class='ocr_line' id='line_1_29' title="bbox 243 3831 1417 3917; baseline 0 -19"><span class='ocrx_word' id='word_1_266' title='bbox 243 3831 375 3899; x_wconf 85' lang='lat' dir='ltr'>facilius</span> <span class='ocrx_word' id='word_1_267' title='bbox 406 3834 490 3899; x_wconf 89' lang='lat' dir='ltr'>inter</span> <span class='ocrx_word' id='word_1_268' title='bbox 523 3833 598 3900; x_wconf 92' lang='lat' dir='ltr'>illos</span> <span class='ocrx_word' id='word_1_269' title='bbox 625 3833 750 3917; x_wconf 86' lang='lat' dir='ltr'>judicia</span> <span class='ocrx_word' id='word_1_270' title='bbox 773 3835 975 3917; x_wconf 85' lang='lat' dir='ltr'>procedant,</span> <span class='ocrx_word' id='word_1_271' title='bbox 997 3834 1050 3901; x_wconf 92' lang='lat' dir='ltr'>his</span> <span class='ocrx_word' id='word_1_272' title='bbox 1081 3835 1121 3901; x_wconf 93' lang='lat' dir='ltr'>de</span> <span class='ocrx_word' id='word_1_273' title='bbox 1144 3835 1250 3902; x_wconf 87' lang='lat' dir='ltr'>causis</span> <span class='ocrx_word' id='word_1_274' title='bbox 1273 3835 1307 3899; x_wconf 92' lang='lat' dir='ltr'>id</span> <span class='ocrx_word' id='word_1_275' title='bbox 1326 3834 1417 3917; x_wconf 89' lang='lat' dir='ltr'>quod</span> 
     </span>
    </p>
   </div>
   <div class='ocr_carea' id='block_1_5' title="bbox 242 4022 441 4032">
    <p class='ocr_par' dir='ltr' id='par_1_5' title="bbox 242 4022 441 4032">
     <span class='ocr_line' id='line_1_30' title="bbox 242 4022 441 4032; baseline -0.01 0"><span class='ocrx_word' id='word_1_276' title='bbox 242 4022 441 4032; x_wconf 47' lang='grc' dir='ltr'>’.η-μ-</span> 
     </span>
    </p>
   </div>
   <div class='ocr_carea' id='block_1_6' title="bbox 242 4125 1416 4643">
    <p class='ocr_par' dir='ltr' id='par_1_6' title="bbox 242 4125 1416 4643">
     <span class='ocr_line' id='line_1_31' title="bbox 277 4125 1416 4190; baseline 0.004 -16"><span class='ocrx_word' id='word_1_277' title='bbox 277 4127 320 4174; x_wconf 87' lang='lat'>¹1.</span> <span class='ocrx_word' id='word_1_278' title='bbox 339 4127 366 4176; x_wconf 89' lang='lat' dir='ltr'>ld</span> <span class='ocrx_word' id='word_1_279' title='bbox 384 4130 452 4187; x_wconf 90' lang='lat' dir='ltr'>qnod</span> <span class='ocrx_word' id='word_1_280' title='bbox 469 4139 590 4176; x_wconf 86' lang='lat' dir='ltr'>nostrum.</span> <span class='ocrx_word' id='word_1_281' title='bbox 608 4129 634 4177; x_wconf 80' lang='lat' dir='ltr'>ff.</span> <span class='ocrx_word' id='word_1_282' title='bbox 658 4130 689 4177; x_wconf 89' lang='lat' dir='ltr'>de</span> <span class='ocrx_word' id='word_1_283' title='bbox 717 4141 769 4188; x_wconf 86' lang='lat' dir='ltr'>reg.</span> <span class='ocrx_word' id='word_1_284' title='bbox 785 4126 834 4184; x_wconf 82' lang='lat' dir='ltr'>jur.</span> <span class='ocrx_word' id='word_1_285' title='bbox 855 4127 898 4190; x_wconf 90' lang='lat' dir='ltr'>[D.</span> <span class='ocrx_word' id='word_1_286' title='bbox 918 4139 957 4183; x_wconf 88' lang='lat' dir='ltr'>so.</span> <span class='ocrx_word' id='word_1_287' title='bbox 978 4138 1016 4184; x_wconf 84' lang='lat'>17.</span> <span class='ocrx_word' id='word_1_288' title='bbox 1037 4127 1091 4190; x_wconf 88' lang='lat'>11.]</span> <span class='ocrx_word' id='word_1_289' title='bbox 1126 4125 1171 4175; x_wconf 75' lang='lat'>²1.</span> <span class='ocrx_word' id='word_1_290' title='bbox 1189 4128 1287 4176; x_wconf 87' lang='lat' dir='ltr'>fructus</span> <span class='ocrx_word' id='word_1_291' title='bbox 1303 4129 1416 4188; x_wconf 85' lang='lat' dir='ltr'>penden-</span> 
     </span>
     <span class='ocr_line' id='line_1_32' title="bbox 242 4216 1415 4282; baseline 0.003 -17"><span class='ocrx_word' id='word_1_292' title='bbox 242 4218 331 4266; x_wconf 79' lang='lat' dir='ltr'>tesff.</span> <span class='ocrx_word' id='word_1_293' title='bbox 350 4219 436 4266; x_wconf 86' lang='lat' dir='ltr'>derel</span> <span class='ocrx_word' id='word_1_294' title='bbox 455 4218 523 4268; x_wconf 91' lang='lat' dir='ltr'>vind.</span> <span class='ocrx_word' id='word_1_295' title='bbox 552 4217 595 4282; x_wconf 92' lang='lat' dir='ltr'>[D.</span> <span class='ocrx_word' id='word_1_296' title='bbox 621 4219 688 4266; x_wconf 90' lang='lat'>6.1.</span> <span class='ocrx_word' id='word_1_297' title='bbox 711 4218 764 4282; x_wconf 86' lang='lat'>44]</span> <span class='ocrx_word' id='word_1_298' title='bbox 801 4216 852 4266; x_wconf 87' lang='lat' dir='ltr'>³c.</span> <span class='ocrx_word' id='word_1_299' title='bbox 870 4218 914 4278; x_wconf 90' lang='lat' dir='ltr'>qui</span> <span class='ocrx_word' id='word_1_300' title='bbox 932 4229 1031 4278; x_wconf 87' lang='lat' dir='ltr'>peccat.</span> <span class='ocrx_word' id='word_1_301' title='bbox 1052 4217 1141 4281; x_wconf 83' lang='lat' dir='ltr'>[Decr.</span> <span class='ocrx_word' id='word_1_302' title='bbox 1161 4220 1230 4266; x_wconf 88' lang='lat' dir='ltr'>Grat.</span> <span class='ocrx_word' id='word_1_303' title='bbox 1247 4233 1272 4278; x_wconf 93' lang='lat' dir='ltr'>p.</span> <span class='ocrx_word' id='word_1_304' title='bbox 1292 4233 1314 4266; x_wconf 88' lang='lat'>2.</span> <span class='ocrx_word' id='word_1_305' title='bbox 1333 4232 1373 4276; x_wconf 80' lang='lat'>23.</span> <span class='ocrx_word' id='word_1_306' title='bbox 1390 4234 1415 4281; x_wconf 89' lang='lat'>4.</span> 
     </span>
     <span class='ocr_line' id='line_1_33' title="bbox 243 4307 1416 4370; baseline 0.003 -16"><span class='ocrx_word' id='word_1_307' title='bbox 243 4307 295 4370; x_wconf 90' lang='lat'>40.]</span> <span class='ocrx_word' id='word_1_308' title='bbox 331 4307 342 4340; x_wconf 89' lang='lat'><strong>⁴</strong></span> <span class='ocrx_word' id='word_1_309' title='bbox 357 4309 433 4368; x_wconf 88' lang='lat' dir='ltr'>Vasq.</span> <span class='ocrx_word' id='word_1_310' title='bbox 451 4311 467 4356; x_wconf 88' lang='lat' dir='ltr'>l.</span> <span class='ocrx_word' id='word_1_311' title='bbox 487 4323 509 4358; x_wconf 81' lang='lat' dir='ltr'>a.</span> <span class='ocrx_word' id='word_1_312' title='bbox 525 4323 547 4357; x_wconf 88' lang='lat' dir='ltr'>c.</span> <span class='ocrx_word' id='word_1_313' title='bbox 573 4321 614 4370; x_wconf 86' lang='lat'>74.</span> <span class='ocrx_word' id='word_1_314' title='bbox 638 4312 722 4358; x_wconf 83' lang='lat' dir='ltr'>scotus</span> <span class='ocrx_word' id='word_1_315' title='bbox 737 4310 763 4358; x_wconf 89' lang='lat' dir='ltr'>in</span> <span class='ocrx_word' id='word_1_316' title='bbox 781 4309 931 4370; x_wconf 85' lang='lat' dir='ltr'>4.dist.15.</span> <span class='ocrx_word' id='word_1_317' title='bbox 949 4309 1011 4357; x_wconf 81' lang='lat' dir='ltr'>silv.</span> <span class='ocrx_word' id='word_1_318' title='bbox 1027 4309 1053 4357; x_wconf 90' lang='lat' dir='ltr'>in</span> <span class='ocrx_word' id='word_1_319' title='bbox 1071 4325 1096 4358; x_wconf 92' lang='lat' dir='ltr'>v.</span> <span class='ocrx_word' id='word_1_320' title='bbox 1115 4309 1292 4369; x_wconf 76' lang='lat' dir='ltr'>praescriptio.</span> <span class='ocrx_word' id='word_1_321' title='bbox 1309 4324 1335 4370; x_wconf 90' lang='lat' dir='ltr'>p.</span> <span class='ocrx_word' id='word_1_322' title='bbox 1354 4324 1375 4358; x_wconf 91' lang='lat'>1.</span> <span class='ocrx_word' id='word_1_323' title='bbox 1393 4315 1416 4370; x_wconf 76' lang='lat'>§-</span> 
     </span>
     <span class='ocr_line' id='line_1_34' title="bbox 245 4397 1414 4460; baseline 0.006 -17"><span class='ocrx_word' id='word_1_324' title='bbox 245 4409 283 4453; x_wconf 76' lang='lat'>13.</span> <span class='ocrx_word' id='word_1_325' title='bbox 317 4397 420 4457; x_wconf 79' lang='lat' dir='ltr'>⁶Vasq.</span> <span class='ocrx_word' id='word_1_326' title='bbox 439 4401 456 4446; x_wconf 91' lang='lat'>1.</span> <span class='ocrx_word' id='word_1_327' title='bbox 478 4412 498 4448; x_wconf 87' lang='lat'>1.</span> <span class='ocrx_word' id='word_1_328' title='bbox 518 4414 543 4448; x_wconf 90' lang='lat' dir='ltr'>c.</span> <span class='ocrx_word' id='word_1_329' title='bbox 560 4403 599 4448; x_wconf 87' lang='lat'>28.</span> <span class='ocrx_word' id='word_1_330' title='bbox 618 4414 643 4448; x_wconf 91' lang='lat' dir='ltr'>n.</span> <span class='ocrx_word' id='word_1_331' title='bbox 662 4414 702 4448; x_wconf 86' lang='lat'>21.</span> <span class='ocrx_word' id='word_1_332' title='bbox 736 4400 781 4448; x_wconf 79' lang='lat'>⁶1.</span> <span class='ocrx_word' id='word_1_333' title='bbox 802 4414 822 4448; x_wconf 92' lang='lat' dir='ltr'>r.</span> <span class='ocrx_word' id='word_1_334' title='bbox 841 4414 861 4447; x_wconf 86' lang='lat' dir='ltr'>c.</span> <span class='ocrx_word' id='word_1_335' title='bbox 879 4414 902 4448; x_wconf 86' lang='lat'>2.</span> <span class='ocrx_word' id='word_1_336' title='bbox 923 4413 950 4447; x_wconf 91' lang='lat' dir='ltr'>n.</span> <span class='ocrx_word' id='word_1_337' title='bbox 967 4411 1007 4460; x_wconf 80' lang='lat'>34.</span> <span class='ocrx_word' id='word_1_338' title='bbox 1042 4398 1216 4449; x_wconf 82' lang='lat' dir='ltr'>⁷can0nistae</span> <span class='ocrx_word' id='word_1_339' title='bbox 1235 4400 1261 4448; x_wconf 92' lang='lat' dir='ltr'>in</span> <span class='ocrx_word' id='word_1_340' title='bbox 1280 4415 1301 4448; x_wconf 90' lang='lat' dir='ltr'>c.</span> <span class='ocrx_word' id='word_1_341' title='bbox 1319 4403 1365 4450; x_wconf 89' lang='lat' dir='ltr'>ult.</span> <span class='ocrx_word' id='word_1_342' title='bbox 1383 4403 1414 4450; x_wconf 89' lang='lat' dir='ltr'>de</span> 
     </span>
     <span class='ocr_line' id='line_1_35' title="bbox 242 4489 1414 4556; baseline 0.006 -21"><span class='ocrx_word' id='word_1_343' title='bbox 242 4489 392 4548; x_wconf 85' lang='lat' dir='ltr'>praescript.</span> <span class='ocrx_word' id='word_1_344' title='bbox 413 4489 552 4551; x_wconf 84' lang='lat' dir='ltr'>[Decreral.</span> <span class='ocrx_word' id='word_1_345' title='bbox 579 4505 602 4540; x_wconf 82' lang='lat' dir='ltr'>a.</span> <span class='ocrx_word' id='word_1_346' title='bbox 628 4493 666 4540; x_wconf 88' lang='lat'>26.</span> <span class='ocrx_word' id='word_1_347' title='bbox 691 4491 744 4556; x_wconf 76' lang='lat' dir='ltr'>ao]</span> <span class='ocrx_word' id='word_1_348' title='bbox 781 4493 826 4539; x_wconf 83' lang='lat'>⁸1.</span> <span class='ocrx_word' id='word_1_349' title='bbox 850 4505 870 4540; x_wconf 91' lang='grc'><strong>1.</strong></span> <span class='ocrx_word' id='word_1_350' title='bbox 890 4495 919 4540; x_wconf 88' lang='lat' dir='ltr'>C.</span> <span class='ocrx_word' id='word_1_351' title='bbox 939 4494 969 4539; x_wconf 88' lang='lat' dir='ltr'>de</span> <span class='ocrx_word' id='word_1_352' title='bbox 987 4502 1051 4552; x_wconf 83' lang='lat' dir='ltr'>capt.</span> <span class='ocrx_word' id='word_1_353' title='bbox 1071 4492 1114 4552; x_wconf 92' lang='lat' dir='ltr'>[C.</span> <span class='ocrx_word' id='word_1_354' title='bbox 1140 4506 1160 4539; x_wconf 94' lang='lat'>1.</span> <span class='ocrx_word' id='word_1_355' title='bbox 1179 4490 1216 4555; x_wconf 79' lang='lat'>3.]</span> <span class='ocrx_word' id='word_1_356' title='bbox 1252 4491 1311 4541; x_wconf 71' lang='lat' dir='ltr'>⁹ad</span> <span class='ocrx_word' id='word_1_357' title='bbox 1329 4506 1352 4542; x_wconf 81' lang='lat' dir='ltr'>a.</span> <span class='ocrx_word' id='word_1_358' title='bbox 1368 4506 1414 4542; x_wconf 87' lang='lat' dir='ltr'>art.</span> 
     </span>
     <span class='ocr_line' id='line_1_36' title="bbox 244 4579 1287 4643; baseline 0.004 -18"><span class='ocrx_word' id='word_1_359' title='bbox 244 4581 336 4626; x_wconf 85' lang='lat' dir='ltr'>coroll.</span> <span class='ocrx_word' id='word_1_360' title='bbox 355 4593 376 4626; x_wconf 89' lang='lat' dir='ltr'>c.</span> <span class='ocrx_word' id='word_1_361' title='bbox 396 4591 418 4635; x_wconf 81' lang='lat'>7.</span> <span class='ocrx_word' id='word_1_362' title='bbox 456 4579 475 4611; x_wconf 88' lang='lat'>¹⁰</span> <span class='ocrx_word' id='word_1_363' title='bbox 493 4594 515 4628; x_wconf 91' lang='lat' dir='ltr'>c.</span> <span class='ocrx_word' id='word_1_364' title='bbox 535 4594 557 4638; x_wconf 88' lang='lat'>7.</span> <span class='ocrx_word' id='word_1_365' title='bbox 577 4581 655 4641; x_wconf 86' lang='lat' dir='ltr'>princ.</span> <span class='ocrx_word' id='word_1_366' title='bbox 692 4581 709 4614; x_wconf 86' lang='lat'>¹¹</span> <span class='ocrx_word' id='word_1_367' title='bbox 729 4584 747 4630; x_wconf 92' lang='lat' dir='ltr'>l.</span> <span class='ocrx_word' id='word_1_368' title='bbox 765 4583 859 4630; x_wconf 84' lang='lat' dir='ltr'>hostes.</span> <span class='ocrx_word' id='word_1_369' title='bbox 877 4582 904 4631; x_wconf 81' lang='lat' dir='ltr'>ff.</span> <span class='ocrx_word' id='word_1_370' title='bbox 922 4583 952 4630; x_wconf 87' lang='lat' dir='ltr'>de</span> <span class='ocrx_word' id='word_1_371' title='bbox 970 4592 1035 4641; x_wconf 87' lang='lat' dir='ltr'>capr.</span> <span class='ocrx_word' id='word_1_372' title='bbox 1056 4582 1098 4642; x_wconf 89' lang='lat' dir='ltr'>[D.</span> <span class='ocrx_word' id='word_1_373' title='bbox 1116 4595 1156 4643; x_wconf 90' lang='lat'>49.</span> <span class='ocrx_word' id='word_1_374' title='bbox 1178 4593 1215 4637; x_wconf 82' lang='lat'>15.</span> <span class='ocrx_word' id='word_1_375' title='bbox 1234 4581 1287 4642; x_wconf 73' lang='lat'>24]</span> 
     </span>
    </p>
   </div>
   <div class='ocr_carea' id='block_1_7' title="bbox 0 0 1780 5654">
    <p class='ocr_par' dir='ltr' id='par_1_7' title="bbox 0 0 1780 5654">
     <span class='ocr_line' id='line_1_37' title="bbox 0 0 1780 5654; baseline 0 0"><span class='ocrx_word' id='word_1_376' title='bbox 0 0 1780 5654; x_wconf 95' lang='lat' dir='ltr'> </span> 
     </span>
    </p>
   </div>
  </div>
 </body>
</html>
