3546 5654
371 680 434 740 240
673 681 719 726 DE
742 679 836 745 June
861 677 1044 726 PRAEDAE.
1070 679 1150 726 cAP.
1174 679 1239 724 xli.

367 827 540 899 induceret
574 835 783 914 utilitatem,
816 832 873 900 sed
902 833 1003 898 solam
1032 833 1230 913 laesionem,
1263 835 1372 916 sicque
1403 845 1441 896 ut
1474 831 1542 918 lege

368 959 524 1030 expressa
547 946 718 1011 introduci
741 967 805 1032 aon
822 960 953 1030 possent
980 951 1013 1026 ¹,·
1037 948 1090 1010 ita
1113 947 1214 1009 etiam
1239 965 1296 1008 nec
1319 941 1388 1028 lege
1410 947 1540 1024 tacita,

368 1058 480 1142 qualis
509 1071 557 1122 cst
585 1057 806 1138 consuetudo;
837 1070 868 1121 et
900 1071 1043 1142 tempore
1065 1056 1104 1122 id
1131 1076 1195 1120 non
1208 1051 1465 1139 justificaretur
1487 1055 1543 1118 sed

363 1171 477 1253 potins
495 1168 642 1234 deterius
664 1182 694 1233 ct
715 1170 865 1252 injurias
887 1171 923 1232 in
946 1167 1015 1233 dies
1033 1165 1143 1250 fieret.
1181 1164 1338 1230 Ostendit
1360 1164 1477 1231 deinde
1501 1184 1540 1228 ex

368 1278 470 1361 prima
493 1293 648 1344 terrarum
673 1278 891 1361 occupatione
913 1297 1010 1361 posse
1032 1280 1157 1361 populo
1181 1291 1219 1342 ut
1240 1275 1381 1342 venandi
1398 1277 1472 1360 jus,
1496 1275 1540 1340 ita

368 1390 517 1472 piscandi
545 1389 579 1454 in
606 1409 668 1455 suo
695 1389 831 1455 flumine
863 1405 1067 1472 competeret
1092 1404 1125 1455 et
1147 1404 1322 1471 postquam
1355 1387 1417 1454 ista
1440 1389 1540 1452 semel

370 1502 410 1566 ab
443 1501 577 1583 antiqua
610 1501 840 1568 communione
872 1515 1017 1584 separata
1039 1515 1142 1580 sunt,
1166 1500 1212 1564 ita
1243 1514 1281 1565 ut
1313 1498 1539 1581 particularem

369 1612 618 1696 applicationem
649 1612 821 1678 admittant
857 1612 1113 1696 praescriptione
1135 1611 1292 1694 temporis
1314 1612 1411 1696 eJus,
1446 1611 1542 1694 cujus

370 1722 455 1789 initii
489 1723 644 1788 memoria
677 1742 744 1788 non
779 1738 904 1804 exstet,
940 1723 1033 1806 quasi
1064 1723 1160 1788 tacita
1186 1721 1302 1805 populi
1329 1720 1541 1788 concessione

368 1833 494 1916 acquiri
514 1854 623 1917 posse.
649 1834 724 1899 Hoc
743 1850 850 1901 autem
874 1856 933 1918 per
942 1835 1232 1919 praescriptionem
1245 1832 1452 1919 contingere,
1474 1851 1541 1898 non

370 1965 428 2028 per
459 1945 753 2027 consuetudinem,
787 1945 866 2027 quia
894 1947 999 2013 solius
1025 1945 1228 2028 acquirentis
1250 1944 1397 2011 conditio
1427 1945 1544 2011 melior

369 2055 448 2137 fiat,
481 2056 683 2138 reliquorum
714 2077 794 2123 vero
824 2057 986 2124 deterior.
1028 2059 1072 2123 Et
1103 2077 1177 2123 cum
1211 2055 1275 2120 tria
1298 2069 1539 2135 enumerasset,

370 2187 454 2250 quae
486 2167 700 2250 requiruntur
727 2183 766 2234 ut
785 2172 840 2254 jus
867 2169 1036 2252 proprium
1067 2168 1100 2234 in
1124 2168 1259 2234 flumine
1281 2166 1427 2249 piscandi
1450 2187 1541 2250 prae·

369 2279 555 2358 scribatur,
582 2276 675 2361 Quid
693 2293 830 2362 autem,
854 2280 990 2361 subdit,
1015 2280 1128 2365 quoad
1144 2280 1266 2346 mare?
1292 2277 1341 2342 Et
1360 2282 1397 2344 in
1416 2299 1449 2343 co
1469 2298 1537 2340 ma-

365 2395 419 2477 gis
449 2405 517 2471 est,
540 2390 629 2474 quod
656 2394 757 2455 etiam
788 2412 966 2457 concursus
994 2396 1135 2457 istorum
1166 2397 1273 2459 trium
1297 2412 1361 2456 non
1384 2390 1536 2476 sufficeret

368 2502 416 2568 ad
443 2501 685 2586 acquirendum
697 2503 770 2586 jus.
819 2483 924 2566 Ratio
949 2501 1162 2588 differentiae
1183 2508 1274 2568 inter
1296 2523 1390 2567 mare
1409 2522 1450 2565 erc
1471 2519 1538 2564 una

363 2627 467 2699 parte
496 2626 527 2678 ct
558 2628 687 2679 terram
718 2613 774 2681 rel
786 2614 930 2700 flumina
961 2635 1002 2679 ex
1025 2614 1162 2696 altera,
1187 2617 1268 2700 quia
1291 2613 1350 2678 illo
1373 2633 1477 2692 casu,
1502 2627 1538 2676 ut

369 2725 461 2804 olim,
483 2729 535 2790 ita
558 2739 589 2790 et
610 2725 704 2791 hodie
721 2738 753 2790 ct
765 2739 889 2810 semper
901 2739 971 2791 tam
985 2725 1098 2811 quoad
1106 2724 1305 2811 piscandum
1317 2746 1417 2810 quam
1431 2723 1542 2809 quood

368 2837 596 2924 nauigandum
618 2840 743 2901 mansit
762 2841 930 2924 integrum
945 2837 1006 2922 jus
1022 2841 1172 2924 gentium
1189 2840 1420 2922 primaevum,
1439 2855 1541 2920 neque

369 2970 524 3034 umquam
550 2949 627 3033 fuit
658 2970 681 3013 a
703 2952 926 3013 communione
961 2949 1127 3013 hominnm
1157 2961 1350 3034 separatum
1381 2960 1412 3012 et
1436 2946 1541 3011 alicui

367 3060 423 3136 nel
441 3061 611 3144 aliquibus
633 3059 852 3144 applicatum.
898 3059 1091 3124 Posteriora
1113 3074 1224 3125 autem
1242 3079 1348 3139 casu,
1372 3074 1482 3144 nempe
1504 3063 1541 3122 in

368 3184 466 3236 terra
496 3169 552 3238 nel
574 3170 793 3255 fluminibus,
826 3168 926 3235 alind
948 3169 1025 3254 fait
1049 3185 1087 3236 ut
1103 3173 1180 3256 jam
1203 3171 1430 3237 disseruimus.
1478 3168 1544 3234 Sed

368 3301 476 3366 quare
489 3282 549 3366 jus
569 3284 721 3366 gentium
743 3280 1002 3361 secundarium,
1020 3295 1057 3346 ut
1077 3295 1148 3348 eam
1168 3286 1409 3367 separationem
1431 3279 1542 3365 quoad

368 3406 482 3457 terras
503 3405 534 3456 et
552 3393 696 3477 flumina
711 3392 822 3476 fecit,
847 3392 960 3477 quoad
979 3413 1073 3458 mare
1086 3395 1205 3479 facere
1217 3393 1337 3476 desiit,
1359 3383 1538 3479 iesponde:

369 3507 450 3588 quia
478 3501 537 3567 illo
565 3523 646 3567 casu
667 3502 860 3587 expediebat
882 3507 934 3568 ita
955 3501 1054 3586 fieri,
1078 3506 1136 3569 hoe
1160 3519 1271 3570 autem
1294 3526 1374 3570 casu
1397 3525 1461 3569 noa
1484 3524 1541 3568 ex·

363 3613 530 3699 pediebat.
557 3612 695 3678 Constat
716 3616 801 3678 enim
823 3613 926 3698 quod,
948 3616 978 3679 si
1001 3614 1102 3680 multi
1122 3631 1287 3683 venentur
1297 3629 1359 3679 aut
1364 3618 1540 3700 piscentur

368 3728 405 3789 in
436 3738 535 3789 terra
563 3723 619 3791 nel
639 3725 800 3810 flumine,
816 3725 927 3809 facile
947 3747 1059 3790 neotus
1072 3726 1163 3811 feris
1187 3741 1219 3792 ct
1243 3728 1365 3813 flumen
1389 3725 1536 3811 piscibus

368 3850 566 3904 evacuatum
590 3834 771 3902 redditur:
794 3834 834 3902 id
854 3836 944 3921 quod
962 3841 999 3902 in
1020 3842 1111 3903 mari
1134 3860 1198 3902 non
1217 3852 1277 3905 cst.
1323 3838 1405 3901 Item
1425 3837 1538 3922 flami-

369 3969 447 4013 num
471 3950 645 4034 nanigatio
661 3947 772 4031 facilc
789 3946 938 4012 deterior
956 3945 999 4030 fit
1022 3963 1053 4012 et
1073 3948 1256 4035 impeditur
1278 3961 1343 4033 per
1366 3944 1541 4030 aedificia,

370 4058 459 4145 quod
486 4062 523 4122 in
553 4062 644 4123 mari
674 4079 737 4123 non
770 4071 818 4122 cst
836 4065 860 4124 ².
908 4061 990 4125 Item
1007 4075 1072 4145 per
1092 4060 1321 4146 aquaeductus
1335 4059 1447 4145 focile
1469 4080 1543 4127 euo-

404 4341 455 4390 ¹c.
480 4340 528 4390 erit
555 4353 637 4389 autem
665 4343 715 4388 lex.
734 4341 792 4390 dist.
810 4354 908 4402 quarta.
928 4345 1018 4406 [Dect.
1037 4347 1106 4394 Grat.
1123 4360 1150 4406 p.
1171 4358 1192 4393 ι.
1213 4359 1238 4406 4.
1254 4343 1291 4408 4.]
1309 4347 1327 4392 1.
1345 4357 1366 4392 r.
1384 4355 1408 4391 et
1427 4357 1450 4391 α.
1468 4343 1494 4391 ff.
1512 4345 1544 4391 de

370 4433 477 4493 legibus.
502 4433 546 4495 [D.
572 4445 594 4479 1.
617 4432 652 4493 3.]
678 4444 734 4491 cap.
759 4430 802 4480 fin.
826 4434 858 4482 de
882 4447 995 4494 praescr.
1021 4437 1161 4496 [Decretal.
1181 4451 1203 4484 α.
1222 4437 1262 4484 26.
1281 4435 1335 4496 ou]
1371 4433 1445 4494 ²per
1462 4446 1543 4482 totum

370 4523 410 4570 tit.
429 4522 454 4570 ii.
472 4536 504 4570 ne
522 4523 584 4582 quid
603 4522 629 4570 in
647 4521 714 4569 bum.
731 4522 802 4581 publ.
822 4523 867 4584 [D.
885 4537 926 4584 43.
948 4525 999 4585 13.]
