3536 5692
954 561 957 598 l

518 669 564 714 DE
587 667 681 734 JURE
707 666 892 712 PRAEDAE·
919 667 1001 712 CAP.
1027 666 1102 712 XIV.
1332 667 1390 729 311

221 825 268 890 ibi
292 827 390 888 socios
415 825 612 908 quaeratis,
648 821 705 885 ubi
729 821 922 906 Saguntina
945 819 1055 886 clades
1077 823 1193 904 ignota
1218 834 1274 886 est.
1321 820 1392 902 Ita,

220 935 301 1000 rnihi
335 933 480 1012 credite,
516 929 588 998 uela
623 931 887 1012 Hollandorum‚
921 931 966 998 ita
1000 933 1159 1014 appulsus
1193 929 1265 996 Indi
1300 931 1395 1012 quasi

219 1045 332 1112 fatales
355 1066 391 1110 ae
414 1044 567 1110 funestos
590 1042 859 1122 exhorruissent,
894 1042 939 1108 ita
961 1057 1134 1109 contactus
1154 1041 1243 1124 ipsos
1264 1057 1321 1108 aut
1341 1041 1395 1108 fu·

221 1172 333 1242 gerent
360 1156 533 1236 homines,
559 1169 616 1220 aut
640 1154 736 1222 etiam
760 1152 932 1237 fugarent,
954 1153 988 1220 ni
1002 1153 1110 1220 visum
1135 1168 1220 1218 esset
1241 1154 1313 1219 Deo
1334 1154 1394 1218 Ra-

222 1284 328 1334 tavanr
349 1267 505 1332 virtutem
525 1287 582 1348 per
600 1266 766 1347 Europam
788 1285 915 1332 ornnem
932 1265 1164 1343 clarissimam,
1189 1265 1289 1330 Asiae
1300 1265 1394 1331 etiam

223 1378 375 1463 gentibus
408 1377 579 1444 ostendere
611 1392 644 1442 et
673 1377 788 1462 ingens
823 1376 898 1442 dare
934 1379 1142 1458 exemplum,
1167 1377 1298 1442 minime
1322 1376 1396 1442 illos

222 1489 352 1573 decipi,
376 1489 434 1571 qui
458 1489 654 1556 Batavorum
677 1487 906 1554 fortitudinem
920 1503 952 1552 et
964 1487 1062 1554 fidem
1074 1508 1150 1570 prae
1162 1488 1395 1554 Lusitanorum

222 1602 359 1686 perfidia
383 1616 414 1666 et
436 1600 557 1668 ferocia
589 1614 783 1682 sequuntur.
830 1600 882 1663 Ac
910 1619 960 1664 me
988 1618 1064 1664 sane
1092 1619 1298 1682 peromnem
1319 1599 1396 1664 belli

222 1713 318 1780 istius
348 1711 540 1790 historiam,
565 1711 656 1792 quod
679 1713 764 1776 ultra
784 1709 985 1776 tricesimum
1006 1730 1125 1776 annum
1144 1713 1210 1796 jam
1232 1711 1395 1792 trahitur,

222 1827 312 1890 nulla
346 1824 449 1908 magis
485 1825 633 1905 exempla
668 1823 819 1902 ducunt,
855 1842 952 1904 quam
982 1804 1065 1887 'fidei
1099 1822 1244 1890 socialis.
1302 1823 1395 1888 Hanc

221 1938 483 2020 LugdunenseS,
503 1935 659 2000 exhausta
676 1933 768 1999 malis
793 1933 933 2016 civitas,
954 1934 1039 2000 inter
1069 1935 1215 2002 hostium
1247 1955 1333 2000 arma
1365 1949 1397 1999 et

223 2047 411 2114 deficientes
431 2045 524 2120 cibos
537 2061 569 2111 et
581 2045 747 2128 quidquid
767 2045 876 2110 cibum
898 2061 1023 2130 egestas
1045 2046 1310 2127 fecerat,tamen
1330 2066 1396 2111 non

140 2235 142 2241 y
222 2159 448 2243 prodiderunt.
496 2157 567 2223 Hac
596 2157 678 2224 moti
708 2157 853 2222 vicissim
885 2157 1002 2222 caeteri
1029 2157 1062 2223 in
1082 2179 1139 2224 sua
1159 2178 1236 2223 arva
1254 2178 1397 2239 suasque

222 2271 334 2354 fruges
356 2287 513 2334 oceanum
532 2282 744 2334 vocaverunt.
794 2268 883 2331 Haec
903 2282 952 2334 est
971 2268 1397 2352 quaeAngliamcommuni

223 2383 333 2449 Marte
357 2378 523 2447 defendit:
548 2380 628 2446 haec
648 2378 758 2444 eadem
781 2378 910 2444 Galliae
926 2379 1087 2445 laboranti
1100 2378 1220 2445 auxilia
1233 2379 1397 2446 submisit.

224 2493 315 2558 Haec
345 2491 433 2555 domi
462 2490 576 2570 utilis,
609 2489 697 2572 apud
727 2489 886 2558 finitimos
909 2491 1069 2570 honesta,
1093 2505 1126 2556 at
1146 2489 1179 2556 in
1200 2491 1316 2556 ultimo
1339 2492 1397 2558 illo

222 2619 378 2669 terrarum
407 2620 539 2667 recessu
568 2601 664 2666 etiam
692 2601 874 2668 necessaria
903 2616 973 2682 est,
998 2601 1055 2666 ubi
1088 2602 1221 2686 ignotos
1242 2618 1316 2668 ante
1334 2604 1398 2670 nisi

223 2736 280 2798 per
308 2714 448 2780 virtutes
476 2713 568 2778 nosci
598 2733 663 2778 non
691 2712 855 2778 convenit.
901 2713 982 2778 Non
1009 2728 1059 2778 est
1087 2713 1219 2795 quidem
1240 2714 1398 2782 cumillis

223 2827 375 2910 gentibus
397 2824 642 2909 religionis,ne
663 2824 834 2891 foederum
857 2825 989 2906 quidem
1012 2823 1172 2904 societas,
1197 2825 1255 2890 sed
1275 2841 1323 2890 est
1343 2826 1398 2891 illa

223 2938 381 3004 naturalis
408 2939 493 3004 inter
511 2937 663 3002 homines
684 2936 915 3018 necessitud0,
941 2951 989 3002 est
1010 2936 1106 3002 etiam
1127 2937 1290 3019 peculiare
1311 2958 1398 3003 com·

225 3049 404 3130 mercium,
447 3051 597 3114 columen
631 3049 714 3115 illud
744 3048 942 3131 reipublicae
977 3047 1090 3129 reique
1120 3047 1298 3117 familiaris.
1353 3049 1400 3115 Et

224 3183 301 3228 sane
329 3162 357 3227 si
386 3161 581 3244 sperandum
610 3176 658 3227 est
681 3160 751 3226 lieri
770 3179 887 3243 posse,
912 3174 949 3226 ut
970 3159 1199 3242 resipiscentes
1223 3160 1399 3242 aliquando

226 3273 447 3340 Christianam
478 3272 638 3355 accipiant
668 3271 935 3353 institutionem,
959 3291 1025 3337 non
1050 3292 1085 3336 ea
1109 3291 1183 3354 spes
1205 3272 1238 3337 in
1263 3273 1399 3338 excidiis

225 3385 377 3464 urbium,
410 3383 581 3467 suppliciis
616 3386 837 3466 populorum,
863 3384 920 3448 sed
943 3383 1020 3449 fidei
1046 3399 1078 3450 et
1100 3383 1257 3450 bonitatis
1281 3398 1313 3450 et
1336 3387 1399 3450 cle·

226 3497 365 3562 mentiae
389 3495 545 3578 exemplis
561 3495 623 3561 sita
644 3510 702 3562 est.
747 3495 818 3580 Jam
841 3516 917 3560 vero
937 3495 965 3560 si
985 3495 1221 3562 Lusitanorum
1243 3515 1282 3562 ex
1301 3497 1398 3562 altera

226 3624 316 3692 parte
341 3607 506 3692 ingenium
532 3606 748 3690 respicimus,
779 3607 856 3689 quis
880 3623 952 3687 est,
978 3607 1035 3689 qui
1059 3626 1175 3690 negare
1198 3606 1304 3688 possit
1326 3606 1400 3672 illos

225 3719 361 3788 summis
383 3718 580 3786 batavorum
604 3717 772 3784 beneficiis
793 3718 888 3784 etiam
908 3733 984 3801 post
1003 3718 1137 3802 injurias
1153 3717 1308 3784 invitatos
1320 3718 1400 3784 adeo

225 3831 308 3898 nihll
321 3830 483 3897 remisisse
496 3849 535 3896 ex
547 3829 650 3896 veteri
665 3828 818 3902 saevitia,
841 3843 879 3894 ut
892 3829 946 3894 illa
959 3829 1027 3911 ipsa
1040 3827 1186 3894 bonitate
1198 3848 1264 3894 non
1277 3829 1310 3894 in
1323 3848 1401 3893 con-

226 3956 362 4010 temtum
386 3941 502 4018 modo,
526 3939 583 4004 sed
603 3939 635 4002 in
648 3939 791 4021 perfidos
804 3939 900 4006 etiam
915 3954 1051 4004 conatus
1063 3939 1161 4004 toties
1174 3940 1398 4005 abuterentur:

226 4053 331 4121 itaut
354 4071 420 4118 non
442 4049 564 4115 frustra
596 4050 894 4132 praestantissimus
923 4050 1079 4116 historiae
1103 4065 1218 4116 auctor
1238 4055 1247 4088 ¹
1267 4050 1399 4116 affirma-

226 4163 334 4244 verit,
367 4163 443 4232 illos
472 4160 672 4244 praecipue,
707 4161 764 4243 qui
796 4163 885 4228 nulla
918 4162 958 4227 de
991 4182 1089 4228 eausa
1116 4161 1259 4244 aliquem
1282 4163 1401 4247 injuria

225 4288 470 4358 provocarunt,
509 4273 611 4340 nullis
652 4287 766 4356 postea
805 4272 984 4340 benefactis
1025 4274 1189 4358 mitigari,
1223 4274 1401 4356 quominus

260 4533 267 4565 ¹
288 4533 404 4592 Thucyd.
422 4532 468 4580 lib.
488 4544 510 4588 3.
532 4530 568 4594 [c.
587 4545 629 4592 40.
648 4531 675 4580 in
694 4529 766 4595 fine]
