3546 5654
392 673 455 735 226
698 689 744 735 na
768 689 860 756 Jnna
888 689 1072 734 rannone·
1098 689 1272 736 cnr.x11.

392 858 530 925 utraque
562 844 666 924 ratio,
700 863 784 926 quae
815 842 1046 926 proprietatem
1069 842 1226 926 impedit,
1250 843 1283 909 in
1306 844 1367 909 hac
1389 863 1486 910 causa
1517 861 1566 912 est

392 973 487 1035 quam
521 955 554 1019 in
584 955 720 1022 caeteris
752 953 905 1022 omnibus
938 953 1069 1020 infinito
1102 953 1280 1020 efficacior:
1314 955 1407 1036 quod
1437 955 1469 1020 in
1493 956 1566 1022 aliis

391 1063 520 1129 difficile
542 1065 696 1148 videtur,
716 1064 750 1131 in
769 1066 830 1130 hac
851 1065 985 1132 omnino
1005 1065 1077 1130 fieri
1096 1085 1163 1132 non
1182 1079 1311 1149 potest:
1337 1067 1428 1148 quod
1447 1065 1481 1132 in
1494 1067 1566 1132 aliis

391 1173 540 1258 iniquum
567 1176 777 1261 judicamus,
801 1177 835 1242 in
858 1179 919 1242 hac
939 1155 1064 1242 summe
1084 1176 1257 1241 barbarum
1278 1191 1327 1241 est
1347 1191 1446 1258 atque
1468 1177 1565 1242 inhu-

390 1305 533 1352 manum.
581 1287 659 1353 Non
688 1289 728 1354 de
751 1287 830 1353 mari
851 1286 1005 1352 interiore
1025 1287 1080 1352 hic
1101 1287 1251 1371 agimus,
1276 1287 1367 1370 quod
1388 1288 1483 1354 terris
1504 1308 1564 1353 un-

391 1395 491 1478 dique
512 1396 656 1464 infusum
679 1399 800 1464 alicubi
821 1397 916 1464 etiam
938 1397 1084 1465 fluminis
1105 1397 1311 1466 latitudinem
1336 1417 1403 1463 non
1422 1399 1562 1464 excedit:

391 1507 431 1573 de
461 1529 528 1591 quo
557 1525 664 1576 tamen
697 1510 777 1575 satis
807 1522 937 1574 constat
967 1511 1098 1574 locutos
1130 1528 1199 1574 esse
1219 1508 1362 1574 Romani
1380 1509 1466 1594 juris
1486 1530 1564 1574 con-

391 1621 519 1700 sultos,
552 1639 625 1685 cum
646 1619 774 1686 nobiles
794 1619 866 1686 ilias
885 1620 1042 1685 adversus
1061 1619 1221 1702 privatam
1243 1619 1410 1686 avaritiam
1430 1635 1565 1692 senten·

391 1730 452 1796 tias
478 1742 487 1776 ¹
516 1731 700 1798 ediderunt.
750 1733 802 1796 De
834 1750 958 1798 oceano
990 1730 1181 1812 quaeritur,
1221 1751 1318 1812 quem
1348 1730 1562 1814 immensum,

391 1841 557 1908 infinitum
581 1861 687 1908 rerum
710 1856 899 1925 parentem,
930 1843 1023 1907 coelo
1048 1842 1286 1908 conterminum
1307 1843 1486 1924 antiquitas
1504 1863 1563 1909 vo-

393 1967 462 2018 cat:
487 1956 584 2038 cujus
609 1967 769 2036 perpetuo
798 1955 937 2020 humore
963 1972 1030 2019 non
1053 1951 1163 2020 sontes
1181 1937 1308 2018 tantum
1329 1968 1361 2019 et
1379 1953 1514 2020 flumina
1533 1970 1564 2018 et

391 2063 510 2146 maria,
534 2064 591 2130 sed
612 2065 735 2147 nubes,
759 2065 816 2129 sed
839 2065 910 2147 ipsa
932 2065 1174 2147 quodammodo
1197 2065 1302 2130 sidera
1324 2064 1415 2147 pasci
1437 2081 1565 2131 veteres

392 2175 618 2242 crediderunt:
643 2176 707 2258 qui·
730 2175 873 2258 denique
892 2195 950 2259 per
969 2175 1154 2258 reciprocas
1174 2191 1322 2240 aestuum
1341 2175 1431 2241 vices
1447 2191 1564 2241 terram

391 2286 495 2366 hanc,
527 2285 660 2352 humani
693 2286 818 2371 generis
849 2287 981 2374 sedem,
1013 2286 1158 2354 ambiens
1188 2305 1296 2368 neque
1325 2289 1427 2353 teneri
1458 2308 1565 2368 neque

392 2398 516 2463 includi
538 2414 671 2482 potest,
694 2414 726 2464 et
748 2398 897 2483 possidet
925 2397 1038 2465 verius
1070 2416 1168 2480 quam
1197 2397 1396 2480 possidetur.
1442 2399 1480 2464 In
1500 2400 1564 2464 hoc

392 2525 499 2574 autem
523 2529 647 2576 oceano
670 2529 736 2576 non
764 2509 806 2575 de
826 2509 903 2574 sinu
921 2523 977 2574 aut
997 2507 1103 2590 steto,
1128 2527 1188 2574 nee
1208 2508 1248 2573 de
1269 2509 1357 2574 omni
1379 2509 1512 2591 quidem
1525 2531 1564 2576 eo

393 2621 484 2703 quod
513 2641 529 2686 e
561 2621 671 2687 littore
703 2619 852 2704 conspici
887 2634 997 2703 potest
1029 2619 1253 2686 controversia
1283 2635 1341 2686 est.
1385 2621 1565 2687 Vindicant

392 2731 455 2796 sibi
481 2731 657 2812 Lusitani,
688 2731 852 2814 quidquid
879 2731 964 2798 duos
992 2732 1088 2797 orbes
1116 2731 1305 2815 interiacet,
1330 2733 1430 2797 tantis
1450 2732 1564 2814 spatiis

392 2843 573 2925 discretos,
614 2859 653 2910 ut
685 2842 834 2927 plurimis
874 2843 1014 2910 saeculis
1053 2841 1171 2909 famam
1205 2843 1258 2918 sui
1291 2863 1358 2908 non
1392 2843 1560 2926 potuerint

392 2956 620 3021 transmittere.
666 2955 769 3042 Quod
800 2953 827 3018 si
861 2954 1145 3034 Castellanorum,
1178 2953 1237 3035 qui
1271 2952 1304 3018 in
1340 2955 1451 3020 eadem
1485 2970 1563 3021 sunt

392 3085 514 3147 causa,
545 3067 655 3150 portio
690 3067 841 3145 accedat,
874 3085 976 3147 parvo
1000 3064 1109 3130 minus
1133 3064 1241 3130 omnis
1266 3084 1410 3132 oceanus
1432 3066 1564 3132 duobus

391 3177 525 3262 populis
555 3177 758 3259 mancipatus
789 3191 859 3257 est,
884 3175 956 3242 aliis
980 3190 1031 3240 tot
1054 3174 1207 3260 gentibus
1231 3176 1273 3241 ad
1295 3176 1563 3258 Septentrionem

305 3361 317 3384 ,
391 3287 530 3354 redactis
552 3287 737 3373 angustias:
761 3290 970 3370 multumque
992 3287 1127 3370 decepta
1151 3301 1201 3352 est
1223 3301 1355 3364 natura,
1380 3307 1464 3367 quae
1488 3306 1563 3352 cum

392 3402 586 3466 elementum
611 3399 694 3464 illud
717 3398 870 3464 omnibus
893 3396 1130 3479 circumfudit,
1154 3397 1307 3464 omnibus
1328 3396 1423 3462 etiam
1445 3397 1562 3462 suffec-

391 3527 501 3578 turum
526 3511 677 3576 credidit.
723 3509 761 3576 In
789 3523 879 3576 tanto
902 3509 983 3575 mari
1006 3509 1033 3575 si
1058 3508 1135 3590 quis
1157 3529 1220 3574 usu
1243 3507 1431 3591 promiscuo
1455 3511 1561 3575 solum

392 3622 455 3688 sibi
487 3622 659 3706 imperium
683 3636 716 3687 et
738 3621 896 3688 ditionem
930 3621 1115 3704 exciperet,
1149 3633 1256 3684 tamen
1290 3619 1482 3686 immodicae
1504 3621 1563 3686 do-

390 3734 579 3800 minationis
599 3733 772 3800 ·affectator
793 3733 988 3800 haberetur:
1012 3731 1040 3796 si
1065 3731 1141 3814 quis
1163 3731 1291 3814 piscatu
1315 3747 1439 3797 arceret
1460 3732 1561 3814 alios,

391 3847 521 3914 insanae
554 3846 748 3930 cupiditatis
778 3859 889 3911 notam
922 3863 989 3910 non
1013 3841 1190 3927 effugeret:
1215 3856 1248 3908 at
1271 3842 1329 3924 qui
1353 3842 1451 3908 etiam
1472 3842 1564 3908 navi-

391 3974 502 4044 gatum
527 3958 684 4041 impedit,
709 3977 777 4039 quo
799 3956 884 4046 nihil
908 3956 970 4040 ipsi
993 3955 1102 4038 perit,
1127 3954 1167 4018 de
1191 3974 1229 4020 eo
1252 3955 1335 4036 quid
1355 3953 1560 4020 statuemus?

391 4072 427 4137 Si
460 4071 534 4153 quis
559 4071 598 4134 ab
623 4069 712 4154 igni,
747 4069 805 4150 qui
830 4081 924 4133 totus
947 4087 1028 4134 suus
1052 4081 1121 4146 est,
1156 4065 1264 4149 ignem
1288 4085 1424 4147 capere,
1453 4065 1561 4128 lumen

390 4203 451 4248 suo
475 4183 515 4248 de
538 4181 661 4246 lumine
685 4183 821 4246 aiterum
842 4179 1053 4264 prohiberet,
1078 4179 1148 4261 lege
1171 4177 1259 4242 hunc
1280 4177 1439 4240 humanae
1460 4173 1562 4240 socie-

387 4294 467 4386 tatis
490 4313 579 4359 reum
603 4311 810 4376 peragerem:
835 4291 913 4373 quia
935 4289 987 4356 vis
1010 4282 1046 4354 ea
1069 4302 1118 4352 est
1141 4287 1237 4354 istius
1259 4300 1418 4365 natutae,

425 4528 431 4557 ¹
451 4543 525 4588 supra
543 4531 668 4586 allegatas.
