3546 5654
370 621 431 701 176
461 659 466 672 ·
675 637 722 684 nn
746 635 839 702 June
867 637 1050 684 ansanus.
1076 635 1155 684 cnr.
1180 637 1231 682 xr.

366 791 514 875 regiones
525 792 711 870 adventum,
723 791 856 858 timidos
869 811 905 856 ac
918 791 1114 874 suspicaces.
1138 789 1234 856 Nihil
1246 789 1330 856 enirn
1341 791 1537 874 proclivius,

367 923 465 983 quam
487 901 679 986 Europaeos
705 904 801 968 etiam
822 923 936 970 omnes
958 902 1113 969 infamare
1137 904 1223 985 apud
1244 902 1346 984 istos,
1371 904 1428 985 qui
1449 920 1538 970 tanta

366 1015 483 1079 scelera
515 1014 685 1096 viderant,
718 1029 805 1080 tanta
834 1015 978 1097 perpessi
1005 1029 1104 1080 erant.
1149 1013 1339 1080 Indicabant
1360 1015 1535 1096 Lusitani,

366 1145 434 1205 quo
454 1124 559 1192 tutius
577 1141 650 1191 ante
670 1125 887 1209 experimenta
906 1125 1168 1206 mentiebantur,
1192 1139 1291 1208 atque
1312 1125 1356 1190 ita
1375 1147 1433 1208 per
1445 1147 1536 1213 reges

364 1255 528 1320 regnaque
553 1237 662 1302 omnia
692 1237 905 1318 differebant,
935 1236 1064 1304 venisse
1086 1236 1228 1320 piratae,
1253 1237 1376 1319 quibus
1401 1237 1434 1302 in
1455 1240 1535 1304 mari

365 1347 478 1427 sedes,
512 1363 667 1430 quaestus
699 1348 732 1414 in
765 1363 881 1431 rapte,
919 1350 1008 1417 nulla
1041 1348 1132 1414 sedes
1164 1362 1290 1431 pacata.
1335 1351 1535 1432 Argumenta

365 1459 484 1526 dabant
504 1461 628 1525 cultum
641 1459 837 1542 simplicem,
861 1474 1010 1526 ornatum
1023 1478 1150 1525 omnem
1164 1458 1197 1524 in
1210 1459 1309 1526 annis
1322 1475 1355 1525 et
1364 1461 1532 1528 machinis.

364 1568 449 1636 Nam
472 1569 647 1652 Lusitani,
672 1570 750 1652 quia
773 1570 879 1636 inania
903 1571 991 1652 apud
1019 1570 1172 1637 barbaros
1202 1573 1341 1638 multum
1364 1575 1474 1640 valent
1503 1588 1535 1642 et

364 1681 444 1764 ipsis
475 1696 588 1764 agnata
620 1682 774 1764 superbia
804 1696 872 1760 est,
905 1684 1019 1747 luxum
1050 1681 1084 1747 in
1117 1681 1232 1748 habitu
1266 1697 1298 1746 et
1331 1684 1533 1766 supellectile

363 1807 541 1875 usurpant:
573 1813 679 1874 anna,
712 1807 750 1858 ut
781 1793 866 1858 inter
896 1794 1015 1874 rudes,
1040 1793 1238 1862 incuriosius
1260 1795 1393 1860 habent.
1441 1796 1531 1861 Haec

333 1904 421 1997 =ubi
447 1904 553 1987 primo
584 1923 717 1970 accessu
748 1904 871 1970 revicta
899 1919 999 1985 sunt,
1021 1904 1092 1970 'alia
1114 1907 1361 1990 spargebantur.
1407 1909 1532 1991 Anglos

363 2033 433 2082 esse
464 2014 605 2092 scilicet,
637 2015 787 2082 homines
816 2014 960 2097 perfidos
983 2034 1019 2082 ac
1042 2014 1193 2096 furaces,
1218 2015 1341 2097 quibus
1365 2017 1531 2102 ingenium

362 2127 457 2211 peius
489 2141 572 2190 terra
603 2124 730 2192 nullum
765 2128 873 2192 aleret.
919 2127 982 2193 Et.
1000 2147 1067 2207 quo
1096 2127 1199 2210 maior
1220 2126 1344 2192 invidia
1366 2129 1532 2194 accederet

362 2237 449 2319 apud
471 2237 592 2316 Indos,
616 2236 788 2320 (maritimi
811 2236 960 2319 plerique
983 2239 1045 2304 sub
1068 2237 1200 2322 regibus
1222 2238 1385 2305 Arubibus
1408 2239 1530 2306 Mathu-

361 2349 511 2415 metismo
531 2367 649 2414 nomen
671 2347 873 2432 dederunt,)
905 2368 1011 2415 mores
1031 2369 1109 2429 eos,
1134 2348 1258 2430 quibus
1282 2349 1434 2416 Sinenses
1455 2352 1530 2432 plu·

361 2570 502 2636 Gentem
533 2571 617 2635 eninr
651 2591 721 2636 esse
752 2571 877 2638 nullius
911 2571 1055 2638 numinis
1084 2587 1307 2653 reverentem,
1343 2593 1426 2654 quae
1469 2592 1528 2640 nec

359 2682 517 2766 religione
540 2683 647 2764 aliqua
671 2702 730 2747 nec
753 2682 883 2767 legibus
906 2697 1079 2749 teneretur.
1104 2681 1194 2766 Opes
1207 2698 1314 2748 autem
1327 2685 1409 2749 male
1422 2699 1528 2766 partas

359 2794 448 2860 haud
476 2794 593 2860 melius
625 2792 797 2879 prodigere
830 2793 952 2860 effusos
976 2796 1009 2860 in
1034 2795 1242 2877 ebrietatem,
1278 2815 1362 2877 quae
1394 2794 1440 2860 ibi
1464 2815 1529 2861 non

357 2906 441 2972 levis
465 2905 596 2972 infamia
627 2921 687 2972 est.
732 2905 880 2972 Accessit
908 2905 1031 2972 crimen
1059 2905 1125 2972 illis
1151 2927 1285 2988 quoque
1306 2905 1459 2990 gentibus
1480 2906 1530 2972 in-

358 3147 427 3192 esse
459 3128 551 3210 quod
584 3130 711 3194 nullum
747 3127 937 3194 feminarum
972 3128 1163 3194 comitatum
1198 3148 1310 3195 secum
1340 3129 1528 3208 traherent,

358 3238 449 3320 quod
481 3238 633 3304 Lusitani
666 3241 794 3308 solent:
827 3259 928 3322 quare
960 3240 1076 3321 sequi,
1108 3239 1239 3307 batavis
1271 3239 1355 3305 inter
1388 3258 1422 3304 se
1445 3239 1527 3306 nibil

356 3350 521 3418 illicitum.
574 3351 752 3432 Postquam
787 3351 866 3416 haec
901 3349 974 3417 visu
1009 3371 1115 3416 coram
1151 3348 1403 3432 refellebantur,
1438 3350 1529 3416 aliud

355 3462 510 3546 jactatum
543 3477 611 3527 cst:
644 3481 732 3552 oram
765 3462 852 3527 unde
884 3461 939 3527 isti
971 3461 1122 3528 venirent
1153 3462 1312 3528 classibus
1348 3461 1525 3545 plurimum

356 3575 484 3654 valere,
514 3593 621 3655 neque
656 3592 743 3638 nurrc
767 3573 857 3638 aliud
882 3574 944 3638 sub
966 3574 1041 3639 velo
1062 3571 1296 3656 negotiationis
1315 3573 1404 3656 peti,
1429 3594 1525 3656 quam

357 3699 395 3749 ut
428 3684 604 3767 exploratis
632 3685 809 3767 aliquando
842 3684 937 3750 terris
971 3683 1140 3767 indigenas
1170 3683 1389 3768 depellerent,
1423 3686 1524 3770 impe-

356 3796 507 3878 riumque
529 3796 591 3862 sibi
612 3796 805 3863 stabilirent.
830 3796 869 3862 Id
891 3781 1044 3861 sensuros
1067 3795 1159 3861 brevi
1184 3815 1276 3881 reges
1296 3799 1524 3880 populosque,

356 3907 389 3973 ni
412 3927 501 3973 suam
525 3907 714 3974 societatem
738 3907 772 3973 in
796 3922 941 3989 tempore
964 3907 1185 3988 implorarent.
1232 3907 1329 3974 Haec
1345 3907 1448 3974 literis
1470 3923 1526 3974 aut

356 4019 543 4102 interceptis
578 4034 635 4084 aut
669 4018 920 4099 demonstratis,
955 4017 1033 4084 haec
1069 4016 1275 4099 deceptarum
1309 4017 1455 4101 gentium
1490 4039 1526 4083 ac

355 4130 544 4213 Principum
568 4129 764 4196 testimoniis
788 4142 975 4212 eruperunt.

196 4259 266 4306 Anno
280 4264 340 4317 1⁵9⁶·
400 4241 474 4307 Hoc
495 4240 577 4306 illud
596 4256 644 4306 est
665 4241 756 4322 quod
777 4239 882 4323 primo
904 4239 1099 4307 Batavorum
1122 4239 1155 4306 in
1177 4258 1229 4305 eas
1239 4253 1346 4321 partes
1359 4237 1524 4320 adventu,

356 4352 518 4436 (quatuor
539 4367 629 4417 erant
650 4369 751 4418 naves
772 4351 894 4432 quibus
915 4350 1052 4417 totidem
1072 4350 1217 4436 magistri
1241 4351 1427 4434 praeerant)
1440 4349 1527 4433 apud

354 4461 614 4545 Rasadaumam‚
640 4483 736 4545 quem
755 4482 942 4546 supremum
960 4463 1061 4548 Juvae
1080 4462 1265 4544 Principem
1285 4461 1435 4527 Lusitani
1467 4482 1527 4528 vo·
