3530 5656
387 685 428 748 34
685 683 733 732 DE
754 684 849 752 JURE
874 683 1058 732 PRAEDAE.
1084 685 1167 733 GAP·
1193 683 1249 732 111.

385 838 597 924 mogenianus
617 845 626 881 ¹
646 838 687 903 ad
713 838 769 923 jus
799 839 943 923 gentium
965 839 1079 920 refert,
1108 855 1139 906 et
1160 839 1370 905 Florentinus
1388 842 1401 878 ¹
1421 840 1557 911 tutelam

385 950 534 1033 corporis
562 964 596 1014 et
625 949 733 1014 omnis
764 949 902 1034 injuriae
930 951 1219 1036 propulsationem.
1265 949 1361 1016 Vidit
1391 951 1453 1016 hoc
1486 950 1558 1016 Bal-

384 1061 488 1142 dus',
508 1061 566 1144 qui
586 1061 670 1127 inter
683 1060 937 1145 jurisconsultos
953 1064 1076 1148 optime
1094 1051 1364 1146 philosophatur,
1385 1082 1458 1127 cum
1476 1061 1559 1128 dixit

385 1172 499 1238 armari
527 1172 709 1254 rationem,
742 1173 874 1254 quoties
901 1175 1030 1258 justitia
1059 1175 1129 1243 sine
1161 1173 1259 1239 armis
1286 1187 1356 1240 tuta
1388 1191 1460 1240 esse
1491 1193 1557 1238 non

384 1299 504 1368 potest.
549 1284 642 1371 Quin
671 1298 704 1349 et
733 1286 811 1351 orhe
838 1285 903 1371 jam
936 1284 1001 1352 fere
1032 1286 1121 1354 omni
1153 1284 1346 1369 percognito
1369 1303 1448 1369 gens
1469 1286 1558 1350 nulla

385 1411 435 1462 est
455 1411 600 1479 reperta,
624 1417 708 1478 quae
729 1415 797 1462 non
815 1393 863 1461 fas
883 1412 978 1480 putet
995 1400 1051 1483 J'us
1072 1416 1167 1463 suum
1190 1398 1244 1462 vel
1267 1395 1363 1462 armis
1384 1397 1554 1479 persequi:

384 1523 482 1590 atque
506 1507 587 1574 adeo
608 1508 671 1572 alta
691 1507 787 1573 etiam
803 1527 883 1590 pace
902 1508 1033 1574 urbium
1046 1510 1314 1593 propugnacula,
1338 1506 1454 1573 finium
1466 1529 1558 1591 prae-

385 1619 491 1698 sidia,
520 1633 687 1701 portarurn
717 1618 872 1684 custodes
904 1619 986 1702 quid
1019 1620 1109 1687 aliud
1131 1639 1229 1702 quam
1253 1619 1373 1685 bellum
1394 1619 1558 1686 minantur

385 1729 658 1797 adversantibus?
705 1729 807 1816 Quod
834 1730 861 1796 si
892 1731 1046 1798 omnibus
1067 1746 1101 1796 et
1123 1731 1158 1797 in
1178 1749 1293 1798 omnes
1311 1731 1367 1815 J'us
1388 1744 1458 1814 est,
1482 1750 1557 1814 pro·

384 1840 475 1908 fecto
508 1841 604 1907 etiarn
636 1841 834 1908 Christianis
867 1841 902 1908 in
935 1842 1146 1910 Christianos
1176 1843 1258 1923 erit,
1290 1841 1557 1925 quandoquidem

387 1953 593 2022 Christianos
622 1953 790 2020 hominum
821 1973 957 2020 numero
990 1955 1221 2038 comprehendi
1246 1973 1313 2021 non
1345 1974 1501 2040 negamus
1526 1969 1558 2019 et

385 2065 467 2131 ratio
487 2065 618 2149 insuper
640 2065 749 2132 eadem
771 2081 829 2131 est.
874 2065 961 2132 Nam
981 2066 1161 2133 Christiani
1176 2081 1207 2132 et
1219 2065 1339 2150 injuria
1352 2066 1557 2146 afficiuntur,

385 2191 418 2242 et
438 2177 557 2262 inJuria
577 2177 743 2258 afficiunt,
767 2177 930 2243 interdurn
951 2178 1046 2244 etiam
1067 2192 1196 2244 armata.
1226 2177 1313 2244 Cum
1335 2178 1420 2243 enim
1442 2176 1558 2243 Chris-

384 2288 491 2354 tianos
520 2289 574 2356 hic
605 2289 767 2370 dicimus,
797 2287 957 2372 professio
978 2289 1120 2356 nominis
1139 2289 1353 2374 intelligitur,
1380 2308 1449 2355 non
1473 2289 1557 2355 vitae

384 2400 545 2482 imitatio,
578 2421 643 2484 qua
672 2422 747 2468 vere
779 2401 960 2467 Christiani
983 2401 1184 2469 ostendimur
1205 2401 1230 2466 ⁴.
1279 2401 1407 2468 Fratres
1427 2420 1556 2468 sumus:

385 2527 476 2578 esto:
503 2528 535 2578 at
556 2513 651 2579 etiam
681 2512 812 2579 fratrem
845 2514 1007 2581 ardentem
1030 2516 1064 2579 in
1085 2533 1188 2580 meam
1219 2532 1329 2581 necem
1353 2513 1471 2598 etjam
1493 2515 1557 2578 tela

384 2623 565 2690 vibrantem
586 2639 695 2705 recte,
718 2625 751 2691 ni
772 2623 891 2707 fallor,
915 2627 1012 2692 armis
1032 2629 1195 2710 repellam.
1229 2626 1318 2691 Bella
1330 2625 1431 2710 igitur
1444 2645 1553 2710 gerere

226 2732 371 2832 fflfffs·
384 2738 476 2802 nullo
494 2738 567 2821 jure
589 2752 790 2822 repugnante
812 2757 1004 2806 concessum
1029 2753 1088 2804 est.
1132 2738 1204 2823 Juri
1225 2737 1309 2804 enirn
1330 2737 1467 2818 divino,
1492 2739 1555 2802 hoc

384 2863 434 2915 est
462 2863 595 2915 naturae
627 2864 659 2914 et
685 2849 849 2935 gentium,
880 2867 1059 2935 congruere
1086 2851 1152 2935 jam
1176 2849 1255 2916 satis
1273 2848 1442 2932 apparuit:
1473 2869 1555 2931 quae

383 2976 490 3027 autem
511 2976 643 3026 naturae
662 2964 716 3026 vel
739 2961 883 3046 gentium
899 2963 972 3046 jure
991 2961 1258 3044 praecipiuntur,
1281 2963 1352 3045 lege
1378 2959 1469 3027 civili
1481 2959 1553 3026 tolli

383 3092 424 3136 ne
451 3087 591 3155 possunt
618 3071 767 3153 quidem:
797 3088 850 3152 et,
878 3087 915 3138 ut
938 3073 1073 3139 Tullius
1097 3072 1231 3154 scribit,
1266 3071 1355 3158 quod
1372 3072 1470 3139 ciuile
1491 3093 1554 3135 non

383 3183 468 3248 idem
494 3187 648 3248 continuo
660 3186 722 3269 jus
740 3189 915 3270 gentium,
940 3182 1029 3269 quod
1046 3198 1157 3249 autem
1175 3187 1327 3271 gentium
1350 3183 1434 3249 idem
1458 3180 1555 3247 ciuile

383 3294 602 3362 assedente
648 3297 735 3362 Nam
759 3311 790 3380 et
812 3296 917 3374 civis,
940 3317 1015 3362 curn
1037 3296 1135 3361 homo
1157 3295 1220 3378 sit,
1245 3295 1329 3361 idem
1351 3296 1435 3362 velle
1457 3294 1553 3359 debet

383 3407 475 3489 quod
502 3407 650 3473 homines
680 3428 813 3489 omnes,
845 3422 877 3473 et
903 3408 1026 3487 hom0,
1057 3422 1173 3490 utpote
1207 3407 1271 3473 Dei
1302 3405 1495 3490 opificium,
1519 3403 1553 3469 id

383 3519 475 3600 quod
499 3518 591 3586 Deus
615 3541 674 3602 per
696 3534 842 3586 naturam
864 3518 984 3598 dictat,
1008 3519 1102 3602 sequi
1119 3518 1338 3602 compellitur.
1385 3517 1553 3582 Praeterea

381 3649 448 3696 non
468 3631 509 3696 ad
528 3631 732 3715 singulorum
753 3632 912 3697 duntaxat
930 3630 1209 3712 incolumitatem,
1233 3630 1291 3696 sed
1303 3629 1343 3695 ad
1355 3627 1554 3712 reipublicae

382 3741 478 3808 etiam
493 3757 539 3807 et
565 3743 811 3828 magistratuum
840 3742 1014 3808 tuitionem
1039 3743 1124 3809 bella
1155 3742 1330 3826 pertinent.
1377 3740 1476 3805 Unde
1508 3753 1556 3804 est

382 3855 473 3938 quod
500 3857 590 3922 nulla
617 3855 784 3922 invenitur
811 3854 948 3935 civitas,
980 3876 1064 3937 quae
1090 3874 1157 3920 non
1179 3854 1306 3936 aliquid
1326 3853 1366 3919 de
1387 3851 1464 3917 belli
1483 3853 1555 3936 jure

380 3968 498 4035 habeat
511 3966 744 4035 constitutum:
768 3967 938 4034 clarissimi
960 3987 1039 4033 vero
1048 3967 1251 4051 legislatores
1262 3964 1467 4048 praecipuam
1478 3981 1555 4045 ope·

382 4147 581 4158 ———-—-

415 4241 423 4272 ¹
449 4244 465 4289 l.
491 4255 523 4290 ex
544 4245 595 4290 hoc
618 4240 684 4298 jure.
708 4240 734 4288 ff.
759 4238 876 4297 delusa.
898 4250 923 4286 et
949 4238 1005 4296 iure
1024 4239 1068 4301 [D.
1090 4253 1111 4288 r.
1133 4252 1153 4288 1.
1173 4239 1211 4300 5-]
1246 4235 1289 4285 ²1.
1308 4248 1336 4286 ut
1355 4236 1415 4286 vim.
1434 4236 1495 4283 eod.
1513 4233 1555 4282 tit.

381 4333 426 4394 [D.
446 4347 467 4382 1.
488 4347 510 4382 1.
529 4333 566 4394 3.]
601 4330 694 4381 ¹adl.
713 4346 736 4380 a.
756 4334 784 4380 C.
804 4332 941 4382 deservit.
960 4343 984 4380 et
1002 4345 1075 4391 aqua.
1095 4330 1137 4392 [C.
1158 4343 1180 4387 3.
1200 4329 1357 4391 84·l11·69·
1391 4325 1449 4376 ⁴v.
1465 4326 1556 4374 Thom.

381 4437 404 4473 a.
423 4439 448 4473 a.
466 4440 490 4485 q.
513 4428 567 4474 108.
585 4436 631 4472 art.
652 4438 674 4472 1.
693 4426 724 4472 ad
742 4435 765 4482 3.
800 4422 846 4471 ⁶1.
865 4436 952 4472 omnes
970 4422 1069 4484 populi.
1085 4421 1113 4470 ff.
1132 4424 1163 4470 de
1180 4419 1238 4478 just.
1258 4431 1282 4468 et
1299 4418 1364 4477 jure.
1383 4417 1426 4480 [D.
1442 4431 1461 4466 1.
1481 4431 1501 4466 r.
1517 4417 1553 4479 9.]

379 4517 470 4568 Thom.
498 4529 519 4565 r.
545 4530 568 4564 2.
593 4529 619 4576 q.
643 4527 684 4578 9⁵·
709 4525 755 4564 art.
781 4528 804 4563 2.
828 4515 899 4563 Plato
920 4513 987 4564 Min.
1013 4514 1050 4575 [p.
1077 4513 1133 4570 316.
1158 4526 1181 4560 a.
1206 4511 1232 4560 b.
1257 4511 1293 4574 c.]
1312 4511 1367 4560 Cic.
1387 4512 1419 4559 de
1437 4509 1479 4558 off.
1495 4511 1512 4557 l.
1532 4521 1557 4565 ³·

383 4606 420 4672 [c.
444 4619 481 4665 17·
496 4611 520 4666 l·
535 4607 592 4670 ⁶9·]
