3536 5692
519 670 566 715 oe
589 669 683 735 June
709 669 891 714 raauoau.
917 669 1095 715 car.x1v.
1332 671 1393 733 313

221 841 259 892 ut
287 840 412 909 praeter
439 823 587 908 justitiae
619 823 749 888 laudern
779 821 987 888 fortitudinis
1018 824 1114 889 etiam
1144 823 1243 889 decus
1275 824 1394 890 merito

220 938 283 1003 sibi
311 937 488 1003 vindicent.
535 936 654 1016 Neque
682 954 761 1000 vero
790 934 939 1000 dubitare
968 935 1070 1016 licet,
1096 955 1180 1016 quae
1201 933 1284 999 facta
1303 935 1398 1000 vitu-

222 1049 366 1132 perium,
400 1068 483 1130 quae
512 1062 626 1113 contra
656 1047 758 1132 gloria
786 1061 967 1128 sequatur,
1002 1062 1034 1112 et
1053 1067 1136 1128 quae
1165 1046 1199 1111 in
1219 1062 1394 1128 utramque

221 1174 344 1243 partem
378 1159 499 1242 sperari
535 1159 649 1223 debeat
684 1157 809 1250 generis
843 1158 978 1223 humani
1014 1158 1224 1224 existimatio.
1277 1159 1396 1223 Memi-

221 1271 364 1336 nerimus
399 1271 629 1352 exprobratum
666 1269 839 1336 Hollandis
873 1268 976 1336 fuisse
1011 1271 1050 1334 ab
1085 1269 1175 1335 Indis
1199 1270 1394 1352 nobilibus,

222 1383 313 1465 quod
343 1382 448 1465 primo
483 1380 597 1447 itinere
629 1380 707 1446 dum
739 1381 810 1464 paci
844 1383 998 1462 student,
1032 1397 1173 1464 quatuor
1205 1401 1303 1446 naves
1339 1381 1396 1447 uni

220 1494 455 1560 Lusitanorum
488 1513 636 1559 caraccae
668 1494 741 1558 vela
774 1494 1000 1560 submiserant.
1056 1492 1308 1558 Meminerimus
1345 1493 1395 1558 in-

222 1606 340 1671 citatos
376 1625 445 1671 esse
481 1604 610 1670 eosdem
635 1625 652 1668 a
681 1605 897 1686 Sinensibus‚
934 1626 974 1669 ne
1007 1623 1154 1685 eousque
1177 1603 1294 1670 famam
1319 1625 1397 1670 con-

222 1731 427 1796 temnerent,
462 1731 499 1781 ut
532 1716 642 1781 socios
677 1716 888 1781 Macaiintem
922 1716 963 1781 ad
996 1716 1109 1781 urbem
1145 1715 1178 1779 in
1213 1715 1396 1798 patibulum

220 1830 368 1894 sublatos
398 1827 545 1909 marique
574 1829 778 1907 submersos,
803 1848 836 1894 se
861 1828 993 1910 quidem
1018 1827 1249 1910 invitissimis,
1273 1828 1397 1894 inultos

220 1953 417 2022 paterentur.
454 1937 544 2003 Turn
564 1958 641 2004 vero
661 1939 768 2004 animo
788 1953 1066 2021 repraesentemus
1085 1937 1183 2004 festas
1202 1939 1395 2005 bantamen-

220 2053 306 2117 sium
341 2050 611 2129 acclamationes,
644 2051 702 2132 qui
730 2051 913 2116 imminenti
946 2049 1077 2116 excidio
1110 2052 1269 2117 subtracti
1302 2051 1396 2116 Bata-

222 2184 338 2230 vorum
360 2163 501 2242 virtute,
526 2163 660 2227 classem
684 2162 771 2227 illam
790 2162 958 2227 victricem
979 2176 1016 2226 ut
1035 2163 1164 2253 unicam
1184 2182 1261 2227 suae
1281 2162 1396 2228 salutis

221 2290 385 2340 auctorem
407 2276 599 2339 salutarunt.
633 2273 768 2359 Quanta
788 2272 864 2337 hinc
889 2273 973 2337 fama
997 2293 1056 2354 per
1077 2273 1226 2339 insulas?
1253 2287 1396 2353 quantus

221 2387 255 2451 in
288 2388 398 2450 hostes
428 2379 573 2449 terror?
609 2383 711 2470 Quod
742 2403 821 2450 vero
844 2384 929 2467 regis
949 2383 1094 2468 Jorensis
1118 2383 1296 2468 gaudium,
1321 2404 1394 2448 cum

221 2500 332 2582 captae
355 2517 505 2562 caraccae
533 2495 681 2561 transtris
704 2495 770 2579 jam
792 2514 950 2574 securus,
973 2496 1037 2579 jam
1061 2494 1247 2559 vindicatus
1266 2490 1395 2560 insiste-

219 2610 294 2676 ret?
320 2611 411 2674 Haec
432 2608 487 2674 illa
507 2622 584 2672 sunt
606 2605 712 2688 facta,
737 2626 820 2688 quae
845 2606 980 2692 gloriam
1001 2607 1138 2673 Batavae
1150 2606 1255 2690 gentis
1269 2606 1302 2670 in
1315 2608 1394 2671 ulti·

219 2741 290 2788 mos
312 2720 426 2787 mundi
449 2718 604 2784 terminos
634 2721 834 2784 extulerunt.
884 2719 1065 2783 Fatendum
1088 2717 1197 2797 eninr,
1222 2717 1391 2783 fatendum

219 2848 285 2898 est:
310 2848 341 2898 et
361 2831 437 2914 quis
457 2830 585 2896 nescit?
611 2829 852 2895 Hollandorum
875 2850 993 2895 laomen
1016 2844 1089 2895 ante
1110 2831 1190 2894 haec
1214 2830 1299 2894 bella
1324 2830 1391 2896 exi-

221 2945 293 3030 guis
322 2944 457 3010 notitiae
486 2942 610 3008 finibus
633 2955 823 3006 contentum
848 2940 923 3006 fuit.
972 2942 1066 3006 Freta
1093 2941 1184 3021 duo,
1207 2940 1240 3004 in
1264 2956 1393 3024 septen·

219 3057 355 3123 trionem
390 3055 617 3135 Cimbricum,
651 3053 684 3117 in
719 3037 921 3119 occidentem
956 3053 1156 3118 Gaditanum
1193 3073 1243 3118 res
1280 3073 1392 3118 eorum

218 3168 403 3250 famamque
436 3187 543 3232 rerum
578 3166 785 3231 incluserant.
832 3165 949 3230 Hostis
975 3164 1115 3247 Hispani
1137 3165 1308 3230 celebritas
1332 3165 1391 3230 ali-

222 3295 381 3364 quantum
410 3277 545 3362 profuit.
599 3276 752 3342 Innotuit
781 3277 865 3341 enim
889 3277 1019 3361 longius
1049 3276 1190 3359 positis,
1215 3277 1248 3342 in
1273 3277 1389 3343 ultimo

221 3391 333 3456 oceani
366 3392 486 3474 angulo
520 3389 669 3474 exiguam
704 3407 773 3454 esse
796 3388 986 3470 nationem,
1011 3408 1094 3470 quae
1117 3407 1184 3454 non
1209 3388 1391 3455 dubitasset

221 3501 431 3585 Hispanicam
461 3501 717 3585 magnitudinem
750 3502 784 3566 in
808 3521 842 3568 se
863 3501 989 3566 irritare
1012 3515 1112 3582 atque
1136 3501 1231 3566 etiam
1252 3500 1391 3567 feliciter

220 3629 271 3678 tot
291 3633 349 3697 per
367 3632 469 3679 annos
493 3614 675 3680 retundere.
712 3613 890 3694 Postquam
914 3614 956 3678 ad
977 3612 1077 3678 Indos
1095 3627 1255 3691 ventum,
1279 3613 1391 3678 habita

220 3725 266 3789 ibi
296 3726 534 3791 Hollandorum
555 3725 662 3805 ratio,
687 3724 793 3804 qualis
817 3723 930 3787 haberi
954 3738 1169 3788 mercatorum
1191 3724 1293 3786 solet:
1319 3723 1391 3788 lau-

220 3838 293 3904 data
323 3837 404 3904 fides
436 3852 467 3901 et
498 3835 681 3916 industria,
714 3849 746 3898 et
774 3833 866 3915 quod
892 3847 1017 3899 tantum
1041 3833 1138 3898 maris
1163 3833 1392 3916 enavigassent

220 3949 487 4017 commerciorum
519 3947 630 4031 gratia.
678 3945 744 4010 Sed
773 3945 996 4027 praeradiabat
1018 3943 1128 4029 fulgor
1152 3941 1291 4009 eximius
1313 3945 1391 4009 His-

219 4082 402 4145 panorum,
435 4058 494 4141 qui
519 4057 696 4122 domitores
718 4057 822 4122 totius
844 4077 945 4139 prope
971 4056 1060 4122 orbis
1082 4070 1114 4120 et
1137 4055 1199 4121 soli
1220 4056 1390 4123 hominum

123 4210 127 4215 -
221 4173 336 4240 invicti
370 4171 592 4237 credebantur.
650 4167 796 4234 Oderant
831 4169 963 4250 quidem
994 4168 1173 4234 Lusitanos
1203 4168 1298 4247 Indi,
1335 4170 1391 4234 sed

220 4285 349 4351 interim
371 4284 559 4349 metuebant
580 4296 611 4346 et
632 4281 872 4347 venerabantur
895 4279 1014 4360 etiam,
1040 4279 1124 4345 sicut
1143 4279 1292 4344 audimus
1305 4280 1392 4363 apud

222 4397 372 4463 barbaras
396 4409 508 4479 gentes
532 4393 659 4460 Genios
683 4395 786 4458 malos
805 4393 847 4458 ob
861 4394 924 4458 hor
938 4412 1061 4472 unum,
1086 4413 1125 4456 ne
1137 4407 1298 4471 noceant,
1315 4393 1389 4457 coli.

222 4509 352 4574 lnsulas
387 4522 420 4571 et
440 4506 573 4584 littora,
598 4526 681 4586 quae
702 4505 839 4589 imperio
861 4525 927 4570 non
950 4519 1120 4588 poterant,
1145 4503 1336 4570 auctoritate
1360 4519 1392 4569 et
