3536 5692
358 645 421 710 312
646 603 693 688 Da
719 643 809 705 JURE
837 641 1023 688 Pannona.
1050 641 1119 688 cat>
1154 642 1232 687 XIV·

357 798 529 877 eumdem,
554 817 650 879 quem
674 799 772 863 semel
784 797 891 863 odisse
904 798 991 860 ultro
1004 810 1198 878 coeperant,
1222 795 1262 860 ad
1274 797 1531 863 internecionem

357 929 463 992 usque
484 923 733 992 persequantur.
779 910 951 975 Adversus
970 910 1050 974 tales
1070 908 1171 992 igitur
1189 907 1338 973 homines
1358 924 1396 973 ut
1415 909 1531 975 leniter

357 1041 450 1105 agere
473 1040 532 1086 nec
553 1021 701 1102 periculo
724 1039 784 1085 nec
809 1019 991 1086 timiditatis
1014 1020 1135 1102 probro
1157 1033 1273 1100 vacat,
1296 1019 1341 1084 ita
1360 1041 1394 1086 se
1414 1021 1528 1087 ulcisci

357 1132 434 1215 quia
456 1133 674 1198 necessarium
699 1132 795 1197 etiam
819 1133 992 1198 honestum
1016 1146 1075 1196 est.
1122 1130 1288 1196 Novimus
1313 1131 1397 1197 enim
1420 1151 1528 1198 mores

358 1244 604 1326 Hispanorum,
635 1243 692 1325 qui
723 1243 801 1308 belli
824 1243 925 1326 hujus
949 1242 1040 1324 quod
1063 1241 1096 1307 in
1120 1239 1233 1326 Belgio
1258 1242 1381 1326 geritur
1404 1243 1528 1323 initiis,

356 1375 432 1420 cum
456 1355 520 1420 illis
545 1355 656 1437 aliquo
680 1355 778 1420 modo
802 1369 1010 1438 parceretur,
1032 1355 1124 1419 nullo
1138 1353 1201 1436 ipsi
1214 1353 1443 1420 abstinuerunt
1455 1375 1529 1420 cru-

357 1466 499 1533 deliratis
523 1487 659 1550 genere,
685 1487 743 1531 nec
767 1466 859 1548 prius
883 1465 1028 1531 deterriti
1051 1479 1150 1544 sunt,
1175 1484 1270 1546 quam
1292 1466 1379 1548 paria
1393 1466 1425 1530 in
1439 1466 1528 1549 ipsos

357 1578 613 1644 decernerentur.
661 1579 709 1644 At
741 1579 774 1643 in
806 1577 899 1642 India
931 1597 970 1640 ne
1002 1576 1065 1640 hoc
1090 1576 1223 1657 quidem
1247 1577 1396 1661 contigit.
1441 1579 1527 1665 Quis

355 1689 460 1755 nescit
483 1689 634 1772 injuriam
652 1689 832 1770 quamlibet
844 1689 1044 1771 corporalem
1057 1707 1184 1753 omnem
1197 1689 1357 1754 bonorum
1367 1691 1525 1774 jacturam

355 1799 484 1864 infinito
517 1799 638 1865 anteire
657 1799 698 1881 ¹2
743 1800 814 1864 Illic
843 1813 951 1864 autem
970 1813 1040 1863 tum
1062 1799 1175 1866 Batavi
1196 1801 1419 1882 discerpantur
1438 1801 1525 1882 viri,

355 1910 395 1975 ad
422 1930 528 1976 remos
559 1911 772 1993 addicantur,
807 1911 953 1993 ipsorum
985 1924 1098 1976 contra
1129 1911 1267 1994 captivis
1292 1927 1324 1976 et
1345 1913 1413 1977 vita
1436 1914 1526 1978 salva

355 2037 404 2086 est
424 2037 455 2087 et
474 2024 563 2089 salva
582 2024 723 2088 libertas.
769 2023 877 2104 Atqui
897 2042 1036 2104 aequum
1057 2022 1165 2088 fuerat
1184 2044 1240 2090 eos
1260 2024 1407 2108 graviora
1427 2045 1524 2106 quam

353 2131 496 2200 fecerant
528 2136 677 2218 perpeti,
714 2151 751 2201 ut
785 2136 843 2218 qui
877 2135 1003 2218 priores
1037 2155 1096 2200 nec
1132 2135 1249 2200 irritati
1284 2151 1348 2200 tam
1373 2136 1524 2202 immania

354 2246 532 2312 edidissent
563 2249 717 2330 exempla.
765 2248 856 2312 Haec
890 2267 969 2312 vero
993 2247 1076 2312 ultio
1100 2246 1265 2321 sanedici
1288 2247 1345 2313 vix
1368 2263 1521 2314 meretur.

355 2358 536 2442 Castigatio
568 2373 694 2424 tantum
728 2374 798 2440 est,
841 2379 905 2440 qua
938 2357 1063 2422 discant
1096 2358 1236 2423 immites
1267 2359 1386 2440 animi,
1423 2380 1521 2441 quam

354 2468 462 2552 gravis
485 2470 528 2535 sit
550 2470 623 2536 aliis
645 2491 751 2536 rerum
776 2490 907 2535 suarum
928 2471 1072 2554 jactura:

386 2571 389 2575 Δ
705 2603 768 2645 non
791 2582 871 2645 solos
895 2585 1008 2668 tangit
1033 2579 1178 2646 Atridas

570 2693 637 2757 Iste
659 2687 763 2758 dolor.

396 2806 561 2893 Quoniam
594 2825 672 2872 vero
706 2807 879 2872 honestum
903 2805 936 2870 in
958 2805 1094 2888 praedae
1124 2818 1256 2886 captura
1283 2805 1459 2887 praecipue
1482 2827 1523 2871 ex

353 2918 416 2984 fine
450 2917 588 3000 spectari
624 2917 867 2999 supradictum
891 2931 963 2997 est,
986 2916 1100 2982 referri
1124 2918 1188 2982 huc
1213 2917 1308 2982 debet
1331 2917 1422 2998 quod
1444 2918 1521 2983 alibi

350 3030 583 3113 probavimus,
607 3029 736 3095 omissis
759 3029 910 3112 plurimis
933 3029 1060 3111 opimae
1083 3029 1161 3094 satis
1184 3030 1319 3111 praedae
1341 3030 1520 3096 occasioni-

351 3143 437 3220 bus,
479 3155 594 3205 nautas
633 3141 775 3205 Batavos
809 3161 876 3205 eam
914 3140 1136 3222 suspicionem
1171 3143 1285 3222 procul
1320 3140 1398 3205 satis
1433 3161 1450 3206 a
1482 3162 1519 3206 se

350 3252 551 3332 removisse,
585 3266 622 3316 ut
644 3250 730 3316 nuda
753 3251 889 3333 praedae
913 3252 1091 3333 cupiditate
1114 3251 1242 3336 aggredi
1267 3266 1354 3317 tanta
1377 3253 1520 3335 pericula

349 3363 437 3429 credi
469 3383 536 3428 non
567 3377 725 3446 possent,
759 3383 833 3426 cum
866 3364 970 3445 palam
1003 3364 1047 3428 sit
1076 3363 1240 3445 quidquid
1263 3362 1435 3443 fecerunt,
1460 3366 1518 3429 hac

350 3477 390 3541 de
422 3495 517 3541 causa
549 3473 686 3553 fecisse,
720 3474 811 3555 quod
844 3475 1022 3540 Lusitanos
1046 3488 1202 3557 quaestus
1224 3474 1430 3542 avidissimos
1453 3495 1518 3541 non

349 3587 411 3652 alia
439 3586 562 3651 ratione
593 3585 747 3652 videbant
775 3604 872 3668 posse
905 3585 1057 3650 coerceri.
1103 3586 1272 3653 Praeterea
1303 3587 1373 3670 ipsa
1402 3588 1520 3669 praeda

349 3718 416 3765 non
444 3701 570 3763 lucrum
602 3697 716 3780 affert,
750 3696 807 3764 sed
837 3697 989 3761 damnum
1022 3712 1170 3780 reparat,
1202 3718 1269 3778 quo
1300 3699 1384 3763 nihil
1412 3713 1520 3780 potest

350 3811 479 3876 evenire
506 3809 690 3874 honestius.
735 3809 815 3874 Non
837 3824 944 3874 autem
964 3807 1135 3876 fraudibus
1155 3810 1255 3890 ullis,
1278 3830 1345 3876 non
1365 3810 1519 3894 perfidia,

350 3943 433 4004 quae
461 3937 567 3989 tamen
598 3935 748 4005 poterant
780 3920 813 3985 in
845 3921 1022 3986 Lusitanos
1063 3940 1129 3987 non
1162 3921 1281 4004 injusta
1311 3921 1438 4001 videri,
1479 3942 1520 3987 ne

349 4034 483 4100 furtivis
507 4035 641 4115 quidem
665 4031 1033 4113 circumventionibus,
1051 4032 1108 4097 sed
1126 4029 1230 4115 palam
1254 4033 1388 4115 publico
1410 4035 1519 4099 Marte

350 4145 518 4230 pugnandi
543 4145 669 4227 copiam
691 4143 864 4210 fecerunta
879 4160 911 4210 et
933 4145 1064 4227 quidem
1088 4164 1183 4227 saepe
1202 4145 1300 4227 pauci
1320 4166 1393 4210 cum
1415 4146 1520 4228 copiis

301 4291 302 4294 ¹
351 4258 511 4323 immenso
530 4256 732 4340 majoribus,
756 4277 792 4320 ea
812 4256 993 4321 animorum
1014 4256 1137 4323 virtute
1160 4271 1374 4340 etcorporum
1385 4259 1519 4337 robore,

382 4503 389 4534 ¹
408 4507 425 4552 l.
444 4505 470 4552 in
486 4517 627 4552 servorum.
645 4504 670 4551 ff.
690 4505 721 4552 de
739 4503 837 4564 poenis.
858 4503 902 4566 [D.
919 4507 961 4565 48.
982 4517 1019 4566 19.
1041 4503 1090 4568 10.]
