3536 5692
519 609 566 654 DE
590 608 683 674 JURE
709 606 892 653 PRAEDAE.
918 605 999 651 cAP.
1023 605 1098 651 XIV.
1334 603 1395 667 303

226 782 336 848 gorcm
356 762 367 800 ¹
387 781 490 844 aeque
519 781 588 826 esse
618 759 857 825 admirabilem:
892 759 972 824 adeo
1003 758 1135 840 quidem
1163 772 1201 822 ut
1227 755 1364 822 Tullius
1385 752 1418 816 ².

223 873 362 955 dixerit,
387 874 471 940 nihil
493 875 667 939 honestum
691 890 761 936 esse
781 890 904 954 posse,
924 869 1017 951 quod
1033 869 1163 954 justitia
1183 882 1288 934 vacet.
1312 866 1396 933 Esse

226 985 311 1052 enirn
340 986 423 1051 hanc
452 983 700 1050 fundamentum
723 982 887 1065 quoddam
909 995 1085 1064 perpetuae
1108 977 1398 1046 commendationis

225 1111 258 1160 et
275 1094 420 1176 formae,
446 1095 515 1159 sine
539 1114 603 1176 qua
628 1094 711 1158 nihil
732 1093 839 1176 possit
859 1111 930 1158 esse
952 1092 1115 1158 laudabile
1126 1091 1148 1158 ³.
1174 1091 1276 1178 Quod
1295 1089 1397 1173 igitur

225 1203 348 1270 factum
382 1223 451 1269 esse
484 1219 548 1270 tam
581 1204 709 1270 illustre
741 1219 840 1286 atque
876 1203 1055 1288 gloriosum
1086 1217 1218 1285 potest,
1244 1221 1340 1282 quam
1365 1199 1398 1266 in

227 1335 295 1396 quo
318 1331 458 1398 utraque
481 1316 542 1381 ista
566 1316 672 1382 virtus
695 1315 816 1398 pariter
839 1314 1054 1398 resplendet?
1096 1312 1272 1398 Contingit
1291 1326 1398 1376 autem

228 1427 291 1491 hoc
313 1446 474 1509 nusquam
497 1427 636 1508 clarius,
661 1447 759 1509 quam
784 1447 858 1493 cum
877 1428 970 1512 iusto
991 1440 1171 1510 apertoque
1183 1426 1270 1491 bello
1282 1421 1398 1489 datur*

314 1540 391 1622 ἄνδρ’
410 1543 615 1622 ἀπαμύνεσθαι
637 1538 710 1616 decu
731 1543 860 1624 πρότερος
882 1520 1049 1625 quaterden-

313 1651 434 1714 Marte
456 1653 568 1717 uirum
593 1650 730 1734 ulcisci,
756 1655 815 1735 qui
838 1672 894 1716 nos
912 1655 1015 1737 prior
1037 1655 1104 1737 ipse
1129 1651 1274 1715 lacessit.

271 1760 472 1841 Fortitudo,
497 1777 535 1827 ut
557 1761 635 1826 alibi
659 1783 698 1828 ex
722 1762 1129 1842 Ambrosio⁵retulimus,
1154 1781 1236 1844 quae
1259 1758 1395 1844 patriam

226 1885 282 1935 aut
315 1871 424 1938 socios
458 1888 515 1938 aut
549 1872 698 1940 infirmos
732 1872 904 1956 defendit,
934 1873 1038 1960 plena
1063 1876 1208 1959 justitia
1242 1885 1302 1937 est.
1350 1870 1396 1935 Et

226 1981 433 2048 acutissimus
468 1984 742 2068 philosophorum
762 1988 798 2066 ⁶,
830 1990 1004 2067 inimicos,
1038 1985 1170 2068 inquit,
1202 1985 1317 2050 ulcisci
1341 1984 1397 2047 ho·

225 2107 352 2159 nestum
376 2108 446 2175 est,
471 2099 552 2179 quie
570 2111 641 2181 par
658 2101 743 2183 pari
767 2097 898 2180 referre
905 2099 1038 2182 justum
1051 2111 1098 2161 est
1110 2119 1123 2162 .·
1137 2098 1272 2181 justum
1286 2109 1395 2159 autem

225 2205 393 2270 honestum
427 2210 565 2290 utique:
599 2220 631 2271 et
655 2222 838 2293 praeterea
853 2207 962 2290 fortis
985 2212 1057 2275 uiri
1080 2209 1213 2294 officium
1238 2221 1308 2287 est,
1333 2227 1397 2271 non

226 2315 360 2381 cedere:
386 2315 472 2382 unde
495 2331 526 2380 et
549 2321 696 2384 victorie
720 2332 751 2382 et
775 2323 833 2402 qui
856 2322 1021 2385 uictoriae
1039 2317 1242 2402 deferuntur
1261 2319 1396 2382 honores

226 2425 281 2493 tel
311 2431 403 2492 inter
436 2431 582 2492 maxime
616 2430 751 2494 honesto
786 2444 1035 2495 numerantur:
1078 2429 1157 2495 adeo
1193 2429 1323 2514 quidem
1359 2443 1397 2492 ut

227 2537 409 2623 expetenda
433 2543 524 2620 sint,
550 2520 685 2605 etiamsi
697 2541 855 2624 fructum
880 2563 943 2606 non
967 2539 1141 2627 offerant,
1166 2545 1247 2625 quia
1271 2539 1396 2605 scilicet

226 2653 368 2716 uirtutis
401 2651 632 2715 excellentiam
665 2650 853 2718 declarant.
900 2653 991 2720 Haec
1024 2653 1090 2718 ille.
1135 2653 1209 2718 Nec
1234 2651 1399 2733 estquod

228 2776 378 2826 occurrat
398 2761 573 2844 quisquam
594 2762 961 2846 magnificentius-fore,
985 2764 1151 2846 simulque
1171 2783 1236 2829 non
1256 2763 1398 2828 alienum

227 2893 244 2936 a
269 2872 396 2938 Christi
421 2887 452 2938 et
474 2873 749 2956 philosophorum
773 2875 976 2958 praeceptis,
1001 2876 1152 2941 damnum
1181 2875 1246 2943 illis
1269 2877 1396 2940 nullum

227 2982 369 3065 inferre,
404 2985 525 3066 quibus
554 3000 592 3050 ut
621 2985 797 3052 inferamus
817 2986 849 3052 in
870 3002 981 3053 nostra
1001 3002 1251 3070 estpotestate,
1278 3002 1315 3053 ut
1337 3005 1398 3052 nos

227 3094 299 3178 ipso
322 3095 411 3161 facto
435 3096 587 3164 hostibus
608 3097 729 3165 no‘stris
750 3114 913 3182 praestare
938 3099 1211 3166 demonstremus.
1258 3100 1344 3164 Nam
1365 3098 1400 3163 id

226 3227 304 3272 sane
323 3210 383 3274 hac
407 3208 516 3292 specie
536 3224 574 3274 ut
592 3210 740 3293 justitiae
762 3231 797 3276 ac
810 3211 962 3294 publicae
976 3210 1133 3294 utilitati,
1158 3211 1202 3277 ita
1215 3227 1248 3276 et
1259 3212 1397 3277 honesto

226 3334 399 3404 repugnat.
451 3320 621 3387 Ultionem
653 3323 710 3405 qui
745 3323 951 3406 improbant,
988 3342 1044 3388 cos
1079 3323 1223 3389 diximus
1256 3323 1396 3407 primum
1411 3343 1467 3442 cap.
1484 3342 1560 3387 trau

227 3429 311 3496 illud
343 3431 485 3512 sentire,
520 3433 659 3516 privatis
683 3455 749 3500 nrm
773 3435 973 3516 convenire,
996 3450 1034 3500 ut
1058 3455 1154 3517 quam
1178 3450 1319 3519 possunt
1341 3455 1398 3518 per
1411 3398 1559 3551 cmlt'tn'r‘

225 3542 370 3626 judicem
406 3558 557 3626 expetere
591 3545 794 3629 vindictam,
829 3567 897 3612 eam
931 3568 989 3630 per
1017 3568 1053 3613 se
1084 3562 1257 3630 expetant3
1281 3546 1398 3612 demde
1412 3560 1480 3605 conc
1463 3505 1559 3605 [affl

228 3674 307 3719 vero
331 3669 363 3720 et
386 3675 515 3722 causam
541 3657 653 3723 adesse
677 3658 794 3724 debere
808 3673 841 3723 et
858 3659 985 3742 justum
998 3658 1233 3725 inulciscendo
1246 3658 1398 3737 modum,

228 3785 326 3846 quem
351 3766 462 3832 excedi
485 3786 552 3832 non
576 3783 749 3850 oporteat,
774 3789 809 3834 ac
832 3789 951 3851 purum
975 3784 1144 3852 praeterea
1166 3770 1307 3834 animum
1331 3788 1399 3834 rec-

228 3891 360 3959 tamque
396 3876 621 3944 intentionem.
667 3879 758 3944 Haec
794 3894 902 3945 autem
932 3880 1196 3961 nihilobstant,
1221 3879 1398 3962 quominus

228 3988 391 4056 interdum
416 4005 560 4056 streete
583 4004 615 4055 et
632 3991 814 4057 necessario
834 3990 1049 4058 vindicemur.
1085 3991 1398 4059 Seneca⁷breviter:

289 4201 368 4250 Arist.
378 4204 409 4251 de
422 4202 514 4249 morib.
528 4201 574 4249 lib.
591 4214 613 4257 5.
629 4216 652 4250 c.
671 4214 693 4260 3.
714 4200 753 4265 [p.
775 4216 846 4264 1129.
859 4203 884 4251 b.
902 4217 941 4252 vs.
959 4202 1011 4267 27.]
1047 4200 1057 4234 ²
1075 4205 1107 4252 dc
1122 4202 1199 4264 legib.
1208 4203 1252 4250 lib.
1265 4203 1398 4262 r.passim.

227 4288 237 4320 ³
256 4293 287 4339 de
306 4291 372 4340 offic.
389 4292 434 4340 lib.
450 4306 473 4340 2.
484 4294 520 4354 [c.
531 4306 570 4340 20.
582 4297 603 4352 §-
621 4294 674 4354 71.]
702 4292 713 4325 ⁴
731 4295 865 4343 Homerus.
883 4297 912 4342 ll.
932 4293 989 4355 [lib.
1002 4308 1040 4355 24.
1058 4309 1097 4343 vs.
1117 4294 1186 4357 369.]
1213 4294 1224 4326 ⁵
1242 4297 1273 4344 de
1292 4295 1335 4344 off.
1352 4294 1399 4343 lib.

234 4394 255 4428 1.
273 4395 297 4430 c.
317 4394 357 4438 27.
375 4384 406 4429 V.
427 4397 482 4443 cap.
502 4397 525 4442 3.
544 4398 619 4444 supra
638 4385 663 4433 in
682 4383 741 4433 fine.
775 4385 785 4416 ⁵
803 4387 882 4434 Arist.
900 4387 976 4433 Rhet.
995 4387 1019 4433 d.
1036 4388 1106 4433 loco.
1124 4387 1161 4447 [p.
1185 4387 1397 4447 1367.a.vs.19.]

228 4470 239 4508 ⁷
256 4473 288 4520 de
304 4473 378 4520 clem.
394 4472 439 4521 lib.
459 4487 481 4522 1.
496 4487 519 4523 c.
538 4488 560 4522 2.
