3552 5654
379 650 421 729 98
503 649 509 660 '
683 658 731 706 uu
754 657 848 724 Juuu
874 657 1058 704 urrunsa.
1083 656 1163 705 cao.
1186 656 1267 704 vm.

379 821 451 904 iege
474 831 578 895 sexta,
602 813 736 898 exlege
760 811 885 895 quinta.
930 810 1016 878 Nam
1040 810 1143 896 prima
1166 809 1318 895 opposita
1341 811 1466 893 tertiae,
1489 831 1556 880 nou

381 929 520 1013 recipit,
544 941 582 993 ut
601 923 745 994 diximus
766 922 883 1009 iudicii
903 921 1139 990 necessitatem.
1184 921 1354 988 Posterius
1376 937 1483 990 autem
1507 940 1557 991 est

380 1040 460 1106 belli
480 1036 609 1124 jussio,
643 1034 712 1103 sive
733 1033 898 1101 decretum
922 1033 1120 1116 reipublicae
1153 1047 1210 1099 aut
1231 1033 1441 1118 magistratus
1465 1035 1555 1120 eius,

382 1149 437 1216 cui
465 1149 603 1232 cuiusve
634 1145 699 1214 civi
732 1145 819 1212 facta
850 1144 968 1230 injuria
1002 1159 1051 1212 est
1074 1151 1104 1224 ¹,
1138 1164 1207 1228 quo
1231 1144 1464 1212 condemnatur
1483 1166 1556 1229 pars

382 1261 527 1328 adverse.
573 1257 661 1324 Hinc
682 1255 824 1324 formula
842 1251 872 1322 ¹:
898 1255 1013 1322 Testor
1025 1255 1184 1343 populum
1202 1255 1299 1322 illum
1318 1257 1478 1340 irp'ustmn
1493 1277 1557 1323 esse

384 1371 558 1458 nequeJ‘us
581 1366 729 1436 reddere.
774 1368 820 1434 Et
843 1368 960 1434 altera:
987 1363 1140 1450 Quorum
1164 1387 1299 1449 rerum,
1322 1367 1455 1448 litium,
1477 1389 1558 1432 eeu·

383 1502 503 1550 sarum
534 1478 687 1548 condixit
719 1491 823 1564 pater
844 1491 1010 1565 patratus
1040 1478 1157 1565 populi
1191 1479 1337 1546 Romani
1368 1476 1555 1563 Quiritium

378 1595 479 1680 parri
504 1603 648 1679 patrato
676 1590 793 1677 populi
821 1592 1011 1675 priscorum
1040 1589 1268 1671 Latinorum,
1311 1591 1558 1677 hominibusque

378 1705 503 1789 priscis
528 1700 690 1781 Latinis,
724 1719 808 1786 quas
836 1720 888 1764 res
907 1720 964 1764 nec
987 1699 1177 1783 solverunt,
1207 1722 1264 1767 nee
1286 1699 1471 1784 dederunt,-
1500 1723 1557 1768 ore

376 1813 560 1899 fecerunt,
592 1831 675 1897 quas
699 1831 751 1876 res
772 1809 874 1892 dari,
893 1807 996 1893 fieri,
1031 1811 1114 1880 solui
1137 1816 1303 1899 oportuit,
1332 1827 1420 1900 puro
1437 1817 1557 1899 pioque

384 1921 494 1992 duello
516 1922 725 2011 quaerendus
749 1941 881 2003 remeo,
905 1925 1068 1988 consentio
1088 1926 1319 2010 eonsciseoque.
1357 1921 1405 1990 Et
1425 1923 1556 2001 tertium

387 2053 533 2101 carmen:
568 2029 666 2116 Quod
689 2031 806 2120 populi
834 2035 944 2119 prisci
968 2032 1092 2098 Latini
1121 2032 1281 2102 adsersus
1306 2034 1465 2120 populum
1488 2034 1557 2098 Ro-

385 2166 519 2212 manum
545 2141 735 2228 Quiritium
751 2143 934 2228 fecerunt,
959 2142 1191 2228 deliquerunt,
1214 2142 1304 2230 quod
1325 2144 1466 2231 populus
1489 2144 1557 2210 Ro-

383 2277 502 2323 manus
537 2252 728 2339 Quiritium
760 2253 880 2321 bellum
911 2275 984 2320 eum
1011 2257 1135 2340 priscis
1166 2254 1305 2321 Latinis
1330 2257 1436 2341 jussit
1470 2277 1557 2339 esse,

383 2381 584 2452 senatusque
616 2365 788 2431 Romanus
813 2362 1000 2450 Quiritium
1024 2367 1170 2446 censuit,
1193 2369 1378 2447 consensit,
1400 2371 1557 2435 consciuit

384 2491 422 2544 ut
454 2476 574 2542 bellum
602 2497 675 2542 curn
701 2479 825 2563 priscis
862 2476 1001 2542 Latinis
1022 2474 1145 2558 fieret,
1169 2477 1205 2542 ob
1238 2498 1309 2542 eum
1340 2498 1408 2543 rem
1428 2499 1483 2564 ego
1498 2493 1557 2565 po·

348 2571 352 2579 ¹
376 2587 545 2676 pulusque
575 2586 747 2653 Romanus
765 2586 887 2674 populo
903 2590 1094 2674 priscorum
1118 2587 1323 2653 Latinorum
1353 2587 1474 2654 beilum
1504 2592 1558 2654 irs·

382 2697 456 2768 dico
470 2697 641 2783 facioque.
686 2697 766 2764 Duo
797 2711 906 2764 tutem
928 2697 1009 2779 ista,
1033 2717 1139 2764 rerum
1162 2697 1314 2780 repetitio
1337 2714 1369 2764 et
1391 2699 1557 2766 decretum

385 2825 419 2880 et
447 2807 577 2895 sejungi
608 2823 748 2892 possunt
778 2823 809 2874 et
838 2809 954 2895 J'uugi:
987 2809 1135 2894 sejungi,
1167 2809 1198 2876 si
1225 2810 1392 2893 quomodo
1416 2811 1558 2878 diximus

385 2921 557 3007 separatim
588 2919 669 2986 fiant
699 2934 732 2985 et
756 2920 954 3003 interposito
976 2934 1145 3004 tempore,
1165 2922 1283 3006 jungi,
1307 2922 1337 2988 si
1355 2920 1452 2988 simul
1465 2925 1558 2988 iaesa

383 3030 567 3114 respublica
599 3030 691 3096 alteri
719 3030 881 3115 judicium
916 3031 1033 3098 offerat
1065 3047 1118 3114 et,
1149 3032 1183 3097 ni
1204 3033 1293 3118 juste
1310 3033 1439 3118 judicet
1462 3051 1556 3100 suum

385 3142 415 3210 ei
440 3139 602 3225 judicium
638 3141 819 3208 denuntiet.
843 3143 918 3210 Hoc
939 3141 1039 3210 ferme
1056 3143 1156 3212 modo
1176 3148 1206 3209 ⁸:
1231 3165 1301 3209 earn
1322 3165 1354 3210 se
1373 3146 1556 3230 injuriam,

384 3255 451 3318 nisi
471 3253 512 3316 ab
537 3255 617 3338 ipsis
639 3256 698 3338 qui
712 3252 862 3338 fecerint
882 3253 1062 3335 dematur,
1095 3258 1179 3342 ipsos
1201 3259 1288 3320 omni
1305 3258 1341 3323 ri
1364 3254 1556 3341 depulsuros

384 3383 458 3430 esse.
487 3362 560 3430 Aut
578 3363 623 3429 ita
641 3362 674 3429 ⁴:
699 3368 735 3429 νιν·
753 3365 951 3451 supplicium
972 3368 1008 3430 irs
1029 3366 1132 3431 malos
1147 3380 1394 3452 praesumant,
1418 3387 1556 3432 usurum

379 3479 574 3561 promiscuo
597 3473 708 3541 caede.
732 3475 855 3559 Neque
870 3495 951 3542 vero
968 3477 1061 3545 aliter
1077 3477 1164 3562 apud
1177 3476 1371 3560 Euripidem
1384 3479 1395 3512 ⁸
1406 3476 1558 3544 Theseus

384 3585 464 3650 haec
481 3585 693 3654 caduceatori
717 3585 758 3650 ad
778 3585 954 3654 Creontem
976 3588 1126 3656 mandata
1149 3588 1221 3654 dat:
1285 3639 1300 3672 r

558 3701 670 3776 Θησεὺς
693 3702 721 3766 ο’
740 3703 866 3767 οὶοιοιιτεΐ
884 3703 952 3782 πρὸς
972 3702 1060 3785 χάριν
1080 3702 1174 3784 iupus
1196 3703 1326 3784 scepeie,

557 3812 722 3888 συγγείτον’
744 3813 823 3877 οἰκῶν
843 3821 954 3889 retius,
976 3812 1063 3891 οὶξιῶν
1084 3821 1186 3894 τυχεῖν

555 3921 643 4005 <iiior
664 3947 698 3988 re
720 3921 814 3987 tieret
836 3922 925 3989 πάντ’
948 3924 1130 4006 Ἐρεχθειδῶν
1148 3925 1230 3992 λεών..

555 4033 611 4099 κᾶν
632 4032 686 4111 μὲν
708 4032 822 4097 θέλωσιν
844 4033 972 4106 uirium,
996 4035 1176 4108 ruuirovror

553 4144 661 4223 στεῖχ’,
686 4140 718 4217 ἣν
741 4143 766 4207 δ’
785 4145 928 4210 οὲοιιοτῶο’
947 4141 1007 4211 οἵδε
1027 4145 1147 4228 δεύτεροι
1170 4145 1261 4223 λόγοι·

556 4258 650 4331 κῶμον
672 4252 806 4352 δέχεσθαι
828 4255 876 4318 τὸν
891 4255 967 4353 'iuis
989 4255 1191 4340 ἀσπιδηφόρον.
1283 4312 1286 4317 .

417 4444 505 4496 ¹Silv.
530 4445 556 4495 iu
579 4460 605 4495 v.
628 4446 789 4509 nemesus.
813 4460 837 4504 3.
862 4447 888 4496 iu
912 4461 965 4508 req.
989 4463 1013 4511 4.
1048 4447 1139 4499 ’Lim
1167 4449 1281 4514 l.1.[c.
1305 4451 1359 4513 zm]
1395 4435 1479 4502 ''Lis'n
1500 4454 1517 4500 1.
1536 4455 1559 4500 8.

385 4532 421 4598 [c.
438 4535 491 4601 up]
526 4537 538 4570 ⁴
555 4539 615 4585 Tac.
633 4539 722 4586 Aunal.
739 4540 756 4585 l.
777 4551 797 4585 1.
818 4537 851 4601 [e.
867 4539 922 4600 48.]
960 4539 971 4571 ⁸
989 4543 1077 4601 suppl.
1098 4537 1149 4604 [vs.
1168 4543 1224 4599 386.
1241 4543 1309 4604 sqq.]
