3536 5692
387 657 428 732 84
657 669 702 714 uu
727 669 821 734 June
848 665 1030 712 nunaunt.
1056 665 1135 711 cnr.
1160 665 1239 711 xnr.

363 822 508 906 Principi
541 841 607 888 non
652 835 830 905 paruerunt
858 823 892 900 ¹,
937 819 1014 900 quia
1060 819 1284 885 auctoritatem
1319 841 1335 886 a
1367 823 1537 904 republica

364 933 542 1017 profectam
565 933 692 999 violant
715 948 748 997 et
770 933 804 997 in
828 930 928 997 unius
948 950 1086 1014 persona
1109 949 1174 996 non
1199 952 1322 1013 unum,
1353 934 1410 1000 sed
1433 949 1535 999 totam

363 1046 499 1112 laedunt
518 1045 718 1110 societatem.
743 1043 876 1126 Ipsique
899 1043 1045 1108 diversae
1069 1042 1248 1107 sententiae
1272 1058 1421 1107 auctores
1440 1049 1451 1083 ²
1472 1045 1537 1107 hoc

365 1177 431 1222 uno
461 1156 600 1239 probant
632 1156 754 1221 nullam
772 1155 892 1238 justam
913 1173 981 1220 esse
1001 1172 1130 1218 causam
1152 1153 1309 1220 adversus
1327 1154 1535 1236 Principem,

366 1267 443 1349 quia
470 1268 564 1332 'nulla
597 1266 640 1331 sit
669 1265 758 1350 justa
786 1265 943 1330 adversus
965 1264 1123 1347 patriam,
1157 1265 1342 1347 respublica
1373 1280 1481 1330 autem
1506 1278 1538 1329 et

365 1378 519 1460 Princeps
543 1377 628 1443 inter
658 1396 693 1442 se
726 1375 792 1441 sint
823 1375 1106 1459 conjunctissima.
1152 1377 1301 1442 Rebellis
1334 1375 1434 1460 igitur
1467 1395 1538 1440 esse

365 1504 435 1555 tota
454 1488 636 1571 respublica
655 1507 721 1554 non
741 1486 844 1571 magis
861 1501 949 1552 recte
970 1487 1112 1568 dicitur,
1137 1508 1234 1569 quam
1254 1488 1354 1553 homo
1374 1487 1536 1570 quispiam

365 1600 428 1667 sibi
453 1599 515 1683 ipsi
536 1587 650 1664 facere¹
664 1598 815 1683 injuriam
828 1597 850 1664 ³.
874 1598 989 1681 Atque
1014 1598 1118 1678 adeo,
1142 1598 1170 1663 si
1193 1599 1275 1663 tanti
1300 1614 1409 1679 esset,
1434 1601 1536 1664 multa

366 1711 487 1776 referre
519 1729 648 1792 possem
683 1729 723 1775 ex
755 1708 845 1774 omni
878 1708 1016 1774 historia
1048 1711 1194 1792 exempla
1226 1711 1448 1792 populorum,
1478 1711 1538 1791 qui

367 1822 504 1904 imperio
529 1821 668 1904 alicuius
693 1840 830 1886 excusso
852 1819 885 1884 in
898 1820 1080 1884 libertatem
1093 1839 1127 1885 se
1140 1835 1371 1901 asseruerunt,
1396 1842 1537 1902 quorum

367 1949 472 1998 tamen
506 1933 633 1996 nullum
664 1932 816 1998 rebellem
853 1930 977 1997 dictum
1010 1931 1198 1997 inventast
1244 1931 1345 2018 Quod
1369 1947 1475 1997 autem
1499 1954 1540 1997 ex

365 2045 438 2127 jure
462 2042 637 2108 Pontificio
661 2042 811 2108 nonnulli
833 2042 897 2107 huc
919 2041 1082 2122 afferunt,
1107 2043 1188 2109 effici
1207 2045 1301 2109 nullo
1321 2043 1418 2108 modo
1442 2062 1539 2126 posse

368 2171 406 2221 ut
425 2176 442 2219 a
460 2154 566 2237 capite
590 2154 731 2219 membra
755 2153 946 2232 discedant,
972 2153 1173 2234 ineptissime
1197 2154 1238 2219 ad
1261 2153 1343 2219 illnd
1367 2155 1538 2236 imperium

370 2265 655 2345 accommodatur,
683 2265 782 2346 quod
812 2267 852 2329 ab
885 2264 1074 2329 hominibus
1102 2263 1284 2346 profectum
1310 2281 1379 2346 est,
1405 2286 1478 2330 curn
1502 2282 1540 2330 ut

369 2393 456 2443 recte
488 2377 657 2458 Vasquius
677 2379 688 2410 ⁸
708 2391 842 2442 annotat
874 2376 907 2443 in
936 2396 974 2442 eo
1007 2376 1090 2440 nilril
1114 2377 1245 2457 obstet,
1271 2378 1448 2458 quominus
1471 2393 1540 2442 tota

358 2489 552 2571 respublica
584 2507 680 2553 suum
712 2486 769 2551 liat
797 2502 911 2570 caput.
960 2487 1162 2570 Respublica
1193 2488 1263 2553 sine
1295 2489 1446 2573 Principe
1470 2509 1540 2556 esse

368 2615 495 2683 potest:
520 2615 552 2665 at
574 2598 756 2680 Principem
780 2599 864 2664 nihil
887 2598 977 2663 aliud
1001 2619 1099 2680 quam
1132 2599 1330 2681 reipublicae
1360 2621 1539 2666 consensus

368 2711 455 2777 facit.
503 2711 640 2775 Caetera
660 2729 761 2788 vero,
779 2729 863 2790 quae
886 2724 998 2774 contra
1021 2712 1178 2792 populare
1202 2711 1345 2794 regimen
1369 2712 1540 2777 declamari

370 2825 494 2902 solent,
515 2821 598 2886 nihil
621 2823 686 2887 lruc
709 2820 894 2904 pertinent,
918 2841 992 2885 cum
1016 2840 1075 2886 nec
1098 2842 1193 2886 omne
1217 2823 1360 2906 regimen
1382 2825 1540 2906 populare

369 2933 526 2999 vitiosum
565 2935 633 3013 sit,
671 2953 731 2998 nec
771 2953 866 2998 omne
906 2933 976 2998 sine
1008 2933 1159 3016 Principe
1192 2934 1335 3018 regimen
1368 2936 1554 3017 populare·

369 3046 485 3110 Altera
517 3060 624 3110 autem
647 3043 815 3109 distinctio
836 3044 876 3108 ab
909 3045 988 3126 ipsis
1010 3058 1078 3125 est,
1100 3045 1158 3126 qui
1176 3045 1386 3127 Principibus
1407 3045 1541 3110 omnino

369 3171 402 3221 et
421 3175 546 3237 semper
565 3155 669 3237 pareri
688 3156 824 3219 volunt:
849 3154 964 3220 dicunt
993 3155 1077 3219 enim
1103 3156 1165 3219 hoc
1184 3157 1293 3220 locum
1313 3175 1378 3222 non
1399 3157 1541 3235 habere,

271 3277 273 3281 ’
368 3267 431 3332 nisi
451 3285 524 3332 curn
545 3285 668 3330 merum
688 3280 787 3346 atque
806 3284 967 3330 summum
980 3265 1210 3349 estimperium
1222 3266 1404 3348 Principis:
1429 3285 1540 3344 secus,

369 3379 397 3442 si
426 3377 486 3443 alia
514 3391 675 3460 potestate
704 3378 813 3460 legum
835 3392 893 3442 aut
913 3377 1160 3461 magistratuum
1181 3393 1376 3461 temperetur
1395 3377 1419 3445 ⁵.
1466 3380 1542 3464 Qua

370 3489 410 3554 de
422 3482 670 3554 causaRomani
680 3485 845 3569 Volscos,
871 3488 1031 3568 Latinos,
1056 3489 1245 3571 Hispanos,
1269 3491 1421 3570 Poenos,
1445 3491 1541 3555 etiarn

369 3615 438 3665 tum
472 3619 545 3664 cum
577 3599 721 3680 ipsorum
754 3613 859 3664 essent
889 3599 1092 3682 stipendiarii
1116 3616 1147 3665 et
1167 3601 1290 3666 tributa
1308 3602 1487 3683 penderent
1508 3618 1540 3666 et

369 3712 568 3795 majestatem
596 3710 712 3793 populi
740 3710 881 3776 Romani
913 3711 1087 3776 observare
1107 3727 1319 3792 tenerentur,
1344 3714 1383 3776 ab
1405 3713 1542 3795 imperio

369 3823 589 3889 desciscentes
622 3841 689 3886 non
721 3836 758 3887 ut
790 3822 952 3901 rebelles,
987 3823 1044 3888 sed
1068 3838 1105 3887 ut
1127 3823 1294 3907 legitimos
1319 3826 1454 3905 hoster,
1488 3824 1544 3889 de·

370 3935 522 4000 nuntiato
546 3933 739 4015 indictoque
763 3933 850 3998 bello
874 3933 1040 4015 persecuti
1064 3949 1151 4000 sunt.
1198 3935 1287 4000 Pone
1310 3955 1349 4000 ex
1371 3955 1434 4000 una
1454 3951 1544 4018 parte

369 4046 511 4128 ephoros
542 4045 844 4123 LacedaemonioS,
881 4060 1031 4110 senatum
1065 4045 1251 4110 Romanum
1292 4061 1324 4111 et
1358 4045 1543 4112 Venetum:

406 4328 463 4376 1V.
481 4330 497 4375 l.
514 4329 559 4375 ult.
579 4325 649 4374 ffiad
667 4328 684 4372 l.
700 4327 748 4388 Jul.
767 4324 866 4382 majest.
887 4327 930 4388 [D.
943 4330 985 4388 48.
999 4329 1036 4390 4.]
1073 4325 1179 4390 ²Ayala
1194 4331 1273 4379 lib.1.
1292 4346 1314 4380 c.
1334 4345 1357 4380 2.
1373 4346 1397 4380 n.
1413 4346 1453 4380 22.
1488 4331 1546 4380 ³V.

371 4419 449 4468 Arist.
465 4419 496 4466 de
515 4411 606 4464 morib.
622 4416 666 4464 lib.
685 4429 707 4472 5.
723 4430 746 4464 c.
765 4430 803 4464 11.
822 4417 847 4464 in
867 4416 926 4465 fine.
946 4419 985 4480 [p.
1008 4421 1079 4477 1136.
1097 4421 1121 4468 b.
1139 4434 1177 4469 vs.
1195 4421 1230 4482 5.]
1267 4422 1278 4454 ⁴
1297 4425 1327 4470 V.
1346 4425 1422 4483 Vasq.
1441 4439 1464 4472 c.
1482 4427 1504 4472 8.
1522 4439 1546 4471 n.

371 4524 411 4558 21.
429 4521 453 4557 ct
472 4523 524 4568 seq.
559 4507 613 4555 ⁶d.
631 4521 653 4554 c.
672 4509 710 4554 82.
729 4520 753 4554 n.
770 4521 794 4568 9.
828 4505 937 4568 ³Ayala
956 4509 1000 4559 lib.
1024 4525 1045 4559 1.
1062 4525 1084 4560 c.
1106 4526 1128 4560 a.
1144 4526 1169 4560 n.
1188 4515 1227 4562 26.
1246 4514 1272 4561 in
1292 4513 1351 4562 fine.
