3546 5654
516 695 562 740 DE
586 695 679 761 JURli
708 693 890 739 PRAEDAE.
916 693 994 740 cnl‘.
1019 693 1069 740 XI.
1337 692 1396 754 ¹713

225 852 356 918 mercio.
380 852 458 915 Pars
477 849 560 914 enim
581 847 687 930 caesi,
712 867 785 930 pars
803 847 835 912 in
847 867 950 912 arcem
961 845 1194 912 Lusitanorum
1212 845 1396 910 Minensem

225 963 347 1046 captivi
378 961 468 1028 ducti
504 975 603 1041 sunt,
639 959 729 1040 quod
760 957 928 1039 aliquanto
959 976 1056 1038 quam
1087 955 1178 1022 caedi
1210 958 1305 1040 pejus
1328 970 1397 1020 est:

225 1089 312 1139 tanta
335 1072 505 1138 imminent
524 1085 702 1152 tormenta,
724 1069 806 1134 tanti
828 1069 1010 1134 cruciatus:
1036 1066 1158 1150 quippe
1179 1087 1253 1132 cum
1271 1081 1398 1132 constet

224 1185 359 1250 Gallum
392 1182 556 1248 hominem
591 1180 705 1246 eodem
740 1180 881 1246 delatum
916 1194 948 1244 et
982 1199 1022 1243 ex
1054 1177 1133 1262 fuga
1168 1177 1397 1258 reprehensum

225 1314 334 1360 aereae
365 1293 532 1358 machinae
565 1291 753 1374 impositum
782 1289 884 1356 fuisse
907 1304 1005 1371 atque
1024 1289 1068 1354 ita
1093 1289 1248 1371 ejectum:
1273 1307 1313 1351 ue
1332 1306 1399 1352 non

225 1405 274 1470 illi
306 1403 465 1468 Phalarim
500 1402 571 1484 ipso
596 1401 692 1468 etiam
715 1400 917 1467 crudelitatis
941 1400 1159 1466 instrumento
1183 1396 1397 1462 imitarentur.

227 1514 362 1582 Accidit
391 1528 423 1578 et
453 1515 558 1579 multo
580 1527 716 1596 postca,
745 1525 782 1576 ut
805 1511 955 1576 navicula
977 1510 1171 1576 Batavorum
1195 1528 1261 1576 non
1284 1509 1481 1591 proculdnno
1496 1528 1557 1572 139⁹·

227 1645 299 1691 arce
322 1624 468 1690 Mittensi
484 1638 611 1689 avento
634 1621 782 1706 prodita,
806 1622 955 1687 immissu
978 1620 1213 1686 Lusitanorum
1237 1619 1399 1702 opprime·

227 1750 338 1816 retur,
363 1755 503 1816 cumque
523 1733 716 1816 deprehensi
728 1733 892 1799 influctus
903 1731 1094 1812 desilirent,
1115 1730 1252 1814 perfossi
1264 1731 1401 1813 spiculis

226 1862 257 1911 et
277 1846 342 1929 jam
365 1844 485 1910 mortui
510 1843 645 1909 funibus
668 1843 760 1909 tracti
783 1859 884 1925 sunt,
909 1857 1013 1925 utque
1033 1840 1298 1925 praefectoarcis
1318 1841 1399 1907 fides

225 1957 318 2022 lieret
352 1955 470 2039 egregii
505 1955 680 2036 facinoris,
715 1955 832 2038 partim
867 1955 981 2020 suffixa
1009 1954 1092 2037 palis
1116 1954 1247 2037 capita,
1280 1953 1397 2037 partim

225 2067 369 2132 barbaris
398 2066 528 2132 illorum
561 2065 778 2131 beneficiariis
801 2067 841 2131 ad
865 2065 1048 2132 efferendos
1072 2065 1196 2132 animos
1220 2084 1397 2144 concessa,

226 2179 283 2260 qui
304 2193 335 2242 et
353 2178 421 2262 igni
440 2177 568 2242 coxisse
588 2192 625 2242 ut
645 2195 778 2242 succum
800 2177 977 2257 elicerent,
1002 2191 1035 2241 et
1058 2197 1097 2240 ex
1120 2176 1252 2242 ossibus
1265 2176 1397 2241 'bibisse

225 2303 404 2354 narrantur.
451 2288 516 2353 Sed
547 2308 605 2352 nec
637 2301 721 2352 emta
744 2287 819 2352 odia
842 2285 999 2353 adversus
1022 2286 1217 2351 Batavorum
1240 2275 1397 2369 'simplici-

225 2415 346 2480 tatem,
370 2390 445 2464 neex
458 2414 585 2480 paratae
614 2397 750 2463 insidiae
773 2398 929 2463 adversus
949 2396 1187 2480 providentiam
1207 2397 1264 2463 diu
1286 2398 1398 2462 value-

225 2525 313 2576 runt.
358 2508 429 2575 Tot
460 2509 616 2592 periculis
644 2508 801 2574 indefessi
823 2509 998 2574 etiamnum
1022 2509 1115 2574 littus
1139 2508 1222 2574 illud
1242 2507 1398 2589 frequen·

225 2636 295 2687 tant
327 2635 359 2685 et
389 2621 564 2685 Lusitanos
587 2641 621 2686 re
643 2622 734 2686 nulla
765 2618 891 2704 magis,
922 2639 1020 2701 quam
1052 2619 1117 2685 lide
1149 2639 1207 2684 sua
1231 2632 1396 2686 accusant.

224 2732 262 2796 In
297 2750 527 2813 quamcunque
561 2751 639 2797 vero
673 2745 830 2796 terrarum
865 2745 987 2812 partem
1011 2732 1126 2796 oeulos
1149 2729 1395 2810 convertimus,

226 2842 335 2907 eadem
355 2840 465 2907 feritas
486 2841 621 2922 ubique.
666 2841 752 2906 Nam
772 2839 937 2907 hostilitas
956 2839 1021 2906 dici
1041 2860 1106 2906 non
1127 2855 1289 2920 meretur,
1313 2859 1396 2921 quae

225 2953 376 3019 hostibus
405 2952 502 3019 solita
530 2954 626 3036 longe
655 2951 903 3036 transgreditur.
950 2951 1028 3038 Q‘uo
1058 2971 1233 3037 exgenere
1256 2950 1396 3034 plurima

225 3063 356 3130 Batavis
387 3064 420 3128 in
455 3063 589 3130 Brasilia
612 3061 792 3142 accidisse,
816 3062 1039 3147 navigantium
1061 3062 1172 3128 diariis
1194 3075 1396 3145 compertum

225 3189 285 3241 est.
330 3175 404 3242 Nos
431 3194 497 3241 non
529 3173 638 3240 omnia
666 3173 858 3255 referimus,
891 3174 1077 3256 praesertim
1104 3194 1178 3239 cum
1202 3173 1396 3238 uberrimam

224 3287 443 3353 narrationum
458 3285 647 3365 materiam,
671 3301 703 3350 et
714 3285 792 3350 huic
804 3299 994 3369 argumento
1006 3285 1137 3369 proprie
1148 3285 1395 3351 convenientem

224 3418 277 3464 res
300 3397 506 3476 Orientales‚
528 3397 590 3463 hoc
613 3412 662 3462 est
679 3396 809 3461 Indicae
828 3395 977 3461 offerant.

268 3509 436 3575 Postremo
468 3509 590 3574 Indiam
613 3509 750 3574 lustrare
772 3508 885 3574 Batavi
909 3507 1052 3592 aggressi
1074 3523 1175 3588 sunt,
1199 3507 1295 3592 cujus
1317 3527 1488 3574 con-Ana.
1502 3527 1567 3573 7111

224 3619 290 3684 silli
318 3639 384 3686 non
415 3621 539 3686 utilitas
568 3619 671 3704 magis
703 3618 858 3698 evidens,
890 3639 988 3700 quam
1018 3619 1166 3701 aequitas
1196 3634 1306 3701 aperta
1335 3634 1393 3685 est.
1408 3583 1478 3628 ΛΜ
1493 3596 1554 3639 ‘⁵⁹⁵'

224 3731 310 3796 Nam
332 3752 418 3813 quae
437 3732 565 3797 tandem
586 3731 648 3796 ista
667 3749 734 3797 non
750 3731 815 3814 jam
837 3729 938 3795 dicam
958 3729 1042 3796 lucri
1059 3730 1230 3814 appetendi
1252 3729 1394 3810 insania,

225 3843 282 3907 sed
311 3844 406 3926 plane
435 3841 557 3908 invidia
588 3855 658 3922 est,
688 3839 834 3923 flagitare
866 3855 904 3905 ut
925 3860 1000 3923 pars
1023 3856 1111 3907 tanta
1129 3856 1287 3920 naturae,
1311 3861 1394 3923 quae

223 3953 263 4018 ab
296 3952 441 4018 Arabico
465 3972 570 4033 usque
594 3952 689 4034 sinu,
714 3952 779 4017 imo
801 3951 947 4017 siaddas
970 3967 1118 4034 caetera,
1142 3973 1159 4018 a
1181 3951 1267 4018 freto
1290 3951 1394 4017 Gadi-

224 4079 301 4130 tano
322 4065 362 4129 ad
385 4063 617 4146 septentrionis
640 4061 781 4128 confinia
801 4063 960 4128 immenso
979 4061 1089 4128 littore
1110 4062 1324 4142 diffunditur,
1345 4061 1395 4126 in-

224 4196 289 4256 que
311 4190 361 4240 tot
384 4175 506 4240 insulas
527 4174 693 4254 excurrit,
715 4189 752 4239 ut
773 4193 882 4240 earum
904 4193 1156 4248 necfnumerum
1181 4195 1240 4239 nec
1261 4174 1394 4241 nomina

224 4286 399 4368 quisquam
429 4288 540 4368 norit,
573 4286 672 4353 unius
695 4264 810 4370 populi
834 4285 983 4366 divitiis,
1008 4284 1073 4349 imo
1098 4285 1192 4351 luxui
1215 4285 1393 4366 inserviat,

224 4413 256 4462 et
286 4418 400 4483 magna
435 4419 474 4464 ex
507 4415 597 4481 parte
627 4400 775 4484 neglecta
795 4413 911 4478 vacet,
936 4417 1009 4462 cum
1032 4395 1183 4479 pluribus
1206 4396 1395 4462 nationibus

223 4510 417 4574 commercio
442 4497 642 4592 occupandis
665 4510 856 4592 alendisque
888 4509 1051 4575 sufficiat?
1099 4508 1191 4594 Quid
1214 4507 1304 4590 quod
1328 4507 1394 4591 jam
