3546 5654
536 707 700 775 DEJURE
726 705 1106 754 PRAEDAE.CAP.XH.
1352 703 1414 770 237

242 880 307 931 tem
338 864 479 952 pendere
501 885 517 930 a
540 883 615 929 veta
634 863 718 945 juris
746 878 809 928 tam
834 876 966 928 naturae
990 880 1087 942 quam
1109 860 1252 945 gentium
1276 859 1417 945 cogniti·

242 996 313 1042 one.
356 977 417 1060 Jus
441 975 525 1041 enim
550 991 706 1054 naturae,
724 994 800 1040 cum
825 994 843 1038 a
862 973 973 1039 divina
993 971 1104 1038 veniat
1123 970 1330 1054 providentia
1347 989 1416 1037 esse

243 1088 455 1153 immutabile.
486 1087 596 1178 Hujtts
621 1101 728 1151 autem
749 1083 1010 1170 jurissnaturalis
1027 1097 1148 1166 partem
1174 1100 1243 1147 esse
1263 1083 1318 1165 jus
1340 1103 1417 1166 gen·

242 1200 324 1264 tium
357 1198 586 1281 primaevum,
620 1197 712 1279 quod
744 1196 888 1276 dicitur,
922 1195 1087 1261 diversum
1119 1214 1137 1258 a
1164 1197 1237 1279 jure
1271 1194 1416 1278 gentium

243 1309 437 1375 secundario
472 1308 542 1374 sive
574 1309 738 1392 positivoe
769 1327 910 1390 quorum
943 1305 1108 1389 posterius
1138 1305 1255 1370 mutari
1287 1321 1416 1388 potest,

244 1420 336 1504 prius
359 1439 426 1485 non
456 1434 579 1503 potest.
625 1420 712 1485 Nam
736 1419 763 1484 si
788 1418 846 1501 qui
867 1438 974 1484 mores
996 1437 1069 1482 cum
1089 1417 1162 1501 jure
1185 1417 1330 1501 gentium
1352 1417 1417 1501 pri-

245 1552 359 1597 maevo
390 1545 596 1615 repugnent,
619 1530 654 1595 hi
681 1549 746 1596 non
771 1529 908 1596 humani
926 1543 1026 1609 sunt,
1051 1528 1122 1611 ipso
1140 1528 1269 1613 judice,
1293 1529 1350 1594 sed
1372 1527 1419 1593 fe-

246 1644 332 1725 rini,
357 1644 561 1725 corruptelae
585 1657 617 1708 et
640 1643 786 1722 abusus,
809 1661 875 1708 non
899 1643 986 1725 leges
1010 1655 1043 1705 et
1064 1659 1155 1706 usus.
1192 1641 1308 1721 Itaque
1327 1641 1418 1705 nulio

246 1770 392 1837 tempore
416 1753 592 1837 praescribi
613 1767 810 1836 potuerunt,
823 1754 912 1819 nulla
936 1754 1000 1816 lata
1020 1753 1091 1835 lege
1108 1751 1305 1836 justificari,
1326 1753 1420 1817 nullo

245 1867 420 1931 multarum
452 1865 548 1929 etiam
572 1864 717 1949 gentium
749 1883 942 1944 consensu,
965 1862 1112 1946 hospitio
1134 1877 1166 1928 et
1190 1863 1420 1930 exercitatione

244 1977 408 2057 stabiliri,
432 1977 523 2059 quod
548 1976 705 2059 exemplis
728 1975 857 2058 aliquot
877 1990 910 2041 et
929 1973 1096 2058 Alphonsi
1116 1973 1326 2055 Castrensis,
1348 1977 1420 2041 the·

245 2088 334 2171 ologi
367 2087 533 2171 Hispani,
558 2085 748 2152 testimonio
773 2089 781 2124 ¹
804 2086 985 2153 confirmat.
1032 2086 1091 2151 Ea
1112 2087 1230 2171 quibus
1254 2100 1419 2173 apparet,

245 2199 378 2282 inquit,
403 2220 503 2284 quam
522 2212 672 2284 suspecta
695 2201 740 2262 sit
763 2201 929 2263 sententia
953 2215 1088 2277 eorum,
1105 2218 1184 2282 quos
1204 2211 1307 2283 supra
1331 2211 1421 2262 retu-

246 2309 363 2387 limus,
385 2312 654 2373 existimantium
678 2307 863 2372 Geuuenses
884 2312 1065 2373 autetiam
1090 2306 1228 2373 Venetos
1242 2320 1335 2392 posse
1357 2330 1420 2372 non

246 2421 378 2503 injuria
397 2419 576 2503 prohibere
598 2417 683 2482 alios
707 2422 874 2504 nauigare
887 2433 952 2503 per
970 2418 1106 2504 gulfum
1129 2432 1190 2482 aut
1205 2417 1347 2504 pelagus
1368 2423 1421 2482 sui

247 2533 375 2609 maris,
388 2531 486 2613 quasi
507 2549 654 2612 aequora
674 2532 747 2615 ipsa
760 2533 1064 2615 praescripserint,
1076 2529 1116 2595 id
1133 2528 1222 2614 quod
1238 2551 1302 2593 narr
1316 2529 1418 2594 solum

247 2654 294 2706 est
323 2652 442 2704 eontra
473 2637 557 2726 leges
578 2639 614 2720 ²,
646 2638 703 2704 sed
723 2642 825 2703 etiam
856 2654 902 2704 est
925 2654 1046 2708 contra
1069 2645 1174 2726 ipsum
1189 2641 1250 2726 jus
1274 2654 1421 2706 naturae

247 2765 308 2816 aut
335 2753 486 2837 gentium
511 2752 747 2836 primaevum,
780 2751 869 2836 quod
898 2757 1030 2818 matari
1051 2773 1115 2817 nora
1139 2766 1232 2836 posse
1259 2750 1419 2818 diximus.

250 2859 346 2944 Quod
374 2865 419 2926 sit
445 2849 571 2925 ¹contra
601 2859 693 2925 illud
710 2862 770 2945 jus
800 2875 953 2944 constat,
979 2867 1061 2948 quia
1091 2884 1155 2927 non
1183 2861 1286 2926 solum
1307 2865 1421 2927 maria

247 2985 309 3040 aut
339 2993 487 3058 aequora
518 2993 551 3036 eo
574 2972 659 3057 jure
690 2977 877 3037 communia
909 2988 1032 3056 eraut,
1056 2973 1114 3039 sed
1141 2977 1242 3043 etiam
1271 2973 1423 3058 reliquae

248 3104 353 3148 omnes
386 3104 437 3148 res
468 3083 655 3148 immobiles.
703 3083 752 3148 Et
780 3083 858 3149 lieet
885 3087 927 3150 ab
955 3107 988 3150 eo
1009 3086 1093 3170 jure
1114 3098 1231 3170 postea
1263 3105 1421 3149 recessum

240 3193 355 3278 fuerit
379 3215 419 3258 ex
437 3207 565 3280 parta,
585 3206 674 3280 puta
698 3194 810 3280 quoad
827 3194 1007 3260 dominium
1031 3209 1063 3261 et
1080 3199 1323 3282 proprietatem
1354 3209 1422 3260 ter·

248 3325 390 3383 rarum,
414 3325 559 3391 quarum
583 3303 779 3384 dominium,
795 3307 879 3391 jure
902 3321 1050 3373 naturae
1071 3329 1259 3389 commuue,
1283 3306 1422 3373 distina-

247 3429 317 3480 tum
337 3429 369 3480 et
388 3415 532 3483 diuisum
552 3419 663 3502 sicque
681 3417 722 3481 ab
741 3415 806 3481 illa
828 3423 1051 3484 communione
1068 3431 1277 3505 segregatum
1290 3418 1366 3503 fuit
1390 3419 1421 3500 ⁸,

247 3539 358 3592 tamen
390 3527 556 3594 diuersum
578 3526 655 3611 fuit
678 3540 710 3592 et
733 3540 780 3592 est
804 3532 840 3592 in
863 3528 1006 3594 dominio
1029 3533 1158 3611 maris,
1183 3530 1272 3615 quod
1290 3529 1332 3595 ab
1356 3532 1423 3594 ori·

244 3641 324 3724 gine
352 3638 469 3704 mundi
495 3638 543 3704 ad
570 3637 765 3704 hodiernum
790 3661 891 3726 usque
909 3639 993 3705 diem
1014 3654 1061 3705 est
1077 3640 1218 3726 fuitque
1241 3655 1364 3726 semper
1386 3645 1422 3704 iu

246 3753 410 3813 cummuni
430 3747 527 3812 nulla
544 3769 584 3812 ex
597 3763 701 3834 parte
717 3753 951 3828 immutatum,
969 3762 1007 3816 ut
1024 3764 1071 3815 est
1089 3762 1213 3816 nutum.
1238 3751 1287 3815 Et
1307 3772 1423 3837 quam-

250 3863 300 3926 uis
333 3879 374 3924 ex
400 3858 579 3923 Lusitanis
599 3880 754 3945 magnam
786 3860 921 3925 turbam
950 3875 1044 3946 saepe
1073 3861 1262 3929 audiverim
1291 3866 1328 3926 ira
1360 3864 1422 3926 hac

252 4012 436 4022 --...-.-..-..-

284 4093 293 4126 ¹
313 4095 344 4143 de
362 4104 488 4155 potestate
504 4094 566 4155 legis
585 4094 709 4155 poenalis.
728 4097 745 4143 l.
764 4109 787 4143 a.
802 4108 824 4143 e.
842 4107 880 4156 14.
895 4110 921 4156 p.
941 4108 997 4154 572·
1016 4097 1105 4158 [Vasq.
1122 4112 1148 4158 p.
1167 4109 1310 4156 ysamso.
1319 4110 1343 4147 et
1352 4099 1421 4161 sqq.]

249 4181 295 4233 ²1.
314 4187 384 4246 quod
405 4184 431 4233 in
446 4185 542 4234 littore.
556 4185 582 4234 ff.
597 4187 628 4235 de
651 4199 706 4246 aeq.
731 4187 798 4234 dom.
818 4186 863 4248 [D.
884 4199 925 4248 41.
947 4200 970 4235 1.
994 4187 1045 4249 ¹4]
1069 4191 1086 4236 1.
1105 4187 1148 4236 fin.
1167 4189 1192 4236 in
1210 4203 1248 4249 pr.
1267 4189 1292 4236 ff.
1307 4190 1338 4238 de
1354 4203 1424 4238 usuc.

252 4277 296 4338 [D.
318 4289 359 4338 41.
386 4290 408 4334 3.
435 4278 488 4339 45.]
508 4281 530 4336 §-
546 4276 657 4325 flumina.
682 4277 742 4326 Inst.
760 4278 791 4325 de
809 4290 858 4325 rer.
885 4278 938 4326 div.
969 4276 1001 4342 [Ι.
1026 4282 1131 4337 2.1.§.
1152 4279 1188 4341 a]
1213 4283 1230 4327 l.
1244 4280 1266 4329 si
1283 4281 1423 4340 quisquam.

249 4365 276 4413 ff.
301 4368 332 4415 de
358 4367 453 4415 divers.
476 4379 554 4427 temp.
581 4381 692 4428 praescr.
722 4366 764 4432 [D.
787 4381 828 4430 44.
853 4381 876 4425 3.
902 4367 938 4432 7.]
967 4371 984 4417 l.
1009 4383 1069 4417 sane
1092 4369 1113 4418 si
1128 4370 1204 4418 maris
1222 4370 1248 4418 ff.
1266 4372 1297 4419 de
1315 4369 1423 4428 injuriis.

250 4457 294 4518 [D.
310 4470 351 4518 47.
369 4440 406 4508 ιο.
426 4459 476 4520 14.]
512 4457 523 4490 ⁸
541 4461 558 4507 l.
573 4472 606 4507 ex
623 4461 675 4507 hoc
690 4457 754 4516 jure.
773 4460 798 4507 ff.
817 4461 848 4508 de
863 4458 923 4517 just.
940 4471 965 4508 et
980 4459 1045 4518 jure.
1062 4461 1107 4523 [D.
1129 4475 1150 4510 1.
1172 4475 1193 4509 1.
1212 4461 1249 4526 5.]
1268 4465 1289 4521 §-
1304 4460 1344 4520 ius
1362 4476 1422 4523 gen·

247 4547 318 4596 tium.
338 4560 363 4596 et
381 4551 403 4606 §-
420 4547 460 4606 jus
479 4560 562 4598 autem
581 4551 703 4608 gentium.
722 4552 783 4598 lnst.
802 4553 833 4598 de
850 4549 905 4607 iure
921 4563 971 4599 nat.
991 4550 1023 4614 [1.
1043 4565 1063 4599 1.
1081 4551 1117 4613 2.]
