3546 5654
527 687 575 734 DE
598 689 692 753 JURE
718 687 901 733 PRAEDAE.
931 686 1011 732 CAP.
1036 685 1100 731 XII.
1336 682 1397 746 253

225 845 277 910 vis
299 845 411 927 potius
434 844 577 926 populos
601 857 782 926 congruat,
796 862 893 922 quam
918 841 951 905 in
973 859 1028 906 eos
1052 840 1085 904 in
1110 857 1194 920 quos
1216 838 1396 903 dicebatur.

226 955 303 1020 Non
332 955 416 1020 enim
440 954 595 1036 piraticae
625 955 681 1018 sed
708 968 906 1019 mercaturae
926 951 1199 1018 studiosissimam
1219 950 1303 1015 hanc
1329 968 1398 1014 esse

226 1081 379 1151 gentem,
411 1065 530 1130 deinde
564 1065 700 1130 alienam
733 1066 772 1129 ab
803 1065 894 1130 omni
927 1063 1127 1146 rapacitate,
1159 1062 1192 1126 in
1224 1081 1342 1127 venere
1368 1074 1401 1125 et

226 1179 315 1243 omni
345 1178 414 1244 vita
436 1197 511 1259 prae
542 1177 676 1242 caeteris
697 1178 919 1256 moderatam,
943 1178 1049 1261 legum
1075 1194 1153 1240 veto
1179 1189 1211 1238 et
1233 1172 1403 1257 magistra-

224 1305 319 1355 tuum
345 1304 378 1353 et
401 1307 564 1352 sacrorum
587 1289 762 1371 praecipue
785 1288 1101 1364 reverentissimam,
1125 1305 1166 1349 ne
1198 1305 1311 1351 omnes
1332 1285 1399 1351 his-

226 1400 327 1465 torias
351 1401 561 1480 evolvamus,
580 1398 742 1482 peregrini
764 1399 822 1481 qui
844 1420 894 1466 res
916 1399 1062 1482 Belgicas
1084 1400 1183 1480 paulo
1208 1396 1402 1482 diligentius

228 1512 495 1594 introspexerunt
528 1524 628 1575 testes
670 1524 748 1576 sunt
788 1510 1040 1592 locupletissimi
1064 1514 1084 1575 ¹.
1142 1508 1267 1573 Merito
1300 1508 1401 1592 igitur

231 1623 264 1687 in
289 1624 377 1687 hunc
401 1621 533 1686 modum
554 1621 696 1686 traducti
714 1619 830 1686 famam
852 1642 943 1686 suam
964 1636 1165 1706 purgarunt,
1178 1620 1403 1702 utqueelrrdos

233 1734 322 1799 omni
354 1732 540 1815 suspicione
571 1732 769 1813 liberarent,
803 1752 836 1796 re
868 1733 938 1815 ipsa
970 1733 1235 1798 demonstrarunt
1267 1732 1402 1813 quinam

231 1860 361 1924 essent,
395 1844 427 1908 in
463 1864 548 1925 quos
582 1864 667 1908 arma
703 1844 860 1909 Hollandi
894 1846 1059 1910 haberent.
1107 1844 1192 1908 Nam
1224 1844 1316 1924 quod
1342 1857 1402 1926 pro

228 1957 327 2023 rebus
349 1954 484 2020 caeteris
501 1955 724 2037 permittitur,
749 1956 808 2038 qui
831 1957 939 2023 minus
961 1977 1020 2039 pro
1042 1955 1124 2021 fama
1142 1955 1265 2020 liceat‘i
1291 1955 1402 2020 Armis
1415 1963 1526 2078 ssjrsjeg·
1540 1980 1561 2064 ᾗ

230 2087 298 2132 eam
321 2066 447 2131 scilicet
469 2066 627 2150 integram
657 2087 809 2149 servare,
834 2070 953 2133 laesam
977 2068 1222 2152 redintegrare,
1247 2067 1340 2148 quod
1364 2065 1402 2130 fit

229 2198 303 2243 cum
340 2179 367 2244 is
403 2179 461 2259 qui
495 2178 719 2243 innocentium
753 2179 1026 2245 existimationem
1065 2199 1131 2244 non
1159 2180 1248 2262 juste
1284 2177 1401 2258 laesit,

183 2272 188 2278 ⁸
230 2289 371 2354 eamdem
402 2290 474 2372 jure
507 2289 616 2354 victus
647 2288 805 2354 dedecore
835 2310 895 2355 suo
920 2291 1028 2371 expiat
1051 2291 1072 2353 ².
1114 2289 1237 2370 Neque
1259 2288 1395 2352 dubium
1469 2317 1472 2323 ·

231 2415 280 2464 est
312 2400 392 2481 quin
426 2400 466 2464 ad
493 2401 677 2481 exemplum
700 2398 782 2464 furis
807 2401 969 2465 detractor
991 2401 1032 2465 ad
1052 2399 1294 2465 restitutionem
1319 2398 1402 2464 obli·
1416 2410 1456 2455 Ex
1473 2413 1522 2470 tege
1540 2422 1561 2458 ο.

231 2526 348 2594 getur,
383 2531 467 2591 quae
500 2509 527 2573 si
548 2509 641 2575 aliter
663 2511 777 2576 haberi
801 2511 970 2576 commode
994 2531 1059 2576 non
1084 2526 1217 2594 potest,
1242 2511 1275 2575 irr
1299 2512 1403 2576 mulc-

232 2637 281 2688 tas
303 2622 400 2688 etiam
420 2621 622 2704 pecuniarias
641 2623 855 2688 convertitur.
879 2623 998 2704 Neque
1017 2638 1146 2688 tantum
1168 2623 1328 2705 civiliter,
1346 2624 1404 2688 sed
1417 2636 1457 2680 cx
1470 2647 1520 2696 rege
1540 2651 1561 2693 s.

232 2733 328 2798 etiam
350 2733 559 2798 criminaliter
582 2733 625 2797 ob
648 2733 783 2817 injurias
807 2734 858 2820 agi
882 2749 992 2816 potest
1009 2733 1044 2814 ³,
1069 2754 1135 2817 quo
1158 2734 1288 2801 nomine
1312 2734 1402 2800 Tur-

230 2843 344 2927 piliani
381 2845 659 2911 senatusconsulti
688 2864 793 2928 poena
821 2846 855 2911 in
878 2847 1126 2912 calumniatores
1156 2845 1285 2929 prodita
1310 2863 1358 2912 est
1380 2855 1402 2912 ⁴.

229 2955 348 3020 Iisdem
381 2956 483 3040 igitur
515 2957 555 3022 de
587 2957 693 3022 causis
727 2977 809 3022 arma
841 2973 929 3023 recte
962 2958 1210 3041 suscipiuntur:
1244 2972 1282 3023 ut
1314 2960 1401 3041 apud

231 3076 358 3149 politam
380 3072 410 3130 ⁵:

756 3182 823 3245 Pro
844 3183 986 3269 Jupiter
1009 3182 1072 3246 ibit
1105 3221 1113 3226 -

364 3291 452 3370 Hic,
476 3295 551 3373 ait,
575 3306 606 3356 et
631 3296 752 3356 nostris
773 3292 921 3357 illuserit
946 3292 1075 3359 advena
1098 3296 1242 3380 regnis?

364 3403 443 3466 Non
465 3424 565 3467 arma
589 3403 761 3488 expedient
785 3417 921 3488 totaque
944 3425 984 3468 ex
1006 3406 1087 3470 urbe
1110 3420 1314 3490 sequentur,

362 3513 606 3600 Diripiantque
629 3529 719 3579 rates
743 3514 808 3579 alii
831 3516 1039 3582 navalibus?
1065 3521 1134 3598 ite,

362 3624 462 3689 Ferte
485 3628 547 3689 citi
562 3626 740 3710 flammas,
764 3625 842 3691 date
864 3626 962 3708 vela,
987 3626 1149 3713 impellite
1171 3649 1285 3695 remos.

274 3734 367 3821 Quin
400 3736 495 3800 etiarn
525 3755 581 3801 eos
605 3737 664 3817 qui
686 3735 720 3800 in
746 3737 832 3800 bello
856 3739 981 3802 hostem
1006 3738 1222 3805 amarioribus
1245 3739 1401 3804 convitiis

266 3996 273 4027 ¹
292 3997 323 4044 V.
341 3998 510 4045 Chassaneurn
528 3998 560 4044 ad
579 4007 660 4046 const.
678 3998 752 4057 Burg.
770 3996 797 4045 in
814 3997 895 4056 praef.
914 3998 945 4044 ad
962 3997 1070 4046 verbum
1090 3997 1259 4058 Hollandiae,
1270 4008 1294 4045 et
1314 3997 1404 4046 Guicc.

231 4087 262 4134 de
280 4085 356 4136 rebus
374 4087 500 4148 Belgicis,
518 4086 544 4134 in
564 4101 586 4136 c.
605 4089 636 4135 de
654 4087 768 4136 moribus
786 4099 811 4136 et
838 4087 1066 4137 consuetudinibus
1086 4099 1111 4136 et
1129 4088 1155 4135 in
1173 4103 1196 4137 c.
1215 4090 1246 4136 de
1265 4089 1403 4137 Hollandia

232 4189 257 4224 et
275 4177 301 4226 in
319 4191 342 4227 c.
362 4180 393 4226 de
411 4178 542 4239 regimine.
576 4175 654 4226 21)(1.
677 4178 851 4228 adl.furem.
869 4178 895 4226 ff.
913 4180 979 4227 adl.
999 4181 1076 4227 Corn.
1094 4182 1125 4227 de
1144 4180 1190 4228 sic.
1209 4190 1233 4227 et
1252 4181 1319 4227 adl.
1341 4193 1362 4226 1.
1380 4180 1406 4226 ff.

232 4271 263 4317 de
286 4269 387 4329 poenis.
410 4269 453 4333 [D.
478 4273 519 4331 48.
544 4273 567 4317 8.
593 4285 617 4332 9.
644 4280 668 4318 et
691 4271 723 4318 D.
749 4272 790 4331 48.
811 4269 860 4334 19.]
881 4271 949 4319 Vict.
968 4273 999 4319 de
1018 4269 1074 4327 jure
1093 4270 1155 4318 belli
1173 4285 1198 4318 n.
1216 4285 1241 4332 4.
1260 4272 1318 4318 Pan.
1337 4270 1364 4317 in
1383 4283 1405 4318 c.

232 4360 294 4407 olim
312 4362 343 4409 de
361 4373 421 4408 rest.
439 4364 505 4421 spol.
523 4375 548 4410 n.
570 4375 608 4420 17.
628 4363 768 4424 [Decretal.
788 4376 811 4410 2.
832 4375 870 4420 13.
891 4361 941 4425 12.]
979 4361 989 4394 ³
1008 4365 1067 4411 lnst.
1087 4364 1118 4411 de
1137 4361 1213 4420 injur.
1232 4365 1255 4420 5.
1267 4361 1293 4410 in
1301 4375 1406 4409 summa.

234 4448 265 4512 [1.
285 4465 310 4512 4.
329 4465 354 4512 4.
371 4455 393 4510 §-
414 4450 465 4514 10.]
501 4451 512 4482 ⁴
529 4453 587 4513 Dig.
605 4455 636 4501 ad
654 4456 678 4502 S·
696 4455 725 4501 C.
742 4453 823 4513 Turp.
840 4464 897 4501 toto
915 4454 955 4502 tit.
977 4452 1020 4516 [D.
1038 4457 1079 4515 48.
1101 4454 1151 4516 16.]
1187 4453 1198 4484 ὅ
1218 4453 1321 4516 [Virgil.
1339 4457 1405 4502 Aen.

232 4543 250 4588 l.
267 4555 292 4602 4.
311 4556 349 4591 vs.
367 4541 436 4607 spo]
