3552 5654
358 677 418 743 126
668 687 714 734 ua
738 685 830 754 Juau
858 685 1221 734 cananaeorum.

356 848 424 913 Iam
450 859 601 934 gerunt,
624 842 817 930 quodjuris
840 839 1046 928 adipiscendi
1071 843 1192 927 gratia
1210 852 1346 927 garant.
1390 839 1474 904 Nam
1491 838 1524 905 in

354 958 519 1038 subditis,
554 971 593 1022 ut
615 955 723 1021 dicere
750 953 939 1036 occepimus
958 953 989 1032 ¹,
1012 950 1207 1034 obsequium
1228 965 1410 1034 spectatur,
1435 952 1525 1033 quod

354 1071 387 1135 in
406 1071 479 1154 jure
501 1067 672 1152 pontificio
685 1064 839 1151 Gregorii
850 1065 983 1132 verbis²
1004 1063 1214 1146 exprimitur:
1238 1069 1365 1128 tamma
1381 1063 1525 1129 militiae

354 1181 429 1248 laus
452 1185 543 1246 iata
565 1179 638 1245 alia
661 1178 745 1243 bana
766 1179 888 1241 marita
909 1177 1072 1256 haacast,
1097 1174 1312 1241 obedientiam
1322 1175 1525 1261 reipublicae

354 1291 563 1359 utilitatibus
583 1279 747 1356 exhilara.
770 1288 881 1375 Quare
902 1301 934 1352 et
954 1287 994 1352 ab
1016 1286 1069 1352 his
1089 1286 1201 1353 abesse
1222 1285 1341 1352 debent
1360 1305 1419 1369 ea,
1440 1307 1523 1370 quae

353 1424 371 1469 a
399 1401 593 1471 voluntariis
627 1399 836 1466 removimus.
883 1399 968 1464 Sunt
997 1413 1103 1464 autem
1125 1396 1197 1464 istis
1215 1397 1307 1464 vitiis
1329 1399 1437 1465 affines
1457 1397 1522 1466 fere

352 1514 565 1595 mercenarii,
597 1525 636 1579 ut
668 1513 761 1577 Plato
793 1507 867 1576 'ex
894 1509 1039 1594 Tyrtaeo
1067 1508 1208 1592 probat,
1232 1509 1291 1591 qui
1311 1509 1436 1576 scilicet
1454 1513 1522 1578 sola

352 1647 410 1712 spe
438 1625 522 1692 lucri
549 1623 694 1708 pericula
714 1635 928 1688 contemnunt
949 1618 971 1686 ⁴.
1015 1619 1242 1703 Antiphanis‘
1264 1639 1330 1686 non
1358 1620 1521 1707 inelegans

351 1758 468 1808 versus
487 1752 536 1805 est
554 1736 593 1802 de
611 1735 731 1801 milite:

584 1845 614 1924 ‘la
635 1847 719 1915 baa
740 1852 790 1915 τοῦ
812 1845 863 1928 ζῆν
882 1845 977 1928 ἕρκεϊ
999 1845 1233 1926 ἀποθανούμενος.

537 1956 604 2042 Qui
626 1969 735 2042 aampa
756 1959 863 2023 altam
886 1966 924 2018 at
943 1967 1089 2039 quaerat
1111 1957 1148 2019 ia
1170 1968 1305 2020 martam
1327 1957 1412 2020 ruit.

390 2072 470 2139 Non
489 2083 538 2137 est
548 2069 687 2136 vetitum
699 2066 797 2132 militi
819 2065 932 2133 salaria
951 2064 1096 2148 accipere
1118 2078 1201 2131 teste
1223 2064 1370 2147 Paurov,
1393 2065 1521 2149 inqui·

350 2184 412 2249 bus
441 2181 537 2249 etiam
559 2179 707 2264 praedam
731 2176 960 2260 comprehendi
981 2175 1137 2260 largiente
1165 2176 1332 2260 republica
1363 2192 1420 2243 aut
1454 2198 1520 2244 ma-

350 2293 488 2380 gistratu
527 2291 670 2359 diximus
710 2304 743 2355 et
784 2288 929 2354 dicemus
949 2297 971 2352 ².
1018 2287 1083 2353 Sed
1111 2288 1200 2353 hunc
1230 2287 1440 2371 praecipuum
1459 2287 1520 2355 tibi

348 2424 484 2488 scopum
503 2421 709 2486 proponere,
729 2415 767 2466 ut
788 2421 827 2466 ex
846 2398 964 2484 praeda
989 2400 1116 2464 lucrum
1135 2383 1258 2483 facias}
1282 2400 1439 2467 vitiosum
1461 2416 1519 2467 est.

350 2515 507 2582 Similiter
527 2532 605 2593 eos,
627 2511 685 2594 qui
704 2510 812 2577 officio
833 2509 967 2594 publico
987 2508 1193 2594 funguntur,
1216 2511 1359 2594 accipere
1381 2513 1519 2578 honora-

348 2625 396 2691 ria
418 2639 506 2691 recte
526 2623 646 2690 scimus
668 2637 701 2688 et
718 2622 752 2689 in
772 2622 825 2687 his
842 2621 1003 2687 interdum
1024 2622 1162 2686 mulctas
1185 2621 1318 2689 civium.
1364 2623 1518 2706 Iniquum

349 2736 433 2803 enim
453 2750 538 2802 esset
558 2733 673 2802 serviri
694 2733 838 2801 omniurn
860 2730 1060 2799 utilitatibus
1078 2731 1194 2798 damno
1213 2732 1401 2800 uniuszsed
1420 2735 1518 2800 alium

348 2864 455 2915 tamen
476 2847 572 2913 finem
591 2845 799 2930 magistratus
821 2863 1003 2928 proponere
1026 2841 1090 2909 sibi
1111 2842 1228 2924 debet,
1251 2845 1373 2912 bonum
1395 2845 1520 2912 scilicet

347 2957 528 3041 publicum.
573 2953 648 3020 Hoc
667 2953 774 3036 ipsum
796 2952 905 3019 voluit
924 2953 1135 3038 Augustinus
1155 2953 1183 3020 ⁸:
1206 2955 1357 3022 militare
1387 2979 1451 3024 aaa
1473 2972 1520 3023 ast

347 3067 523 3145 delictam,
544 3064 612 3130 tad
635 3077 777 3149 propter
802 3062 967 3148 praedam
999 3064 1150 3131 militare
1173 3080 1346 3152 paccatum
1369 3071 1440 3134 ast?
1464 3091 1520 3135 aaa

347 3175 583 3263 rempublicam
612 3193 730 3260 gerara
759 3177 971 3265 criminosam
995 3189 1064 3257 ast,
1088 3175 1146 3242 sad
1164 3177 1372 3266 ideo-gerara
1391 3194 1520 3265 rampa-

347 3287 467 3354 blicam
501 3299 539 3352 at
568 3284 708 3353 divitias
741 3305 864 3371 augeas
886 3284 1023 3352 uidetur
1045 3308 1108 3353 assa
1128 3288 1329 3354 damnabil.
1375 3289 1420 3355 Hi
1438 3310 1518 3357 vero

347 3398 406 3482 qui
429 3398 581 3476 damnum
603 3396 690 3478 passi
711 3408 788 3462 sunt
809 3395 895 3478 ipsi,
919 3396 1080 3463 hoedum
1108 3414 1276 3482 reparant,
1301 3399 1395 3466 etiam
1418 3421 1517 3484 prop-

345 3526 395 3577 ter
415 3508 563 3592 praedam
587 3521 675 3573 recte
707 3506 871 3588 militant,
894 3507 958 3572 hoc
992 3523 1040 3575 est
1066 3524 1200 3593 propter
1215 3511 1299 3596 juris
1330 3512 1381 3578 sui
1404 3532 1517 3580 conse-

345 3620 534 3700 cutionem,
569 3639 652 3700 quae
686 3617 720 3683 in
752 3617 868 3700 praeda
898 3618 1057 3687 consistit.
1112 3621 1177 3686 Sed
1199 3622 1290 3704 quod
1312 3623 1453 3690 diximus
1477 3623 1517 3690 de

345 3731 443 3799 animi
474 3729 671 3826 rectitudine
701 3727 734 3793 in
762 3749 828 3794 earn
864 3743 992 3796 tantum
1023 3731 1241 3816 cognitionem
1281 3734 1391 3813 venit,
1433 3755 1516 3817 quae

345 3841 559 3928 cogitationes
588 3839 773 3924 introspicit
792 3851 828 3922 ⁹,
862 3841 926 3907 boc
948 3856 997 3907 est
1023 3843 1080 3908 ubi
1106 3844 1198 3909 Deus
1221 3843 1261 3908 de
1281 3843 1437 3925 homine,
1461 3858 1518 3908 aut

343 3955 444 4022 homo
465 3955 505 4020 de
528 3973 598 4020 sese
618 3953 753 4038 judicat.
798 3953 843 4017 At
866 3954 893 4018 si
919 3953 1050 4035 quando
1073 3953 1106 4020 in
1127 3954 1234 4021 forum
1251 3975 1303 4022 res
1319 3953 1518 4037 istaveniat,

344 4081 422 4150 puta
445 4067 471 4132 si
495 4079 630 4149 pacatus
653 4063 773 4146 aliquis
789 4064 891 4149 judex
913 4063 952 4129 de
970 4057 1102 4147 'praeda
1137 4067 1306 4146 decernat,
1341 4065 1519 4131 omittenda

377 4324 385 4356 ¹
404 4324 486 4385 princ.
502 4336 557 4384 cap.
591 4319 602 4353 ²
620 4335 642 4370 c.
660 4324 706 4370 ult.
722 4334 765 4379 23.
784 4335 805 4370 r.
824 4321 911 4386 [Dect.
931 4325 1000 4372 Grat.
1014 4338 1040 4384 p.
1056 4324 1092 4387 m]
1128 4323 1139 4356 ³
1157 4326 1188 4374 de
1205 4328 1268 4386 legg.
1283 4328 1300 4373 l.
1320 4339 1343 4373 1.
1363 4325 1401 4386 [p.
1415 4324 1518 4386 630.b.]

341 4413 353 4446 ⁴
371 4415 433 4464 silv.
449 4415 476 4462 in
485 4429 511 4462 v.
520 4416 626 4462 Bellum.
640 4414 660 4474 ς.
672 4393 714 4462 10.
728 4415 811 4462 concl.
827 4427 852 4476 4.
870 4412 951 4471 Caiet.
970 4415 997 4464 in
1015 4418 1107 4465 summ.
1125 4427 1197 4476 pecc.
1215 4415 1241 4464 in
1260 4431 1286 4464 v.
1302 4417 1399 4464 Bellum
1409 4414 1520 4463 dubium.

342 4504 428 4568 ⁸[ap.
454 4505 524 4553 stob.
551 4504 626 4552 floril.
650 4505 667 4550 l.
687 4504 821 4566 53·n·9·]
862 4503 952 4553 icor.
974 4518 994 4553 1.
1012 4520 1036 4568 9.
1054 4517 1079 4564 7.
1112 4501 1241 4568 ⁷caru
1258 4519 1280 4553 c.
1300 4519 1338 4554 10.
1371 4503 1431 4554 ⁸dc
1449 4505 1521 4554 verb.

342 4597 418 4644 Dom.
429 4587 521 4644 citatu'r
538 4594 564 4642 in
582 4592 731 4642 emititare.
749 4591 837 4655 [Dect.
856 4596 924 4644 Grat.
941 4610 967 4655 p.
985 4609 1007 4644 2.
1024 4609 1063 4654 2³·
1086 4609 1106 4644 r.
1118 4595 1152 4660 5.]
1189 4595 1281 4646 ”scot
1298 4596 1520 4659 15.dist.4r.q.4,
