3530 5656
542 621 590 672 uu
612 621 706 691 Juaa
733 619 914 676 taraone.
940 626 1018 674 car.
1043 626 1090 674 vr„
1367 608 1410 690 65

236 773 302 844 lum
326 778 369 844 ub
395 791 524 845 causam
557 780 741 856 intulisset,
766 795 961 863 quamquam
988 781 1062 849 illos
1085 783 1199 848 hostes
1222 801 1286 848 nou
1313 788 1411 848 ucec-

235 904 348 972 perat‚
371 901 437 956 non
458 891 629 956 absolutus
658 890 756 958 modo
789 907 838 958 est
862 909 935 957 cum
961 901 1191 974 accusaretur,
1215 890 1273 960 sed
1295 892 1410 959 trium·

233 1001 335 1082 phum
359 999 454 1066 etiam
478 1000 675 1083 impetravit.
722 999 906 1085 Repudiata
929 1016 962 1067 et
986 1001 1124 1070 Catonis
1144 1003 1324 1086 sententia,
1349 1002 1408 1086 qui

232 1108 354 1177 bellum
386 1110 499 1191 istud,
533 1110 625 1193 quod
644 1111 755 1196 Julius
781 1111 902 1179 Cacsar
933 1125 1007 1178 cum
1035 1113 1172 1197 imperio
1203 1112 1236 1182 in
1264 1113 1406 1206 Galliam

233 1218 353 1314 missus
373 1221 543 1288 Ariovisto
566 1236 599 1288 et
622 1219 794 1290 Germanis
827 1224 984 1306 quodque
1013 1223 1097 1290 idem
1127 1225 1291 1308 Britannis
1322 1226 1410 1292 intu-

233 1332 295 1412 lit,
318 1331 481 1416 privatum
505 1332 647 1400 dicebat.
700 1334 907 1421 Quamquam
930 1353 997 1400 nou
1020 1334 1164 1402 diffiteor
1187 1352 1219 1402 et
1241 1337 1408 1404 Manlium

234 1457 267 1509 et
290 1443 462 1510 Caesarem
492 1457 531 1510 eo
554 1442 686 1510 defendi
715 1444 886 1528 potuisse,
910 1445 1098 1528 quodcum
1123 1447 1212 1532 genti
1235 1447 1334 1514 alicui
1358 1448 1407 1514 iu-

234 1551 358 1620 dictum
392 1569 441 1619 est
467 1555 608 1636 bellum,
637 1555 827 1637 quicunque
855 1556 884 1624 ei
912 1557 1034 1623 auxilio
1064 1553 1167 1623 futuri
1202 1574 1281 1625 suut
1311 1558 1408 1625 tacite

234 1663 463 1747 comprehendi
485 1665 650 1732 videntur.
701 1662 775 1750 Ego
798 1688 877 1734 vero
901 1667 996 1734 etiam
1017 1668 1146 1735 Decimi
1165 1669 1260 1736 Bruti
1283 1671 1406 1736 bellum

234 1774 403 1858 publicum
426 1790 532 1858 puto,
557 1775 648 1857 quod
666 1775 721 1842 ille
740 1777 841 1860 gessit
861 1777 1019 1846 adversus
1038 1779 1243 1860 Antonium,
1264 1779 1407 1847 Galliam

235 1885 428 1952 Citeriorem
440 1886 640 1969 provinciam
652 1887 815 1955 obtinens.
846 1888 892 1955 Et
911 1889 962 1957 his
981 1891 1163 1959 rationibus
1184 1907 1282 1973 atque
1302 1912 1409 1957 exem·

233 1997 297 2079 plis
318 2015 453 2062 moveor
476 1993 518 2062 ad
539 1997 771 2080 repudiandam
788 1999 974 2066 innocentii
995 2016 1027 2067 et
1046 2020 1119 2070 eum
1141 2001 1308 2083 sequentis
1331 2002 1407 2068 Bar·
1509 2001 1511 2005 ’

234 2107 294 2173 toli
317 2106 541 2174 auctoritatem
564 2104 586 2171 ¹:
611 2125 694 2190 quae
717 2126 793 2174 sane
816 2109 850 2176 in
873 2110 979 2176 causis
999 2112 1083 2196 juris
1104 2111 1229 2195 publici
1249 2125 1306 2176 aut
1329 2132 1407 2196 gen·

234 2215 316 2282 tium
339 2233 405 2282 nou
429 2215 568 2283 multum
592 2217 710 2282 habere
729 2217 831 2284 ,debet
849 2218 1028 2300 momenti,
1044 2219 1232 2302 praesertim
1251 2241 1325 2289 cum
1348 2242 1409 2290 nec

233 2328 331 2393 altera
352 2347 425 2409 pars
447 2339 553 2391 eareat
573 2323 865 2410 adstipulatoribus
884 2343 917 2393 et
940 2329 1072 2410 quidem
1091 2326 1247 2412 Hispanis
1264 2329 1299 2412 ¹,
1317 2333 1408 2414 quod

234 2455 338 2522 genus
359 2436 393 2502 in
413 2435 670 2521 jurisprudentia
689 2436 822 2502 minime
843 2440 1116 2506 contemnendum
1137 2455 1203 2506 cst:
1220 2444 1406 2525 praesertim

234 2566 308 2612 cum
335 2547 369 2612 in
397 2541 596 2629 repressaliis
617 2544 652 2625 ³,
680 2564 764 2628 quae
786 2547 864 2613 belli
885 2548 1011 2632 species
1034 2550 1191 2632 quaedam
1215 2565 1288 2633 est,
1312 2574 1406 2620 nemo

232 2675 299 2724 non
328 2658 391 2723 hoc
417 2655 525 2740 ipsum
553 2653 720 2722 concedat.
768 2655 862 2723 Sicut
888 2673 995 2726 autem
1023 2659 1142 2742 privati
1166 2683 1185 2728 a
1207 2661 1342 2744 privatis
1366 2664 1406 2730 ad

233 2767 356 2834 bellum
378 2782 465 2833 recte
488 2780 717 2846 assumuntur,
741 2764 787 2832 ita
805 2765 862 2834 uni
883 2758 1080 2851 reipublicae
1114 2786 1170 2836 aut
1202 2770 1404 2856 magistratui

232 2896 299 2944 non
322 2874 440 2963 privati
463 2875 585 2959 modo,
609 2873 717 2944 sedet
737 2879 835 2944 altera
857 2877 1040 2962 respublica
1061 2896 1118 2946 aut
1144 2876 1407 2966 magistratuum

231 2989 318 3057 bello
339 3003 448 3073 potest
466 2969 615 3055 accedere
636 2987 658 3055 ⁴.
704 2987 793 3054 Hinc
816 2987 957 3070 auxilla,
982 3007 1065 3072 quae
1079 2990 1221 3057 Graeci⁵
1243 2995 1406 3077 eleganter

232 3097 441 3186 distinguunt
470 3101 648 3188 ξυμμαχίαν
676 3104 726 3170 real
758 3103 925 3185 ἐπιμαχίαν
954 3117 1135 3183 vocantes,
1166 3123 1303 3185 quarum
1326 3106 1406 3172 haec

231 3210 272 3278 ad
302 3207 522 3278 defensionem
554 3207 733 3292 duntaxat,
765 3229 805 3276 ex
834 3210 906 3296 lege
926 3209 1051 3280 scilicet
1069 3210 1305 3297 prima‚altera
1325 3237 1405 3284 vero

233 3320 273 3387 ad
292 3325 553 3405 qualemcunque
572 3320 649 3387 belli
669 3341 798 3389 causam
816 3319 966 3405 pertinet.
990 3321 1184 3408 Eodemque
1204 3327 1302 3392 modo
1315 3330 1407 3395 velut

231 3428 445 3498 instrumenta
468 3415 592 3514 publici
615 3433 692 3497 belli
716 3447 793 3498 sunt
815 3431 961 3514 subditi,
986 3436 1050 3500 hoc
1074 3449 1123 3501 est
1145 3434 1193 3500 illi
1207 3438 1264 3518 qui
1277 3438 1405 3522 legibus

231 3539 428 3626 reipublicae
453 3542 602 3609 obstricti
636 3558 732 3610 sunt:
757 3563 823 3624 quo
846 3558 972 3628 spectat
993 3543 1026 3609 in
1051 3560 1173 3629 partem
1196 3546 1249 3612 lex
1269 3545 1406 3630 septima

230 3741 429 3754 m-

265 3861 318 3920 ¹in
340 3879 365 3922 c.
389 3868 459 3920 olim.
483 3869 514 3920 de
538 3881 597 3922 rest.
621 3875 686 3932 spol.
712 3869 852 3935 [Decretal.
878 3882 902 3921 u.
923 3883 961 3930 13.
990 3871 1041 3934 ru]
1069 3883 1093 3920 n.
1112 3871 1135 3920 8.
1153 3883 1178 3920 et
1195 3865 1222 3921 in
1241 3887 1264 3920 c.
1281 3865 1355 3922 sicut.
1374 3874 1405 3923 de

231 3961 336 4020 jurejut.
355 3957 495 4027 [Decretal.
513 3967 536 4010 t.
554 3975 594 4023 24.
608 3961 662 4025 uo]
682 3969 706 4010 tr.
725 3969 748 4018 s.
762 3969 787 4011 et
801 3963 861 4011 Pan.
877 3961 913 4010 lul
923 3963 1023 4010 etBart.
1040 3963 1073 4010 ad
1090 3963 1114 4010 d.
1124 3959 1278 4012 lbostean
1292 3973 1318 4011 rr
1330 3973 1355 4011 et
1368 3969 1405 4012 rt.

227 4048 242 4114 ἒ
259 4054 327 4102 Victa
345 4055 370 4102 d.
387 4056 406 4101 l.
424 4053 505 4113 nyan
523 4051 627 4110 dejure
645 4049 707 4102 belli
725 4055 744 4101 l.
765 4066 786 4102 r.
805 4059 829 4101 c.
848 4063 871 4104 a.
889 4066 915 4101 n.-
932 4065 956 4115 9.
974 4053 1048 4102 Adde
1065 4049 1126 4100 silv.
1144 4048 1171 4100 ln
1188 4065 1215 4101 v.
1231 4049 1337 4102 Bellum.
1347 4067 1371 4102 u.
1381 4063 1405 4102 u.

230 4141 281 4192 ibi:
306 4141 397 4194 sufficit
421 4141 505 4192 etiam.
539 4141 598 4192 ⁸V.
613 4139 674 4192 silv.
699 4140 768 4192 inv.
788 4143 988 4204 iteraremus.
1022 4139 1106 4190 ‘Cio
1133 4140 1164 4191 de
1181 4141 1226 4190 off.
1244 4145 1261 4190 l.
1280 4157 1301 4190 1.
1318 4144 1405 4192 Ambe.

230 4222 263 4282 de
281 4234 324 4282 off.
343 4238 359 4283 l.
380 4247 401 4282 1.
418 4247 441 4282 c.
461 4231 500 4291 ³6.
511 4230 602 4282 citatur
611 4229 638 4282 in
656 4247 678 4282 c.
695 4244 748 4282 non
756 4229 783 4282 in
792 4230 904 4282 ferenda.
926 4225 1014 4296 [Dect.
1033 4234 1101 4281 Grat.
1120 4243 1147 4293 p.
1166 4242 1188 4280 a.
1203 4243 1242 4290 as.
1253 4241 1276 4290 3.
1287 4232 1324 4296 7.]
1336 4232 1405 4283 Ralrl.

231 4325 264 4372 ad
281 4327 298 4372 l.
318 4337 328 4372 1
349 4326 378 4372 C.
395 4324 507 4373 undevi.
528 4319 571 4387 [C.
591 4326 615 4373 8.
631 4323 670 4386 4.]
689 4338 713 4373 n.
732 4326 764 4386 46
782 4336 807 4373 et
824 4337 866 4386 47.
884 4321 957 4380 Caiet
973 4325 1004 4372 ad
1022 4336 1110 4372 summ.
1129 4323 1219 4370 Thom.
1238 4333 1261 4371 e.
1281 4333 1303 4370 u.
1322 4337 1347 4383 q.
1364 4333 1405 4386 4ο.

232 4424 277 4461 art.
304 4425 325 4462 t.
348 4416 380 4462 ad
395 4417 538 4480 secumdam.
557 4415 633 4464 Mart.
650 4416 729 4464 Laud.
747 4429 773 4476 q.
792 4427 830 4470 ιε.
851 4414 888 4478 [p.
908 4412 976 4477 sau]
997 4416 1072 4474 Vasq.
1091 4425 1173 4462 contr.
1182 4415 1219 4461 ill.
1238 4427 1261 4461 c.
1280 4428 1320 4462 aa.
1339 4429 1363 4462 n.
1382 4417 1405 4462 o·

233 4503 343 4553 ‘Tbuu
363 4503 408 4553 lib.
429 4519 449 4553 1.
470 4503 505 4567 [c.
523 4505 578 4568 ⁴4]
598 4517 624 4554 ct
642 4505 678 4554 ibi
697 4509 777 4555 schol.

1257 4609 1278 4673 5
