3552 5654
412 442 422 476 Ι

379 675 440 737 ΙΙ“4
678 671 725 716 DE
748 669 841 737 JURE
868 667 1051 715 Pannona.
1076 667 1154 714 CAP.
1180 668 1260 714 VIII.

376 850 471 894 usum
491 829 634 906 habent,
655 825 743 892 hosti
768 823 982 890 transmiserit
1002 829 1035 904 ¹,
1058 824 1184 907 justum
1209 824 1331 890 bellum
1355 827 1481 909 gerenti
1493 847 1547 892 ea-

376 955 473 1006 tenus
495 938 684 1023 obligatur,
709 951 871 1019 quatenus
894 935 997 1002 videri
1020 949 1129 1018 potest
1150 950 1207 1001 aut
1228 935 1345 1002 damno
1366 937 1553 1020 insequenti
1599 971 1611 988 ·-

376 1069 505 1115 causam
529 1049 681 1129 dedisse,
704 1063 762 1114 aut
782 1051 852 1134 ejus
872 1047 965 1130 quod
984 1061 1058 1113 ante
1079 1047 1189 1112 datum
1211 1063 1279 1112 erat
1298 1047 1552 1115 satisfactionem

376 1159 603 1245 impedivisse.
651 1160 738 1225 Cum
769 1159 854 1225 enim
879 1158 1003 1225 factum
1028 1157 1131 1242 ipsius
1154 1158 1242 1224 bello
1266 1157 1309 1223 sit
1333 1161 1554 1226 accommoda-

376 1289 470 1354 tum,
503 1292 569 1337 non
603 1285 652 1338 est
683 1286 773 1337 extra
807 1273 961 1354 culpam,
993 1268 1051 1352 qui
1083 1289 1200 1335 causae
1231 1269 1371 1354 inJ‘ustae
1403 1271 1554 1353 quamvis

377 1384 565 1466 imprudens
582 1381 753 1448 adstitit²:
772 1381 887 1450 similis
907 1380 956 1446 illi
974 1381 1122 1461 scilicet,
1147 1380 1205 1463 qui
1226 1381 1409 1448 debitorem
1431 1382 1553 1446 miseri-

378 1494 487 1560 cordia
509 1509 619 1560 motus
641 1494 763 1560 carceri
785 1493 926 1573 exemit,
947 1508 1004 1559 aut
1026 1513 1082 1559 reo
1094 1491 1203 1577 fugam
1214 1492 1427 1575 monstravit,
1448 1501 1505 1560 aut
1520 1494 1553 1558 in

378 1610 512 1692 tausa†
525 1655 887 1673 .................
899 1603 967 1670 litis
981 1604 1164 1688 patr0n0²,
1189 1625 1274 1687 quos
1286 1625 1398 1672 omnes
1409 1606 1450 1671 ad
1461 1605 1554 1672 resti·

378 1717 538 1782 tutionem
561 1715 752 1800 simpliciter
775 1715 912 1800 obligari
936 1730 1088 1783 constans
1112 1715 1312 1781 eruditorum
1323 1716 1482 1781 sententia
1495 1733 1554 1784 est.

378 1827 425 1893 Et
445 1828 509 1893 hoc
529 1843 578 1894 est
598 1827 688 1910 quod
709 1827 949 1892 Amalasuntha
969 1827 1190 1912 *Justiniano
1213 1827 1388 1911 respondet
1408 1827 1553 1894 hostium

378 1941 453 2005 loco
486 1957 577 2018 esse,
611 1938 669 2020 qui
702 1936 790 2003 hosti
822 1937 863 2003 ad
893 1938 1015 2004 bellum
1048 1938 1226 2003 necessaria
1259 1937 1510 2005 subministrant
1527 1941 1552 2005 ⁴.

380 2049 439 2115 Sin
468 2067 590 2114 merces
622 2049 783 2134 ejusmodi
816 2047 959 2131 fuerint,
993 2069 1078 2131 quae
1108 2070 1166 2132 per
1193 2069 1228 2114 se
1249 2049 1336 2116 bello
1362 2070 1428 2115 non
1453 2051 1553 2117 inser-

379 2159 499 2241 viunt,
535 2159 590 2225 sed
627 2174 734 2226 tamen
769 2159 851 2242 parti
887 2160 1031 2245 iniustae.
1062 2160 1140 2226 belli
1174 2159 1208 2226 in
1242 2161 1378 2245 longum
1412 2161 1554 2227 ducendi

380 2285 545 2355 praestant
566 2268 791 2352 occasionem,
816 2271 844 2335 si
865 2271 997 2352 quidem
1019 2285 1181 2337 travector
1213 2271 1293 2336 scire
1324 2272 1387 2338 hoc
1421 2271 1554 2352 debuit,

382 2381 469 2448 idem
491 2381 663 2447 dicendum
685 2395 743 2447 est.
788 2381 926 2464 Alioqui
946 2400 1012 2447 non
1034 2396 1084 2448 est
1102 2383 1268 2466 putandus
1290 2383 1323 2447 irr
1345 2384 1439 2467 culpa
1463 2403 1553 2464 esse,

381 2492 445 2558 nisi
468 2512 485 2557 a
508 2491 676 2574 republica
706 2493 832 2576 justum
864 2492 987 2558 bellum
1016 2508 1146 2577 gerente
1177 2495 1240 2559 hoc
1271 2493 1378 2577 ipsum
1409 2494 1457 2559 illi
1480 2514 1556 2560 cum·

303 2657 311 2670 ,
378 2601 527 2687 justitiae
549 2601 827 2669 demonstratione
849 2604 1074 2670 denuntiatum
1096 2605 1139 2670 sit
1150 2605 1173 2672 ⁵.
1196 2605 1434 2690 Argumentum
1455 2607 1555 2691 hujus

382 2712 604 2779 distinctionis
637 2700 764 2781 illustre
794 2734 834 2780 ex
857 2715 979 2781 Seneca
998 2712 1010 2747 ⁸
1029 2715 1141 2801 colligi
1163 2731 1296 2800 potest,
1321 2717 1378 2799 qui
1402 2716 1436 2783 in
1455 2717 1555 2802 gratia

381 2855 577 2866 ——1-——nut-

415 2921 424 2954 ¹
444 2925 476 2971 V.
496 2937 520 2972 c.
539 2923 574 2972 ita
591 2911 766 2984 Quorumdam.
780 2936 805 2973 et
821 2938 845 2973 c.
862 2927 893 2974 ad
909 2925 1073 2974 liberandam.
1090 2927 1122 2975 de
1139 2925 1249 2987 Judaeis.
1269 2923 1407 2988 [Decretal.
1425 2939 1448 2983 5.
1464 2928 1487 2976 6.
1497 2928 1521 2976 6.
1530 2939 1555 2976 et

383 3025 406 3069 5.
425 3013 516 3076 6.17.]
537 3016 553 3061 1.
573 3028 596 3062 a.
614 3015 643 3062 C.
662 3028 726 3074 quae
744 3029 783 3064 res
802 3028 902 3076 export.
922 3030 975 3064 non
993 3017 1051 3065 deb.
1071 3014 1113 3078 [C.
1123 3030 1147 3078 4.
1156 3015 1209 3079 41.]
1245 3013 1326 3066 ²si1v.
1336 3016 1362 3065 in
1372 3033 1397 3066 v.
1406 3019 1556 3074 Restitutio,

381 3119 407 3164 p.
427 3116 450 3160 3.
468 3107 490 3161 §-
511 3116 550 3151 12.
566 3115 674 3153 sextum.
694 3117 718 3152 et
735 3105 880 3165 septimum.
915 3104 926 3138 ⁸
944 3106 1006 3154 Silv.
1022 3105 1049 3154 in
1063 3121 1088 3155 v.
1097 3106 1254 3156 Advocatus.
1264 3108 1285 3168 §.
1297 3108 1335 3156 16.
1352 3107 1482 3170 ⁴Pr0cop.
1491 3111 1555 3158 Bell.

382 3196 469 3243 Gotth.
486 3195 503 3240 l.
523 3205 545 3241 1.
566 3192 633 3257 [vol.
657 3208 678 3242 1.
696 3210 722 3254 p.
741 3208 798 3252 31⁵·
816 3209 838 3244 c.
857 3195 894 3260 d]
931 3195 941 3228 ⁵
958 3198 990 3244 V.
1007 3210 1030 3245 c.
1049 3195 1211 3256 significavit.
1227 3211 1288 3246 curn
1307 3211 1329 3246 c.
1347 3201 1416 3258 quod
1434 3200 1505 3247 olitn.
1524 3201 1555 3248 de

381 3285 439 3347 Jud.
460 3283 598 3346 [Decretal.
617 3297 641 3340 s.
659 3285 684 3333 6.
705 3299 744 3334 11.
762 3298 786 3335 et
808 3287 859 3348 12.]
879 3298 904 3334 et
922 3289 1026 3335 Extrav.
1041 3289 1073 3336 de
1090 3288 1147 3349 Jud.
1168 3288 1316 3348 [Extrav.8.
1328 3289 1363 3351 r.]
1386 3291 1416 3337 C.
1433 3303 1497 3349 quae
1515 3303 1554 3339 res

382 3387 441 3424 ven.
461 3387 513 3422 non
535 3387 604 3434 poss.
626 3387 651 3423 et
672 3389 791 3436 quaeres
810 3389 910 3438 export.
930 3389 955 3426 et
973 3380 1005 3427 de
1023 3378 1194 3426 commerciis.
1211 3393 1259 3440 per
1275 3391 1343 3428 totos
1360 3379 1448 3428 titulos
1469 3378 1512 3443 [C.
1530 3394 1554 3440 4.

381 3478 423 3526 40.
440 3477 482 3525 41.
500 3476 524 3512 et
542 3464 597 3530 sa]
617 3466 696 3514 Wilh.
714 3468 794 3515 Math.
813 3468 930 3516 debello
948 3467 1025 3526 justo.
1043 3482 1096 3530 req.
1116 3483 1139 3516 n.
1156 3483 1182 3530 p.
1201 3483 1224 3517 2.
1244 3469 1255 3502 ⁸
1273 3471 1304 3518 de
1321 3469 1406 3518 benef.
1422 3473 1505 3528 l.7.c.
1516 3481 1556 3518 20·

415 3557 430 3617 †
450 3553 520 3618 [Hoc
535 3558 595 3603 loco
611 3556 660 3604 tria
675 3559 718 3606 vel
735 3568 844 3617 quatuor
859 3559 938 3607 verba
955 3558 981 3606 in
1000 3559 1164 3620 manuscripti
1181 3560 1291 3619 margine
1308 3562 1390 3609 deleta
1404 3573 1469 3610 sunt.
1488 3561 1556 3626 Quid

384 3645 487 3694 Grotius
505 3645 635 3705 scripserit
650 3661 664 3694 e
678 3647 779 3698 levibus
794 3662 858 3711 quae
872 3661 1006 3710 supersunt
1021 3649 1135 3710 vestigiis
1150 3650 1266 3710 expediri
1282 3664 1333 3699 non
1347 3663 1441 3711 potest.
1458 3655 1557 3701 Auctor

382 3736 438 3797 ipse
461 3736 488 3784 in
511 3750 590 3795 opere
613 3737 643 3785 da
660 3736 722 3800 jura
742 3737 799 3786 belli
821 3747 847 3786 at
866 3740 953 3804 pacis,
982 3752 1037 3788 111.
1063 3753 1084 3788 1.
1108 3751 1131 3796 s.
1153 3741 1181 3788 in
1203 3741 1332 3790 consimili
1352 3755 1427 3792 causa
1442 3745 1557 3804 exempla

383 3826 468 3885 affert,
487 3826 579 3887 quibus
594 3827 637 3875 hic
650 3841 753 3889 quoque
766 3828 860 3887 utitur,
879 3830 1002 3878 debitoris
1017 3829 1114 3879 carceri
1122 3830 1216 3878 exemti
1225 3842 1250 3879 et
1258 3832 1295 3879 rei
1305 3831 1347 3880 cui
1355 3833 1414 3892 fuga
1421 3845 1557 3881 monstrata
1645 3859 1653 3873 ι

383 3929 436 3980 est,
453 3920 498 3967 sed
510 3931 569 3968 cum
580 3918 682 3968 tertium
694 3922 838 3980 exemplum
852 3920 979 3982 omiserit,
997 3920 1041 3969 illa
1056 3921 1132 3969 nobis
1146 3924 1230 3970 lucem
1245 3905 1339 3970 nullam
1359 3923 1480 3982 praebere
1497 3937 1556 3983 pos·

383 4020 451 4058 sunt.
469 4009 603 4069 silvester,
621 4007 693 4066 cujus
708 4013 832 4058 Summam
847 4011 951 4060 Grotius
966 4013 1055 4071 allegat
1070 4011 1096 4058 in
1111 4027 1136 4060 v.
1150 4013 1308 4062 Advocatus.
1322 4016 1344 4070 §-
1362 4013 1470 4061 16.haec
1479 4015 1557 4063 verba

383 4099 472 4160 habet,
484 4112 548 4158 quae
564 4099 668 4148 Grotius
683 4113 810 4161 spectasse
825 4101 940 4150 videtur:
954 4102 1093 4152 advocatus
1102 4110 1203 4151 tenatur
1209 4103 1244 4150 ad
1250 4103 1432 4152 restitutionem
1441 4104 1558 4164 omnium,

384 4204 447 4252 quaa
462 4189 502 4237 illi
510 4224 516 4248 ,
531 4198 621 4238 contra
638 4204 697 4252 quos
712 4191 867 4254 aduocabat,
882 4201 989 4257 propter
1004 4193 1083 4256 ipsius
1094 4193 1262 4257 patrocinium
1275 4192 1368 4256 injusta
1381 4193 1538 4258 amiserunt]

418 4278 431 4307 *
451 4279 645 4341 [Amalasuntha
661 4283 727 4342 apud
743 4283 898 4343 Procopium
915 4297 968 4332 non
986 4284 1049 4333 dicit
1067 4283 1148 4332 hostis
1166 4286 1314 4346 loco-esse,
1331 4285 1375 4344 qui
1392 4285 1556 4334 hostineces·

383 4369 447 4420 saria
474 4371 662 4433 subministret,
680 4374 726 4420 sed
749 4385 837 4420 contra
855 4373 921 4421 socii
940 4386 965 4422 et
985 4373 1059 4422 amici
1077 4374 1180 4422 nomine
1197 4375 1298 4436 dignum
1315 4374 1414 4432 videri,
1433 4375 1478 4434 qui
1496 4379 1556 4424 alte·

383 4473 438 4508 rum
461 4460 487 4508 in
511 4460 581 4509 bello
606 4462 657 4511 suis
681 4463 773 4522 opibus
794 4461 874 4520 juvet.
909 4465 965 4523 Ipsa
988 4464 1055 4512 enim
1070 4465 1211 4526 Justiniano
1228 4468 1279 4514 hoc
1293 4467 1370 4514 modo
1385 4466 1514 4515 adstiterat
1530 4467 1556 4514 in

383 4551 452 4600 bello
470 4549 523 4608 ejus
538 4555 656 4604 adversus
677 4552 828 4615 vandalos]
