3536 5692
373 685 435 746 340
676 683 723 728 na
747 681 841 750 Junu
868 682 1051 728 annuunt.
1077 684 1156 730 cau.
1181 683 1241 728 xa.

372 837 512 902 decimas
537 857 576 900 ex
606 836 723 919 spoliis
744 835 897 901 Pontifici
922 836 1036 919 dedit,
1060 855 1126 902 non
1151 852 1257 902 tamen
1279 835 1389 900 socios
1413 851 1469 900 aut
1492 836 1548 901 ad·

372 947 538 1016 ministros
557 948 627 1014 suis
646 948 795 1031 partibus
814 946 1000 1028 fraudavit,
1019 963 1051 1012 et
1072 948 1105 1012 in
1118 947 1224 1012 Mosis
1247 947 1407 1014 historia¹
1427 947 1547 1012 diserte

373 1059 528 1141 scriptum
558 1073 631 1140 est,
666 1059 726 1125 etsi
755 1057 931 1124 liberaliter
951 1058 1056 1124 factae
1081 1073 1171 1124 erant
1194 1058 1397 1139 oblationes,
1420 1072 1547 1121 tantum

374 1185 481 1234 tamen
504 1169 608 1235 fuisse
636 1170 796 1252 praedae,
821 1184 858 1234 ut
890 1189 928 1234 ex
958 1189 993 1236 ea
1024 1172 1164 1235 multum
1194 1169 1257 1234 sibi
1282 1169 1424 1251 quisque
1446 1188 1549 1232 reser-

375 1295 475 1346 varet.
499 1280 625 1345 Verum
648 1280 744 1345 etiarn
765 1293 864 1361 atque
884 1281 980 1346 etiam
1003 1281 1324 1346 animadvertendum
1346 1295 1395 1344 est
1415 1279 1467 1359 is,
1490 1279 1547 1360 qui

375 1391 514 1474 praedae
544 1406 668 1474 partem
692 1391 765 1455 Deo
789 1390 961 1472 attribuit,
985 1392 1082 1457 detne
1103 1406 1140 1456 ut
1160 1411 1251 1456 suam
1276 1410 1316 1456 an
1344 1405 1382 1455 ut
1401 1391 1548 1456 alienam.

378 1502 413 1568 Si
436 1502 568 1584 quidem
586 1516 624 1566 ut
642 1521 756 1583 suam,
779 1516 887 1582 recte,
909 1521 968 1568 nec
987 1505 1054 1568 ulla
1074 1503 1171 1569 nobis
1191 1522 1267 1568 cum
1289 1521 1327 1568 eo
1349 1500 1548 1566 concertatio

378 1628 449 1695 est,
474 1633 548 1678 cum
572 1613 662 1694 quod
686 1612 828 1696 quisque
849 1613 1027 1695 acquisivit
1048 1612 1187 1678 alienare
1212 1611 1307 1676 etiam
1331 1611 1447 1692 possit.
1491 1610 1548 1674 Sin

378 1739 415 1789 ut
436 1724 600 1804 alienum,
624 1738 738 1789 caveat
758 1743 798 1788 ne
818 1725 949 1806 Deum,
975 1744 1072 1806 quern
1095 1725 1223 1805 placare
1247 1722 1380 1803 studet,
1406 1722 1550 1787 offendat

378 1855 414 1899 ea
445 1834 593 1916 ratione,
619 1834 696 1898 dum
720 1834 750 1899 ei
772 1835 944 1915 obtrudit,
968 1835 1060 1916 quod
1082 1833 1152 1916 ipse
1174 1853 1255 1916 pura
1279 1832 1478 1899 conscientia
1500 1853 1550 1897 re-

377 1945 479 2009 tinere
498 1964 531 2008 se
553 1964 618 2009 non
638 1964 734 2027 posse
754 1943 938 2010 arbitratur.
984 1944 1070 2008 Nam
1093 1944 1152 2026 qui
1173 1944 1314 2027 pretium
1332 1943 1549 2009 meretricium

377 2054 477 2120 dicari
505 2054 567 2120 sibi
600 2054 755 2134 noluit¹,
787 2055 866 2122 satis
898 2055 1043 2121 ostendit
1072 2057 1195 2120 nullam
1226 2054 1289 2121 sibi
1314 2057 1462 2137 placere,
1486 2053 1550 2120 nisi

379 2185 418 2229 ex
450 2180 535 2230 recte
567 2165 725 2247 quaesitis
756 2165 995 2232 liberalitatem.
1042 2165 1120 2252 Quo
1154 2181 1187 2231 et
1216 2166 1399 2250 Augustini
1424 2168 1436 2202 ³
1467 2165 1550 2230 illud

378 2276 543 2358 pertinet,
574 2275 659 2342 furta
691 2274 841 2342 facienda
872 2295 938 2342 non
963 2295 1056 2358 esse,
1082 2276 1177 2342 etiam
1201 2278 1372 2342 voluntate
1397 2276 1549 2360 pascendi

377 2407 536 2470 pauperes
556 2403 696 2454 sanctos.
743 2388 790 2453 At
814 2388 871 2470 qui
886 2388 941 2471 jus
966 2408 1064 2454 suum
1089 2402 1146 2452 aut
1172 2387 1344 2466 societati,
1371 2402 1428 2452 aut
1457 2387 1551 2452 alteri

379 2498 485 2564 cuivis
520 2499 763 2578 transcribunt,
798 2498 867 2565 sive
891 2498 981 2564 aliud
1012 2497 1180 2580 quidpiam
1210 2497 1375 2580 recipiunt
1403 2499 1473 2583 ejus
1505 2497 1550 2563 rei

324 2639 325 2642 ¹
378 2612 476 2690 loco,
500 2609 654 2676 credendi
675 2623 753 2674 sunt
774 2608 986 2690 vendidisse,
1011 2608 1081 2675 sive
1104 2608 1188 2674 nihil
1211 2610 1330 2674 volunt
1341 2623 1468 2692 praeter
1481 2629 1551 2692 gra·

379 2719 480 2800 tiam,
504 2735 610 2785 tamen
634 2740 751 2805 negare
773 2739 840 2786 non
863 2735 1003 2803 possunt
1023 2739 1083 2802 pro
1104 2740 1166 2786 suo
1190 2720 1367 2801 habuisse,
1392 2720 1482 2802 quod
1505 2718 1551 2784 fa·

381 2830 474 2896 ciunt
506 2831 657 2898 alienum.
713 2831 823 2896 Nemo
854 2831 936 2897 enim
970 2846 1081 2914 potest
1104 2832 1195 2913 quod
1217 2852 1284 2896 non
1308 2832 1406 2896 habet
1426 2831 1508 2920 ‘dare
1528 2834 1551 2896 ⁴.

382 2942 459 3007 Sive
471 2941 572 3026 igitur
591 2941 824 3008 conscientiam
848 2957 1052 3026 spectamus,
1077 2942 1147 3008 sive
1160 2957 1314 3008 eventum
1334 2941 1399 3007 fori
1422 2942 1551 3023 civilis,

382 3053 495 3118 eodem
529 3068 606 3118 sunt
637 3055 712 3119 loco
744 3074 811 3135 quo
844 3053 961 3119 caeteri
993 3053 1051 3134 qui
1073 3069 1299 3137 perceperunt.
1346 3053 1432 3118 Nam
1456 3053 1551 3118 nebi

382 3164 515 3244 quidem
538 3184 589 3228 res
611 3163 721 3246 ipsas,
751 3164 809 3230 sed
841 3165 980 3247 pretium
1013 3165 1199 3248 accipiunt,
1226 3180 1258 3231 et
1277 3166 1340 3232 hoc
1361 3165 1456 3256 etiam
1481 3164 1552 3228 aliis

381 3276 545 3340 mercibus
568 3275 717 3357 quotidie
741 3291 936 3358 permutant.
975 3355 976 3360 ἵ
1143 3362 1144 3366 ¹

250 3397 367 3458 Epilogus.
425 3385 545 3450 Multis
570 3385 670 3470 igitur
692 3386 798 3454 modis
821 3402 878 3453 aut
900 3386 1019 3452 fallunt
1039 3403 1096 3453 aut
1118 3385 1298 3468 falluntur,
1323 3388 1381 3469 qui
1402 3407 1471 3452 esse
1494 3385 1553 3451 ali-

383 3496 465 3577 quid
486 3496 637 3581 lingunt,
662 3497 839 3579 quominus
850 3513 958 3563 tutum
978 3498 1022 3563 sit
1042 3498 1190 3580 praedam
1213 3517 1251 3562 ex
1273 3501 1369 3563 hoste
1391 3497 1552 3563 Lusitano

384 3621 415 3671 et
451 3627 565 3689 capere
600 3623 632 3672 et
662 3607 820 3673 detinere.
872 3608 1039 3694 Quocirca
1070 3624 1266 3674 mercatores
1299 3609 1554 3690 societatemque

383 3719 528 3784 Indicam
555 3720 732 3802 adhortor,
756 3740 797 3786 ne
820 3741 856 3786 se
874 3720 951 3786 ullis
975 3720 1180 3802 rationibus,
1216 3740 1299 3801 quae
1322 3718 1471 3802 profecto
1494 3718 1556 3784 fal-

384 3850 437 3896 sae
459 3850 572 3896 omnes
593 3845 692 3912 atque
714 3832 827 3897 inanes
845 3845 940 3911 sunt,
953 3831 1113 3898 dimoveri
1136 3832 1176 3896 ab
1197 3830 1349 3896 instituto
1370 3829 1555 3913 patiantur,

385 3942 477 4025 quod
496 3961 561 4006 non
586 3943 684 4008 modo
703 3957 833 4025 recepto
846 3963 936 4008 more
954 3943 1041 4026 apud
1062 3942 1232 4008 hominum
1257 3941 1556 4021 existimationem,

384 4054 442 4119 sed
465 4069 496 4118 et
520 4052 717 4137 divinojure
730 4054 817 4136 apud
829 4053 1061 4119 conscientiam
1074 4053 1335 4120 commendatum
1360 4068 1427 4133 est,
1451 4052 1557 4133 quod-

419 4335 522 4384 ΙΝιιιη.
549 4350 572 4384 c.
599 4349 640 4393 ³1·
665 4350 704 4386 vs.
729 4339 826 4398 penult.
861 4334 964 4386 ²Deut.
983 4350 1006 4384 c.
1025 4349 1064 4394 23.
1083 4349 1122 4384 vs.
1147 4338 1185 4382 ιθ.
1218 4333 1279 4384 ³ad
1295 4335 1384 4384 Claud.
1404 4347 1491 4384 contra
1507 4338 1557 4399 Jul.

384 4428 430 4475 lib.
445 4439 467 4482 5.
485 4442 508 4476 c.
529 4431 553 4476 8.
586 4427 597 4458 ⁴
615 4431 708 4476 Seneca
726 4429 757 4476 de
773 4428 858 4476 benef.
881 4430 897 4476 l.
917 4440 939 4483 5.
956 4443 978 4475 c.
1001 4441 1038 4479 12.
1060 4430 1077 4475 1.
1095 4440 1170 4474 nemo
1189 4429 1255 4486 plus.
1273 4425 1298 4474 ff.
1316 4427 1347 4474 de
1365 4428 1397 4474 R.
1417 4429 1435 4474 Ι.
1456 4427 1499 4488 [D.
1517 4440 1556 4481 50.

388 4531 425 4575 17·
446 4518 496 4581 sa]
