3546 5654
368 663 431 729 250
674 665 721 712 DE
744 667 839 735 June
865 666 1048 714 PRAEDAE.
1073 667 1153 714 OAP.
1178 667 1243 714 x11.

372 821 582 888 interdictum
616 821 734 888 dotent
777 821 968 906 interpretes
1000 825 1009 863 ¹
1041 824 1190 905 exemplo
1222 821 1386 890 Labeonis
1409 826 1446 903 ¹,
1481 823 1539 905 qui

371 933 445 1000 curn
469 931 676 1000 interdiceret
698 933 849 1000 Proetorz
874 935 929 999 Nc
952 935 1036 1019 quid
1055 938 1092 999 ira
1110 936 1248 1020 flumine
1265 934 1398 1019 publico
1422 938 1539 1020 ripate

371 1047 439 1130 ejus
465 1046 606 1130 facias,
641 1067 702 1130 pua
736 1049 837 1110 statio
870 1050 976 1114 itcruc
1008 1049 1143 1132 nauigio
1174 1045 1322 1112 deterior
1353 1050 1418 1127 sit,
1445 1044 1537 1128 fiat:

369 1157 477 1223 simile
510 1157 594 1228 dixit
626 1157 835 1225 interdictum
869 1172 1051 1240 competere
1082 1158 1115 1222 in
1147 1157 1226 1224 mari
1247 1158 1278 1221 ⁸:
1312 1157 1366 1222 Nc
1398 1157 1482 1242 quial
1502 1161 1537 1224 ia

369 1273 460 1333 mari
492 1273 567 1336 inre
598 1269 713 1334 littore
737 1269 878 1354 facias,
911 1289 973 1354 quo
1000 1283 1121 1354 partus
1149 1275 1251 1334 statio
1275 1274 1380 1336 iterra
1403 1272 1538 1355 nauigia

369 1381 515 1446 deterius
543 1384 611 1462 sit,
632 1378 707 1463 fiat.
755 1381 881 1464 Iniusta
914 1381 1015 1465 igitur
1035 1380 1087 1446 vis
1111 1381 1165 1446 illa
1189 1381 1223 1447 vi
1243 1382 1332 1465 justa
1355 1381 1540 1464 repellenda

369 1507 427 1558 est.
476 1493 521 1557 Et
542 1495 605 1557 hoc
629 1493 735 1576 ipsum
761 1491 815 1556 alii
839 1492 933 1560 etiarn
949 1493 1089 1557 debello
1102 1492 1537 1575 scriptoresrcrediderunt‚

370 1624 444 1669 curn
468 1624 527 1688 pro
550 1624 657 1669 rerum
677 1603 871 1670 defensione
894 1604 1016 1670 bellurn
1036 1603 1160 1686 suscipi
1179 1603 1302 1686 possit,
1326 1623 1421 1686 posse
1442 1593 1537 1670 etiarn

370 1715 525 1782 sustineri
558 1735 617 1797 pro
642 1734 705 1780 usu
730 1736 838 1781 earum
873 1736 1003 1797 rerum,
1028 1737 1112 1798 quae
1144 1716 1283 1782 naturali
1315 1716 1388 1799 jure
1420 1715 1539 1782 debent

368 1847 437 1892 esse
468 1846 671 1894 communes.
732 1827 842 1914 Quare
875 1828 927 1893 his
968 1829 1027 1910 qui
1059 1828 1174 1898 itinere
1208 1827 1447 1910 praecludunt,
1483 1848 1539 1911 per

369 1957 452 2019 quae
472 1937 510 2002 fit
529 1937 679 2005 inductio
700 1955 732 2006 et
751 1940 883 2006 eductio
901 1940 1171 2021 necessariorum,
1184 1939 1279 2005 etiam
1297 1939 1368 2006 sine
1378 1938 1539 2022 Principis
1591 1983 1593 1986 >

367 2050 560 2116 auctoritate
594 2054 652 2119 uia
679 2051 773 2134 facti
805 2052 922 2117 dicunt
944 2071 1043 2134 posse
1065 2051 1204 2118 occurri.
1251 2051 1297 2116 Et
1319 2051 1383 2121 hoc
1407 2050 1441 2115 in
1469 2050 1539 2132 ipsa

366 2161 603 2245 prohibitione.
649 2162 729 2228 Post
752 2161 1007 2246 prohibitionem
1031 2177 1138 2228 autem
1163 2161 1321 2244 competit
1342 2161 1416 2228 vice
1440 2162 1538 2227 inter·

367 2273 446 2340 dicti
472 2273 667 2348 restitutorii
698 2273 889 2358 iniuriarum
914 2273 1023 2354 actio,
1055 2273 1083 2340 si
1118 2273 1193 2355 quis
1228 2273 1261 2339 in
1284 2273 1363 2339 mori
1386 2273 1538 2356 navigare

366 2385 602 2468 prohibeatur,
626 2400 683 2450 aut
706 2405 773 2450 rern
797 2405 886 2452 suam
910 2386 1076 2467 vendere,
1101 2400 1158 2450 aut
1179 2405 1213 2450 re
1232 2405 1291 2451 sua
1310 2385 1359 2450 uti
1379 2403 1446 2450 non
1467 2405 1538 2467 per·

367 2497 539 2577 mittetur,
562 2511 600 2560 ut
618 2495 730 2561 multis
752 2497 835 2562 locis
856 2496 1238 2580 Ulpianus⁵respondet
1279 2497 1420 2578 Oportet
1438 2495 1539 2579 igitur

367 2609 450 2673 hanc
474 2625 543 2672 esse
566 2607 727 2691 injuriam.
774 2608 898 2692 Iniuria
919 2623 1026 2674 autern
1052 2609 1091 2676 ab
1115 2610 1216 2674 altero
1236 2608 1325 2674 illata
1342 2609 1464 2691 justam
1484 2608 1539 2672 dat

367 2720 454 2785 bello
475 2739 604 2784 causam
624 2717 648 2784 ⁶.
683 2719 729 2784 Et
749 2719 837 2785 sicut
857 2740 908 2785 res
930 2720 1027 2786 nobis
1046 2735 1172 2803 ereptas
1193 2739 1382 2802 recuperare
1404 2719 1537 2800 liceret,

208 2848 248 2892 sa·
266 2849 315 2908 aga
330 2853 352 2893 e.
369 2831 415 2896 ite
435 2846 466 2896 et
482 2833 537 2916 jus
561 2831 643 2896 illud
663 2845 748 2896 recte
772 2831 927 2914 recipiet,
952 2832 1011 2913 qui
1032 2852 1089 2914 per
1109 2830 1176 2896 vim
1196 2832 1354 2914 depulsus
1375 2846 1433 2896 est.
1481 2831 1538 2895 Se·

367 2944 481 3026 quitur
500 2963 598 3010 cause
616 2942 733 3009 debiti.
779 2943 866 3008 Nam
886 2943 945 3025 qui
964 2944 1107 3024 aliquem
1129 2942 1301 3026 impediret
1322 2964 1361 3008 eo
1379 2943 1452 3026 jure
1465 2942 1537 3021 uti,

368 3056 408 3120 ad
441 3057 549 3120 damni
579 3055 813 3138 reparationem
848 3055 943 3120 etiarn
974 3056 1113 3121 naturali
1138 3057 1210 3140 jure
1240 3055 1414 3138 obligatur.
1474 3048 1537 3118 sir-

366 3183 475 3234 vester
495 3167 526 3231 ⁷:
571 3164 638 3249 Qui
671 3167 808 3252 impedit
834 3170 1036 3252 piscatorem
1060 3167 1114 3234 rel
1134 3182 1291 3254 aucupem
1316 3189 1337 3231 a
1360 3165 1539 3233 verisimili

360 3280 491 3364 futura
523 3282 675 3363 captione
702 3282 847 3364 piscium
879 3277 934 3345 tal
964 3283 1100 3359 arium,
1136 3301 1220 3364 quae
1244 3291 1321 3343 sunt
1334 3278 1430 3362 juris
1453 3297 1538 3340 com-

367 3394 499 3470 munis,
535 3402 669 3454 terretur
700 3390 847 3456 arbitria
880 3391 956 3454 boni
987 3394 1057 3458 uiri
1076 3389 1113 3454 ⁸:
1150 3395 1232 3476 quia
1265 3393 1340 3454 istis
1375 3387 1538 3472 aufertur

367 3521 444 3565 suus
464 3506 625 3587 proprius
650 3522 750 3582 urus,
775 3506 833 3588 qai
857 3516 932 3567 arat
956 3507 1009 3568 sui
1023 3504 1133 3588 juris,
1155 3517 1186 3567 ct
1202 3503 1345 3586 fractus
1367 3505 1402 3566 ia
1425 3521 1537 3564 earum

368 3633 430 3677 usu
454 3617 552 3698 quati
575 3613 783 3678 seminaliter
805 3628 986 3679 coutantur.
1022 3614 1171 3679 Deinde:
1190 3618 1249 3700 qui
1271 3612 1454 3697 impediunt
1478 3611 1539 3677 ad-

368 3739 501 3792 tautum
518 3724 691 3808 frumeuti
713 3739 775 3790 aut
798 3726 949 3790 aliarum
966 3729 1123 3791 mercium
1146 3725 1193 3790 ad
1211 3725 1361 3810 aliquam
1385 3737 1537 3803 terram,

379 3945 574 3959 -n-——·—-·r·-

401 4070 478 4119 ¹ot.-
495 4070 542 4118 ibi.
576 4068 587 4102 ³
611 4074 628 4118 1.
656 4085 678 4118 r.
702 4071 729 4119 in
751 4085 791 4132 pr.
814 4072 839 4120 ff.
866 4074 897 4120 de
924 4073 1077 4122 fluminibus.
1096 4071 1141 4135 [D.
1158 4085 1200 4133 43.
1221 4071 1270 4134 12.]
1307 4069 1424 4119 ⁸eadem
1441 4073 1459 4117 l.
1476 4073 1498 4128 ξ.
1515 4069 1538 4118 si

367 4163 430 4221 quid
451 4162 477 4210 in
494 4163 565 4210 mari.
583 4162 618 4222 [ξ.
647 4161 696 4224 17.]
734 4162 838 4211 ⁴Henr.
857 4163 961 4212 Gorich.
980 4164 1011 4212 de
1029 4164 1098 4212 bello
1116 4162 1193 4220 justo.
1211 4164 1237 4212 in
1255 4177 1330 4223 prop.
1349 4177 1372 4224 9.
1407 4161 1452 4208 ⁶1.
1471 4175 1494 4210 2.
1512 4160 1538 4208 ff.

369 4267 400 4301 ne
426 4253 488 4312 quid
513 4253 539 4301 in
565 4255 625 4302 loco
651 4254 721 4313 publ.
745 4256 765 4311 5.
791 4254 812 4301 si
837 4255 894 4313 quis
921 4254 947 4302 in
965 4254 1036 4302 mari.
1057 4253 1100 4317 [D.
1117 4267 1158 4315 43.
1178 4257 1200 4301 8.
1218 4268 1241 4302 a.
1259 4257 1280 4312 ξ.
1299 4254 1335 4314 9.]
1355 4255 1372 4300 1.
1390 4250 1537 4309 injuriarum

369 4345 446 4392 ectio.
465 4355 489 4391 et
507 4346 524 4391 Ι.
552 4344 572 4392 si
599 4345 656 4404 quis
683 4345 825 4404 proprium.
851 4345 876 4392 ff.
903 4348 934 4394 de
961 4344 1069 4402 injuriis.
1097 4344 1126 4408 [l.
1157 4358 1184 4403 13
1213 4356 1237 4392 et
1264 4347 1281 4391 l.
1309 4357 1348 4404 24.
1373 4345 1404 4390 D.
1422 4355 1463 4403 47.
1485 4343 1536 4403 ro]

367 4435 378 4466 ⁸
407 4449 430 4483 c.
455 4435 581 4484 dominus.
608 4436 696 4496 [Dect.
722 4437 790 4484 Grat.
815 4451 841 4496 p.
867 4450 890 4483 2.
916 4449 956 4493 23.
981 4449 1005 4483 e.
1030 4435 1066 4497 m]
1107 4433 1118 4474 ⁷
1143 4436 1169 4484 in
1195 4450 1222 4484 v.
1239 4434 1389 4484 Restitutio.
1407 4448 1433 4494 p.
1452 4447 1475 4491 s.
1490 4433 1537 4482 sub

368 4525 453 4576 finem.
489 4527 590 4590 8ειΙΙεε.
608 4528 712 4575 Ger-ard.
732 4528 790 4576 Old.
808 4538 833 4574 et
851 4529 930 4576 Arch.
1478 4511 1482 4522 ⁸
