<?xml version="1.0" encoding="UTF-8"?>
<!DOCTYPE html PUBLIC "-//W3C//DTD XHTML 1.0 Transitional//EN"
    "http://www.w3.org/TR/xhtml1/DTD/xhtml1-transitional.dtd">
<html xmlns="http://www.w3.org/1999/xhtml" xml:lang="en" lang="en">
 <head>
  <title>
</title>
<meta http-equiv="Content-Type" content="text/html;charset=utf-8" />
  <meta name='ocr-system' content='tesseract 3.04.00' />
  <meta name='ocr-capabilities' content='ocr_page ocr_carea ocr_par ocr_line ocrx_word'/>
</head>
<body>
  <div class='ocr_page' id='page_1' title='image "./ledroitdeprised00hamagoog_0026.png"; bbox 0 0 3530 5656; ppageno 0'>
   <div class='ocr_carea' id='block_1_1' title="bbox 384 660 1238 756">
    <p class='ocr_par' dir='ltr' id='par_1_1' title="bbox 384 660 1238 756">
     <span class='ocr_line' id='line_1_1' title="bbox 384 660 1238 756; baseline 0.005 -36"><span class='ocrx_word' id='word_1_1' title='bbox 384 660 405 740; x_wconf 76' lang='grc' dir='ltr'>ᾷ</span> <span class='ocrx_word' id='word_1_2' title='bbox 442 749 445 756; x_wconf 28' lang='grc' dir='ltr'>Ι</span> <span class='ocrx_word' id='word_1_3' title='bbox 701 673 748 738; x_wconf 80' lang='lat' dir='ltr'><strong>pn</strong></span> <span class='ocrx_word' id='word_1_4' title='bbox 771 671 865 740; x_wconf 74' lang='lat' dir='ltr'><strong>June</strong></span> <span class='ocrx_word' id='word_1_5' title='bbox 890 671 1078 732; x_wconf 63' lang='lat' dir='ltr'><strong>transpar-</strong></span> <span class='ocrx_word' id='word_1_6' title='bbox 1103 669 1186 724; x_wconf 72' lang='lat' dir='ltr'><strong>cur·</strong></span> <span class='ocrx_word' id='word_1_7' title='bbox 1210 671 1238 724; x_wconf 75' lang='grc' dir='ltr'><strong>ι.</strong></span> 
     </span>
    </p>
   </div>
   <div class='ocr_carea' id='block_1_2' title="bbox 304 825 1560 2690">
    <p class='ocr_par' dir='ltr' id='par_1_2' title="bbox 304 825 1560 2690">
     <span class='ocr_line' id='line_1_2' title="bbox 383 825 1560 918; baseline -0.008 -17"><span class='ocrx_word' id='word_1_8' title='bbox 383 833 487 918; x_wconf 71' lang='grc' dir='ltr'><strong>ἔχθραι</strong></span> <span class='ocrx_word' id='word_1_9' title='bbox 515 833 677 915; x_wconf 62' lang='grc' dir='ltr'><strong>προέλθωσι.</strong></span> <span class='ocrx_word' id='word_1_10' title='bbox 725 825 855 892; x_wconf 85' lang='lat' dir='ltr'><strong>Eorum</strong></span> <span class='ocrx_word' id='word_1_11' title='bbox 887 845 965 892; x_wconf 80' lang='lat' dir='ltr'><strong>sane</strong></span> <span class='ocrx_word' id='word_1_12' title='bbox 994 845 1079 911; x_wconf 79' lang='lat' dir='ltr'><strong>quae¹</strong></span> <span class='ocrx_word' id='word_1_13' title='bbox 1107 827 1336 911; x_wconf 73' lang='lat' dir='ltr'><strong>scripserunt</strong></span> <span class='ocrx_word' id='word_1_14' title='bbox 1359 826 1560 893; x_wconf 73' lang='lat' dir='ltr'><strong>nihilintrr</strong></span> 
     </span>
     <span class='ocr_line' id='line_1_3' title="bbox 384 935 1559 1022; baseline -0.007 -10"><span class='ocrx_word' id='word_1_15' title='bbox 384 943 489 1012; x_wconf 78' lang='lat' dir='ltr'><strong>hostes</strong></span> <span class='ocrx_word' id='word_1_16' title='bbox 522 939 639 1022; x_wconf 65' lang='grc' dir='ltr'><strong>ναίοις</strong></span> <span class='ocrx_word' id='word_1_17' title='bbox 686 958 788 1006; x_wconf 82' lang='lat' dir='ltr'><strong>mores</strong></span> <span class='ocrx_word' id='word_1_18' title='bbox 823 951 935 1004; x_wconf 78' lang='lat' dir='ltr'><strong>autem</strong></span> <span class='ocrx_word' id='word_1_19' title='bbox 966 949 1149 1004; x_wconf 76' lang='lat' dir='ltr'><strong>serrantur</strong></span> <span class='ocrx_word' id='word_1_20' title='bbox 1176 935 1218 1001; x_wconf 86' lang='lat' dir='ltr'><strong>ab</strong></span> <span class='ocrx_word' id='word_1_21' title='bbox 1250 937 1422 1020; x_wconf 79' lang='lat' dir='ltr'><strong>omnibus,</strong></span> <span class='ocrx_word' id='word_1_22' title='bbox 1456 941 1559 1004; x_wconf 77' lang='lat' dir='ltr'><strong>etiam</strong></span> 
     </span>
     <span class='ocr_line' id='line_1_4' title="bbox 384 1046 1559 1136; baseline 0.002 -19"><span class='ocrx_word' id='word_1_23' title='bbox 384 1071 457 1118; x_wconf 81' lang='lat' dir='ltr'><strong>cum</strong></span> <span class='ocrx_word' id='word_1_24' title='bbox 480 1051 528 1118; x_wconf 80' lang='lat' dir='ltr'><strong>ad</strong></span> <span class='ocrx_word' id='word_1_25' title='bbox 548 1065 733 1119; x_wconf 79' lang='lat' dir='ltr'><strong>extremum</strong></span> <span class='ocrx_word' id='word_1_26' title='bbox 757 1049 825 1118; x_wconf 78' lang='lat' dir='ltr'><strong>odii</strong></span> <span class='ocrx_word' id='word_1_27' title='bbox 839 1051 1076 1136; x_wconf 72' lang='lat' dir='ltr'><em>processerint.</em></span> <span class='ocrx_word' id='word_1_28' title='bbox 1121 1046 1190 1112; x_wconf 92' lang='lat' dir='ltr'><strong>Ubi</strong></span> <span class='ocrx_word' id='word_1_29' title='bbox 1212 1067 1316 1117; x_wconf 84' lang='lat' dir='ltr'><strong>mores</strong></span> <span class='ocrx_word' id='word_1_30' title='bbox 1347 1047 1433 1116; x_wconf 87' lang='lat' dir='ltr'><strong>idem</strong></span> <span class='ocrx_word' id='word_1_31' title='bbox 1456 1064 1559 1131; x_wconf 84' lang='lat' dir='ltr'><strong>sunt,</strong></span> 
     </span>
     <span class='ocr_line' id='line_1_5' title="bbox 385 1153 1558 1250; baseline -0.003 -20"><span class='ocrx_word' id='word_1_32' title='bbox 385 1163 475 1246; x_wconf 93' lang='lat' dir='ltr'><strong>quod</strong></span> <span class='ocrx_word' id='word_1_33' title='bbox 496 1162 584 1250; x_wconf 90' lang='lat' dir='ltr'><strong>apud</strong></span> <span class='ocrx_word' id='word_1_34' title='bbox 607 1162 758 1231; x_wconf 86' lang='lat' dir='ltr'><strong>Tullium</strong></span> <span class='ocrx_word' id='word_1_35' title='bbox 783 1168 793 1206; x_wconf 93' lang='lat'>¹</span> <span class='ocrx_word' id='word_1_36' title='bbox 813 1183 877 1226; x_wconf 76' lang='lat' dir='ltr'><strong>non</strong></span> <span class='ocrx_word' id='word_1_37' title='bbox 899 1153 1027 1246; x_wconf 72' lang='lat' dir='ltr'><strong>scriptia</strong></span> <span class='ocrx_word' id='word_1_38' title='bbox 1048 1158 1104 1229; x_wconf 78' lang='lat' dir='ltr'><strong>scd</strong></span> <span class='ocrx_word' id='word_1_39' title='bbox 1127 1173 1210 1224; x_wconf 79' lang='lat' dir='ltr'><strong>nata</strong></span> <span class='ocrx_word' id='word_1_40' title='bbox 1232 1159 1312 1241; x_wconf 82' lang='lat' dir='ltr'><strong>lex,</strong></span> <span class='ocrx_word' id='word_1_41' title='bbox 1335 1173 1369 1230; x_wconf 85' lang='lat' dir='ltr'><strong>et</strong></span> <span class='ocrx_word' id='word_1_42' title='bbox 1387 1161 1475 1244; x_wconf 90' lang='lat' dir='ltr'><strong>apud</strong></span> <span class='ocrx_word' id='word_1_43' title='bbox 1497 1161 1558 1226; x_wconf 81' lang='lat' dir='ltr'><strong>So·</strong></span> 
     </span>
     <span class='ocr_line' id='line_1_6' title="bbox 384 1269 1558 1360; baseline -0.001 -20"><span class='ocrx_word' id='word_1_44' title='bbox 384 1269 566 1360; x_wconf 83' lang='lat' dir='ltr'><strong>phoclem¹</strong></span> <span class='ocrx_word' id='word_1_45' title='bbox 587 1275 734 1358; x_wconf 65' lang='lat' dir='ltr'><strong>elysum</strong></span> <span class='ocrx_word' id='word_1_46' title='bbox 763 1276 910 1360; x_wconf 59' lang='grc' dir='ltr'><strong>κάσφαλῆ</strong></span> <span class='ocrx_word' id='word_1_47' title='bbox 942 1275 1007 1350; x_wconf 74' lang='grc' dir='ltr'><strong>θεῶν</strong></span> <span class='ocrx_word' id='word_1_48' title='bbox 1038 1273 1163 1355; x_wconf 75' lang='grc' dir='ltr'><strong>νόμιμοι,</strong></span> <span class='ocrx_word' id='word_1_49' title='bbox 1187 1291 1252 1336; x_wconf 79' lang='lat' dir='ltr'><strong>noa</strong></span> <span class='ocrx_word' id='word_1_50' title='bbox 1277 1274 1406 1358; x_wconf 77' lang='lat' dir='ltr'><strong>scripta</strong></span> <span class='ocrx_word' id='word_1_51' title='bbox 1426 1270 1558 1356; x_wconf 78' lang='lat' dir='ltr'><strong>quidem</strong></span> 
     </span>
     <span class='ocr_line' id='line_1_7' title="bbox 384 1380 1557 1470; baseline -0.001 -21"><span class='ocrx_word' id='word_1_52' title='bbox 384 1384 448 1450; x_wconf 82' lang='lat' dir='ltr'><strong>illa</strong></span> <span class='ocrx_word' id='word_1_53' title='bbox 467 1383 525 1450; x_wconf 79' lang='lat' dir='ltr'><strong>scd</strong></span> <span class='ocrx_word' id='word_1_54' title='bbox 542 1397 637 1450; x_wconf 83' lang='lat' dir='ltr'><strong>certa</strong></span> <span class='ocrx_word' id='word_1_55' title='bbox 660 1382 769 1450; x_wconf 73' lang='lat' dir='ltr'><strong>Derim</strong></span> <span class='ocrx_word' id='word_1_56' title='bbox 792 1384 896 1470; x_wconf 76' lang='lat' dir='ltr'><strong>jura.</strong></span> <span class='ocrx_word' id='word_1_57' title='bbox 938 1380 1132 1450; x_wconf 85' lang='lat' dir='ltr'><strong>Lactantius</strong></span> <span class='ocrx_word' id='word_1_58' title='bbox 1156 1381 1167 1416; x_wconf 83' lang='lat'>⁸</span> <span class='ocrx_word' id='word_1_59' title='bbox 1190 1401 1270 1458; x_wconf 80' lang='lat' dir='ltr'><strong>vero</strong></span> <span class='ocrx_word' id='word_1_60' title='bbox 1292 1381 1387 1450; x_wconf 87' lang='lat' dir='ltr'><strong>etiarn</strong></span> <span class='ocrx_word' id='word_1_61' title='bbox 1410 1381 1557 1464; x_wconf 84' lang='lat' dir='ltr'><strong>philoso-</strong></span> 
     </span>
     <span class='ocr_line' id='line_1_8' title="bbox 304 1492 1555 1588; baseline -0.004 -26"><span class='ocrx_word' id='word_1_62' title='bbox 304 1565 319 1588; x_wconf 61' lang='lat'><em>‚</em></span> <span class='ocrx_word' id='word_1_63' title='bbox 384 1496 469 1582; x_wconf 88' lang='lat' dir='ltr'><strong>phos</strong></span> <span class='ocrx_word' id='word_1_64' title='bbox 488 1494 720 1580; x_wconf 78' lang='lat' dir='ltr'><strong>reprehendit,</strong></span> <span class='ocrx_word' id='word_1_65' title='bbox 745 1493 837 1577; x_wconf 85' lang='lat' dir='ltr'><strong>quod</strong></span> <span class='ocrx_word' id='word_1_66' title='bbox 857 1512 932 1560; x_wconf 87' lang='lat' dir='ltr'><strong>cum</strong></span> <span class='ocrx_word' id='word_1_67' title='bbox 953 1493 993 1558; x_wconf 91' lang='lat' dir='ltr'><strong>de</strong></span> <span class='ocrx_word' id='word_1_68' title='bbox 1015 1492 1131 1563; x_wconf 82' lang='lat' dir='ltr'><strong>officiis</strong></span> <span class='ocrx_word' id='word_1_69' title='bbox 1151 1492 1192 1561; x_wconf 89' lang='lat' dir='ltr'><strong>ad</strong></span> <span class='ocrx_word' id='word_1_70' title='bbox 1212 1513 1280 1570; x_wconf 74' lang='lat' dir='ltr'><strong>reru</strong></span> <span class='ocrx_word' id='word_1_71' title='bbox 1300 1492 1555 1576; x_wconf 74' lang='lat' dir='ltr'><strong>militaremper-</strong></span> 
     </span>
     <span class='ocr_line' id='line_1_9' title="bbox 383 1603 1558 1690; baseline 0.003 -19"><span class='ocrx_word' id='word_1_72' title='bbox 383 1605 564 1681; x_wconf 86' lang='lat' dir='ltr'><strong>tinentibus</strong></span> <span class='ocrx_word' id='word_1_73' title='bbox 586 1605 776 1690; x_wconf 86' lang='lat' dir='ltr'><strong>disputant,</strong></span> <span class='ocrx_word' id='word_1_74' title='bbox 809 1623 877 1670; x_wconf 85' lang='lat' dir='ltr'><strong>eam</strong></span> <span class='ocrx_word' id='word_1_75' title='bbox 907 1622 975 1672; x_wconf 86' lang='lat' dir='ltr'><strong>non</strong></span> <span class='ocrx_word' id='word_1_76' title='bbox 1005 1603 1046 1668; x_wconf 86' lang='lat' dir='ltr'><strong>ad</strong></span> <span class='ocrx_word' id='word_1_77' title='bbox 1065 1624 1174 1674; x_wconf 82' lang='lat' dir='ltr'><strong>veram</strong></span> <span class='ocrx_word' id='word_1_78' title='bbox 1192 1604 1352 1688; x_wconf 83' lang='lat' dir='ltr'><strong>justitiam</strong></span> <span class='ocrx_word' id='word_1_79' title='bbox 1374 1624 1558 1680; x_wconf 75' lang='lat' dir='ltr'><strong>accommo-</strong></span> 
     </span>
     <span class='ocr_line' id='line_1_10' title="bbox 384 1705 1557 1804; baseline -0.002 -22"><span class='ocrx_word' id='word_1_80' title='bbox 384 1717 486 1799; x_wconf 89' lang='lat' dir='ltr'><strong>dant,</strong></span> <span class='ocrx_word' id='word_1_81' title='bbox 510 1716 568 1782; x_wconf 92' lang='lat' dir='ltr'><strong>sed</strong></span> <span class='ocrx_word' id='word_1_82' title='bbox 590 1705 750 1784; x_wconf 84' lang='lat' dir='ltr'><strong>advitam</strong></span> <span class='ocrx_word' id='word_1_83' title='bbox 771 1735 960 1798; x_wconf 83' lang='lat' dir='ltr'><strong>moremque</strong></span> <span class='ocrx_word' id='word_1_84' title='bbox 980 1714 1122 1782; x_wconf 86' lang='lat' dir='ltr'><strong>civilem.</strong></span> <span class='ocrx_word' id='word_1_85' title='bbox 1168 1716 1264 1804; x_wconf 88' lang='lat' dir='ltr'><strong>Quos</strong></span> <span class='ocrx_word' id='word_1_86' title='bbox 1286 1729 1435 1784; x_wconf 84' lang='lat' dir='ltr'><strong>auctores</strong></span> <span class='ocrx_word' id='word_1_87' title='bbox 1458 1717 1486 1782; x_wconf 91' lang='lat' dir='ltr'><strong>si</strong></span> <span class='ocrx_word' id='word_1_88' title='bbox 1509 1716 1557 1782; x_wconf 92' lang='lat' dir='ltr'><strong>illi</strong></span> 
     </span>
     <span class='ocr_line' id='line_1_11' title="bbox 384 1825 1558 1914; baseline 0.002 -22"><span class='ocrx_word' id='word_1_89' title='bbox 384 1847 450 1895; x_wconf 89' lang='lat' dir='ltr'><strong>non</strong></span> <span class='ocrx_word' id='word_1_90' title='bbox 470 1831 610 1914; x_wconf 82' lang='lat' dir='ltr'><strong>legunt,</strong></span> <span class='ocrx_word' id='word_1_91' title='bbox 634 1842 667 1895; x_wconf 91' lang='lat' dir='ltr'><strong>at</strong></span> <span class='ocrx_word' id='word_1_92' title='bbox 688 1826 848 1904; x_wconf 69' lang='lat' dir='ltr'><strong>Bellum*</strong></span> <span class='ocrx_word' id='word_1_93' title='bbox 870 1846 966 1897; x_wconf 84' lang='lat' dir='ltr'><strong>suurn</strong></span> <span class='ocrx_word' id='word_1_94' title='bbox 987 1826 1099 1892; x_wconf 86' lang='lat' dir='ltr'><strong>audire</strong></span> <span class='ocrx_word' id='word_1_95' title='bbox 1121 1825 1320 1906; x_wconf 78' lang='lat' dir='ltr'>debuerant,</span> <span class='ocrx_word' id='word_1_96' title='bbox 1348 1827 1407 1911; x_wconf 91' lang='lat' dir='ltr'><strong>qui</strong></span> <span class='ocrx_word' id='word_1_97' title='bbox 1430 1827 1558 1910; x_wconf 85' lang='lat' dir='ltr'><strong>sapien-</strong></span> 
     </span>
     <span class='ocr_line' id='line_1_12' title="bbox 384 1937 1557 2022; baseline -0.001 -18"><span class='ocrx_word' id='word_1_98' title='bbox 384 1954 432 2004; x_wconf 89' lang='lat' dir='ltr'><strong>ter</strong></span> <span class='ocrx_word' id='word_1_99' title='bbox 461 1939 576 2022; x_wconf 83' lang='lat' dir='ltr'><strong>doeuit</strong></span> <span class='ocrx_word' id='word_1_100' title='bbox 603 1938 686 2004; x_wconf 89' lang='lat' dir='ltr'><strong>inter</strong></span> <span class='ocrx_word' id='word_1_101' title='bbox 714 1958 792 2020; x_wconf 90' lang='lat' dir='ltr'><strong>eos,</strong></span> <span class='ocrx_word' id='word_1_102' title='bbox 817 1937 877 2020; x_wconf 87' lang='lat' dir='ltr'><strong>qui</strong></span> <span class='ocrx_word' id='word_1_103' title='bbox 903 1957 1088 2021; x_wconf 75' lang='lat' dir='ltr'><strong>supremam</strong></span> <span class='ocrx_word' id='word_1_104' title='bbox 1110 1937 1236 2022; x_wconf 86' lang='lat' dir='ltr'><strong>imperii</strong></span> <span class='ocrx_word' id='word_1_105' title='bbox 1269 1952 1467 2022; x_wconf 74' lang='lat' dir='ltr'><strong>potestaten¹</strong></span> <span class='ocrx_word' id='word_1_106' title='bbox 1494 1938 1557 2012; x_wconf 83' lang='lat' dir='ltr'><strong>sibi</strong></span> 
     </span>
     <span class='ocr_line' id='line_1_13' title="bbox 384 2047 1558 2132; baseline -0.001 -17"><span class='ocrx_word' id='word_1_107' title='bbox 384 2049 582 2132; x_wconf 82' lang='lat' dir='ltr'><strong>vindicant,</strong></span> <span class='ocrx_word' id='word_1_108' title='bbox 613 2049 640 2119; x_wconf 91' lang='lat' dir='ltr'><strong>si</strong></span> <span class='ocrx_word' id='word_1_109' title='bbox 675 2049 758 2132; x_wconf 88' lang='lat' dir='ltr'><strong>quid</strong></span> <span class='ocrx_word' id='word_1_110' title='bbox 787 2047 939 2114; x_wconf 89' lang='lat' dir='ltr'><strong>inciderit</strong></span> <span class='ocrx_word' id='word_1_111' title='bbox 971 2048 1216 2132; x_wconf 82' lang='lat' dir='ltr'><strong>contentionis,</strong></span> <span class='ocrx_word' id='word_1_112' title='bbox 1251 2069 1317 2116; x_wconf 88' lang='lat' dir='ltr'><strong>non</strong></span> <span class='ocrx_word' id='word_1_113' title='bbox 1359 2049 1456 2118; x_wconf 80' lang='lat' dir='ltr'><strong>abun</strong></span> <span class='ocrx_word' id='word_1_114' title='bbox 1490 2050 1558 2119; x_wconf 86' lang='lat' dir='ltr'><strong>dari</strong></span> 
     </span>
     <span class='ocr_line' id='line_1_14' title="bbox 382 2159 1557 2246; baseline 0 -20"><span class='ocrx_word' id='word_1_115' title='bbox 382 2161 552 2246; x_wconf 75' lang='lat' dir='ltr'><strong>judicem,</strong></span> <span class='ocrx_word' id='word_1_116' title='bbox 575 2180 672 2244; x_wconf 85' lang='lat' dir='ltr'><strong>quarn</strong></span> <span class='ocrx_word' id='word_1_117' title='bbox 692 2161 871 2229; x_wconf 82' lang='lat' dir='ltr'><strong>natur-alem</strong></span> <span class='ocrx_word' id='word_1_118' title='bbox 890 2159 1066 2243; x_wconf 86' lang='lat' dir='ltr'><strong>rationem,</strong></span> <span class='ocrx_word' id='word_1_119' title='bbox 1090 2161 1252 2236; x_wconf 81' lang='lat' dir='ltr'><strong>bonorum</strong></span> <span class='ocrx_word' id='word_1_120' title='bbox 1274 2175 1373 2244; x_wconf 91' lang='lat' dir='ltr'><strong>atque</strong></span> <span class='ocrx_word' id='word_1_121' title='bbox 1398 2163 1557 2234; x_wconf 85' lang='lat' dir='ltr'><strong>malorum</strong></span> 
     </span>
     <span class='ocr_line' id='line_1_15' title="bbox 384 2269 1559 2358; baseline -0.002 -18"><span class='ocrx_word' id='word_1_122' title='bbox 384 2271 559 2358; x_wconf 74' lang='lat' dir='ltr'><strong>arbitrant</strong></span> <span class='ocrx_word' id='word_1_123' title='bbox 594 2272 686 2355; x_wconf 91' lang='lat' dir='ltr'><strong>quod</strong></span> <span class='ocrx_word' id='word_1_124' title='bbox 715 2286 748 2341; x_wconf 85' lang='lat' dir='ltr'><strong>et</strong></span> <span class='ocrx_word' id='word_1_125' title='bbox 780 2270 834 2338; x_wconf 80' lang='lat' dir='ltr'><strong>alii</strong></span> <span class='ocrx_word' id='word_1_126' title='bbox 858 2270 1052 2338; x_wconf 79' lang='lat' dir='ltr'>eruditiores</span> <span class='ocrx_word' id='word_1_127' title='bbox 1073 2269 1085 2304; x_wconf 82' lang='lat'>⁵</span> <span class='ocrx_word' id='word_1_128' title='bbox 1104 2271 1324 2340; x_wconf 84' lang='lat' dir='ltr'><strong>consciscunt.</strong></span> <span class='ocrx_word' id='word_1_129' title='bbox 1369 2270 1441 2338; x_wconf 86' lang='lat' dir='ltr'><strong>Nee</strong></span> <span class='ocrx_word' id='word_1_130' title='bbox 1462 2275 1559 2358; x_wconf 74' lang='lat' dir='ltr'><strong>louge</strong></span> 
     </span>
     <span class='ocr_line' id='line_1_16' title="bbox 384 2381 1558 2469; baseline 0.002 -19"><span class='ocrx_word' id='word_1_131' title='bbox 384 2383 453 2450; x_wconf 92' lang='lat' dir='ltr'><strong>abit</strong></span> <span class='ocrx_word' id='word_1_132' title='bbox 484 2386 656 2469; x_wconf 88' lang='lat' dir='ltr'><strong>vulgatum</strong></span> <span class='ocrx_word' id='word_1_133' title='bbox 690 2381 797 2464; x_wconf 89' lang='lat' dir='ltr'><strong>illud,</strong></span> <span class='ocrx_word' id='word_1_134' title='bbox 831 2382 1020 2460; x_wconf 78' lang='lat' dir='ltr'><strong>intellectus</strong></span> <span class='ocrx_word' id='word_1_135' title='bbox 1044 2382 1179 2465; x_wconf 91' lang='lat' dir='ltr'><strong>penuria</strong></span> <span class='ocrx_word' id='word_1_136' title='bbox 1209 2402 1285 2451; x_wconf 78' lang='lat' dir='ltr'><strong>euna</strong></span> <span class='ocrx_word' id='word_1_137' title='bbox 1306 2383 1478 2465; x_wconf 80' lang='lat' dir='ltr'><strong>laborare,</strong></span> <span class='ocrx_word' id='word_1_138' title='bbox 1500 2382 1558 2466; x_wconf 87' lang='lat' dir='ltr'><strong>qui</strong></span> 
     </span>
     <span class='ocr_line' id='line_1_17' title="bbox 383 2477 1559 2580; baseline 0 -20"><span class='ocrx_word' id='word_1_139' title='bbox 383 2497 488 2580; x_wconf 83' lang='lat' dir='ltr'><strong>legem</strong></span> <span class='ocrx_word' id='word_1_140' title='bbox 521 2477 655 2578; x_wconf 84' lang='lat' dir='ltr'><strong>quaerat</strong></span> <span class='ocrx_word' id='word_1_141' title='bbox 681 2494 739 2560; x_wconf 91' lang='lat' dir='ltr'><strong>ubi</strong></span> <span class='ocrx_word' id='word_1_142' title='bbox 769 2496 925 2560; x_wconf 87' lang='lat' dir='ltr'><strong>naturalis</strong></span> <span class='ocrx_word' id='word_1_143' title='bbox 946 2507 1100 2576; x_wconf 78' lang='lat' dir='ltr'>suppetat</span> <span class='ocrx_word' id='word_1_144' title='bbox 1129 2493 1224 2562; x_wconf 86' lang='lat' dir='ltr'><strong>ratio.</strong></span> <span class='ocrx_word' id='word_1_145' title='bbox 1280 2494 1425 2562; x_wconf 85' lang='lat' dir='ltr'><strong>Aliunde</strong></span> <span class='ocrx_word' id='word_1_146' title='bbox 1458 2495 1559 2580; x_wconf 80' lang='lat' dir='ltr'><strong>igitur</strong></span> 
     </span>
     <span class='ocr_line' id='line_1_18' title="bbox 385 2605 1559 2690; baseline -0.001 -18"><span class='ocrx_word' id='word_1_147' title='bbox 385 2626 481 2690; x_wconf 88' lang='lat' dir='ltr'><strong>quam</strong></span> <span class='ocrx_word' id='word_1_148' title='bbox 514 2625 553 2672; x_wconf 89' lang='lat' dir='ltr'><strong>ex</strong></span> <span class='ocrx_word' id='word_1_149' title='bbox 585 2607 694 2690; x_wconf 77' lang='lat' dir='ltr'><strong>legum</strong></span> <span class='ocrx_word' id='word_1_150' title='bbox 718 2605 937 2672; x_wconf 86' lang='lat' dir='ltr'><strong>Romanarum</strong></span> <span class='ocrx_word' id='word_1_151' title='bbox 962 2623 1098 2687; x_wconf 90' lang='lat' dir='ltr'><strong>corpore</strong></span> <span class='ocrx_word' id='word_1_152' title='bbox 1125 2605 1268 2688; x_wconf 58' lang='lat' dir='ltr'><strong>petenda,</strong></span> <span class='ocrx_word' id='word_1_153' title='bbox 1287 2606 1559 2690; x_wconf 70' lang='lat' dir='ltr'><strong>est-praestabilis</strong></span> 
     </span>
    </p>
   </div>
   <div class='ocr_carea' id='block_1_3' title="bbox 287 2712 1556 2799">
    <p class='ocr_par' dir='ltr' id='par_1_3' title="bbox 287 2712 1556 2799">
     <span class='ocr_line' id='line_1_19' title="bbox 287 2712 1556 2799; baseline 0.002 -17"><span class='ocrx_word' id='word_1_154' title='bbox 287 2783 292 2790; x_wconf 83' lang='grc'>,</span> <span class='ocrx_word' id='word_1_155' title='bbox 387 2718 443 2784; x_wconf 91' lang='lat' dir='ltr'><strong>illa</strong></span> <span class='ocrx_word' id='word_1_156' title='bbox 469 2716 631 2798; x_wconf 78' lang='lat' dir='ltr'><strong>seientia,</strong></span> <span class='ocrx_word' id='word_1_157' title='bbox 663 2735 759 2799; x_wconf 86' lang='lat' dir='ltr'><strong>quam</strong></span> <span class='ocrx_word' id='word_1_158' title='bbox 795 2714 914 2781; x_wconf 90' lang='lat' dir='ltr'><strong>Cicero</strong></span> <span class='ocrx_word' id='word_1_159' title='bbox 935 2712 947 2748; x_wconf 82' lang='lat'>⁸</span> <span class='ocrx_word' id='word_1_160' title='bbox 969 2714 1052 2783; x_wconf 87' lang='lat' dir='ltr'><strong>dicit</strong></span> <span class='ocrx_word' id='word_1_161' title='bbox 1077 2715 1253 2785; x_wconf 73' lang='lat' dir='ltr'><strong>consistere</strong></span> <span class='ocrx_word' id='word_1_162' title='bbox 1280 2717 1316 2783; x_wconf 92' lang='lat' dir='ltr'><strong>in</strong></span> <span class='ocrx_word' id='word_1_163' title='bbox 1344 2715 1556 2799; x_wconf 78' lang='lat' dir='ltr'><strong>foederibus,</strong></span> 
     </span>
    </p>
   </div>
   <div class='ocr_carea' id='block_1_4' title="bbox 348 2827 1558 4026">
    <p class='ocr_par' dir='ltr' id='par_1_4' title="bbox 348 2827 1558 4026">
     <span class='ocr_line' id='line_1_20' title="bbox 383 2827 1558 2913; baseline -0.002 -17"><span class='ocrx_word' id='word_1_164' title='bbox 383 2827 614 2913; x_wconf 85' lang='lat' dir='ltr'><strong>pactionibus,</strong></span> <span class='ocrx_word' id='word_1_165' title='bbox 651 2827 899 2896; x_wconf 87' lang='lat' dir='ltr'><strong>conditionibus</strong></span> <span class='ocrx_word' id='word_1_166' title='bbox 930 2828 1129 2910; x_wconf 88' lang='lat' dir='ltr'><strong>populorum</strong></span> <span class='ocrx_word' id='word_1_167' title='bbox 1164 2847 1278 2912; x_wconf 79' lang='lat' dir='ltr'><strong>regum</strong></span> <span class='ocrx_word' id='word_1_168' title='bbox 1309 2842 1558 2911; x_wconf 78' lang='lat' dir='ltr'><strong>exterarumque</strong></span> 
     </span>
     <span class='ocr_line' id='line_1_21' title="bbox 384 2937 1558 3023; baseline -0.003 -15"><span class='ocrx_word' id='word_1_169' title='bbox 384 2940 577 3020; x_wconf 86' lang='lat' dir='ltr'><strong>nationum,</strong></span> <span class='ocrx_word' id='word_1_170' title='bbox 600 2939 635 3005; x_wconf 92' lang='lat' dir='ltr'><strong>in</strong></span> <span class='ocrx_word' id='word_1_171' title='bbox 667 2938 755 3005; x_wconf 89' lang='lat' dir='ltr'><strong>omni</strong></span> <span class='ocrx_word' id='word_1_172' title='bbox 784 2938 925 3021; x_wconf 84' lang='lat' dir='ltr'><strong>denique</strong></span> <span class='ocrx_word' id='word_1_173' title='bbox 948 2937 1024 3004; x_wconf 89' lang='lat' dir='ltr'><strong>belli</strong></span> <span class='ocrx_word' id='word_1_174' title='bbox 1043 2939 1116 3023; x_wconf 86' lang='lat' dir='ltr'><strong>jure</strong></span> <span class='ocrx_word' id='word_1_175' title='bbox 1143 2957 1179 3005; x_wconf 90' lang='lat' dir='ltr'><strong>ac</strong></span> <span class='ocrx_word' id='word_1_176' title='bbox 1202 2938 1303 3021; x_wconf 88' lang='lat' dir='ltr'><strong>pacis.</strong></span> <span class='ocrx_word' id='word_1_177' title='bbox 1352 2937 1472 3010; x_wconf 81' lang='lat' dir='ltr'><strong>Melius</strong></span> <span class='ocrx_word' id='word_1_178' title='bbox 1500 2939 1558 3006; x_wconf 87' lang='lat' dir='ltr'><strong>ali·</strong></span> 
     </span>
     <span class='ocr_line' id='line_1_22' title="bbox 385 3048 1557 3134; baseline -0.001 -17"><span class='ocrx_word' id='word_1_179' title='bbox 385 3065 507 3134; x_wconf 90' lang='lat' dir='ltr'><strong>quanto</strong></span> <span class='ocrx_word' id='word_1_180' title='bbox 530 3051 578 3117; x_wconf 88' lang='lat' dir='ltr'><strong>illi</strong></span> <span class='ocrx_word' id='word_1_181' title='bbox 597 3065 629 3116; x_wconf 89' lang='lat' dir='ltr'><strong>et</strong></span> <span class='ocrx_word' id='word_1_182' title='bbox 648 3049 792 3129; x_wconf 83' lang='lat' dir='ltr'><strong>certius,</strong></span> <span class='ocrx_word' id='word_1_183' title='bbox 817 3049 875 3132; x_wconf 91' lang='lat' dir='ltr'><strong>qui</strong></span> <span class='ocrx_word' id='word_1_184' title='bbox 897 3069 936 3114; x_wconf 85' lang='lat' dir='ltr'><strong>ex</strong></span> <span class='ocrx_word' id='word_1_185' title='bbox 956 3049 1056 3116; x_wconf 90' lang='lat' dir='ltr'><strong>sacris</strong></span> <span class='ocrx_word' id='word_1_186' title='bbox 1076 3048 1192 3116; x_wconf 87' lang='lat' dir='ltr'><strong>litteris</strong></span> <span class='ocrx_word' id='word_1_187' title='bbox 1207 3049 1270 3117; x_wconf 85' lang='lat' dir='ltr'><strong>istu</strong></span> <span class='ocrx_word' id='word_1_188' title='bbox 1284 3052 1409 3126; x_wconf 81' lang='lat' dir='ltr'><strong>malum</strong></span> <span class='ocrx_word' id='word_1_189' title='bbox 1431 3050 1557 3134; x_wconf 79' lang='lat' dir='ltr'><strong>discep-</strong></span> 
     </span>
     <span class='ocr_line' id='line_1_23' title="bbox 383 3159 1558 3245; baseline -0.002 -17"><span class='ocrx_word' id='word_1_190' title='bbox 383 3161 469 3243; x_wconf 84' lang='lat' dir='ltr'><strong>tari,</strong></span> <span class='ocrx_word' id='word_1_191' title='bbox 493 3160 556 3228; x_wconf 89' lang='lat' dir='ltr'><strong>nisi</strong></span> <span class='ocrx_word' id='word_1_192' title='bbox 582 3161 674 3245; x_wconf 89' lang='lat' dir='ltr'><strong>quod</strong></span> <span class='ocrx_word' id='word_1_193' title='bbox 699 3159 803 3228; x_wconf 89' lang='lat' dir='ltr'><strong>nudas</strong></span> <span class='ocrx_word' id='word_1_194' title='bbox 823 3161 1017 3244; x_wconf 90' lang='lat' dir='ltr'><strong>plerumque</strong></span> <span class='ocrx_word' id='word_1_195' title='bbox 1038 3159 1190 3227; x_wconf 83' lang='lat' dir='ltr'><strong>historias</strong></span> <span class='ocrx_word' id='word_1_196' title='bbox 1213 3174 1270 3226; x_wconf 90' lang='lat' dir='ltr'><strong>aut</strong></span> <span class='ocrx_word' id='word_1_197' title='bbox 1290 3161 1345 3245; x_wconf 86' lang='lat' dir='ltr'><strong>jus</strong></span> <span class='ocrx_word' id='word_1_198' title='bbox 1368 3161 1465 3227; x_wconf 90' lang='lat' dir='ltr'><strong>civile</strong></span> <span class='ocrx_word' id='word_1_199' title='bbox 1490 3160 1558 3233; x_wconf 86' lang='lat' dir='ltr'><strong>He·</strong></span> 
     </span>
     <span class='ocr_line' id='line_1_24' title="bbox 384 3271 1558 3356; baseline -0.001 -18"><span class='ocrx_word' id='word_1_200' title='bbox 384 3273 555 3338; x_wconf 88' lang='lat' dir='ltr'><strong>braeorum</strong></span> <span class='ocrx_word' id='word_1_201' title='bbox 579 3292 640 3356; x_wconf 92' lang='lat' dir='ltr'><strong>pro</strong></span> <span class='ocrx_word' id='word_1_202' title='bbox 665 3272 738 3356; x_wconf 87' lang='lat' dir='ltr'><strong>jure</strong></span> <span class='ocrx_word' id='word_1_203' title='bbox 767 3271 880 3338; x_wconf 85' lang='lat' dir='ltr'><strong>divino</strong></span> <span class='ocrx_word' id='word_1_204' title='bbox 908 3272 1102 3338; x_wconf 80' lang='lat' dir='ltr'><strong>obtendunt.</strong></span> <span class='ocrx_word' id='word_1_205' title='bbox 1147 3271 1231 3337; x_wconf 89' lang='lat' dir='ltr'><strong>Nam</strong></span> <span class='ocrx_word' id='word_1_206' title='bbox 1257 3291 1340 3354; x_wconf 91' lang='lat' dir='ltr'><strong>quae</strong></span> <span class='ocrx_word' id='word_1_207' title='bbox 1369 3273 1487 3355; x_wconf 84' lang='lat' dir='ltr'><strong>passim</strong></span> <span class='ocrx_word' id='word_1_208' title='bbox 1519 3294 1558 3338; x_wconf 84' lang='lat' dir='ltr'><strong>ex</strong></span> 
     </span>
     <span class='ocr_line' id='line_1_25' title="bbox 384 3382 1557 3470; baseline 0.003 -21"><span class='ocrx_word' id='word_1_209' title='bbox 384 3383 530 3454; x_wconf 86' lang='lat' dir='ltr'><strong>omnium</strong></span> <span class='ocrx_word' id='word_1_210' title='bbox 555 3383 699 3470; x_wconf 85' lang='lat' dir='ltr'><strong>gentium</strong></span> <span class='ocrx_word' id='word_1_211' title='bbox 724 3382 894 3455; x_wconf 81' lang='lat' dir='ltr'><strong>annalibus</strong></span> <span class='ocrx_word' id='word_1_212' title='bbox 923 3383 977 3449; x_wconf 91' lang='lat' dir='ltr'><strong>alii</strong></span> <span class='ocrx_word' id='word_1_213' title='bbox 1004 3385 1230 3467; x_wconf 84' lang='lat' dir='ltr'><strong>collegerunt,</strong></span> <span class='ocrx_word' id='word_1_214' title='bbox 1254 3397 1291 3449; x_wconf 93' lang='lat' dir='ltr'><strong>ut</strong></span> <span class='ocrx_word' id='word_1_215' title='bbox 1313 3383 1353 3448; x_wconf 91' lang='lat' dir='ltr'><strong>ad</strong></span> <span class='ocrx_word' id='word_1_216' title='bbox 1377 3403 1444 3453; x_wconf 82' lang='lat' dir='ltr'><strong>rem</strong></span> <span class='ocrx_word' id='word_1_217' title='bbox 1466 3383 1557 3453; x_wconf 88' lang='lat' dir='ltr'><strong>illus·</strong></span> 
     </span>
     <span class='ocr_line' id='line_1_26' title="bbox 384 3493 1556 3579; baseline 0.001 -19"><span class='ocrx_word' id='word_1_218' title='bbox 384 3495 528 3561; x_wconf 82' lang='lat' dir='ltr'><strong>trandam</strong></span> <span class='ocrx_word' id='word_1_219' title='bbox 559 3494 756 3579; x_wconf 81' lang='lat' dir='ltr'><strong>plurimum,</strong></span> <span class='ocrx_word' id='word_1_220' title='bbox 781 3493 826 3560; x_wconf 91' lang='lat' dir='ltr'><strong>ita</strong></span> <span class='ocrx_word' id='word_1_221' title='bbox 846 3494 887 3560; x_wconf 92' lang='lat' dir='ltr'><strong>ad</strong></span> <span class='ocrx_word' id='word_1_222' title='bbox 906 3493 1148 3576; x_wconf 85' lang='lat' dir='ltr'><strong>dijudicandum</strong></span> <span class='ocrx_word' id='word_1_223' title='bbox 1172 3508 1228 3560; x_wconf 89' lang='lat' dir='ltr'><strong>aut</strong></span> <span class='ocrx_word' id='word_1_224' title='bbox 1259 3494 1342 3562; x_wconf 90' lang='lat' dir='ltr'><strong>nihil</strong></span> <span class='ocrx_word' id='word_1_225' title='bbox 1367 3509 1425 3560; x_wconf 92' lang='lat' dir='ltr'><strong>aut</strong></span> <span class='ocrx_word' id='word_1_226' title='bbox 1443 3515 1556 3578; x_wconf 88' lang='lat' dir='ltr'><strong>parum</strong></span> 
     </span>
     <span class='ocr_line' id='line_1_27' title="bbox 384 3604 1557 3689; baseline 0 -17"><span class='ocrx_word' id='word_1_227' title='bbox 384 3608 518 3684; x_wconf 88' lang='lat' dir='ltr'><strong>valent,</strong></span> <span class='ocrx_word' id='word_1_228' title='bbox 551 3625 626 3671; x_wconf 88' lang='lat' dir='ltr'><strong>curn</strong></span> <span class='ocrx_word' id='word_1_229' title='bbox 660 3605 729 3672; x_wconf 88' lang='lat' dir='ltr'><strong>fere</strong></span> <span class='ocrx_word' id='word_1_230' title='bbox 763 3605 847 3674; x_wconf 88' lang='lat' dir='ltr'><strong>idem</strong></span> <span class='ocrx_word' id='word_1_231' title='bbox 870 3605 999 3689; x_wconf 84' lang='lat' dir='ltr'><strong>saepius</strong></span> <span class='ocrx_word' id='word_1_232' title='bbox 1018 3605 1094 3676; x_wconf 86' lang='lat' dir='ltr'><strong>fiat.</strong></span> <span class='ocrx_word' id='word_1_233' title='bbox 1129 3604 1221 3689; x_wconf 91' lang='lat' dir='ltr'><strong>quod</strong></span> <span class='ocrx_word' id='word_1_234' title='bbox 1243 3607 1324 3672; x_wconf 90' lang='lat' dir='ltr'><strong>male</strong></span> <span class='ocrx_word' id='word_1_235' title='bbox 1345 3606 1392 3672; x_wconf 85' lang='lat' dir='ltr'><strong>fit.</strong></span> <span class='ocrx_word' id='word_1_236' title='bbox 1437 3607 1557 3672; x_wconf 88' lang='lat' dir='ltr'><strong>Veram</strong></span> 
     </span>
     <span class='ocr_line' id='line_1_28' title="bbox 385 3715 1557 3804; baseline 0 -22"><span class='ocrx_word' id='word_1_237' title='bbox 385 3717 486 3804; x_wconf 85' lang='lat' dir='ltr'><strong>igitur</strong></span> <span class='ocrx_word' id='word_1_238' title='bbox 517 3717 613 3797; x_wconf 81' lang='lat' dir='ltr'><strong>nobis</strong></span> <span class='ocrx_word' id='word_1_239' title='bbox 643 3716 730 3783; x_wconf 88' lang='lat' dir='ltr'><strong>viam</strong></span> <span class='ocrx_word' id='word_1_240' title='bbox 759 3717 947 3784; x_wconf 89' lang='lat' dir='ltr'><strong>munierunt</strong></span> <span class='ocrx_word' id='word_1_241' title='bbox 976 3731 1102 3782; x_wconf 90' lang='lat' dir='ltr'><strong>veteres</strong></span> <span class='ocrx_word' id='word_1_242' title='bbox 1135 3715 1184 3782; x_wconf 92' lang='lat' dir='ltr'><strong>illi</strong></span> <span class='ocrx_word' id='word_1_243' title='bbox 1204 3716 1452 3802; x_wconf 85' lang='lat' dir='ltr'><strong>jurisconsulti,</strong></span> <span class='ocrx_word' id='word_1_244' title='bbox 1474 3737 1557 3799; x_wconf 82' lang='lat' dir='ltr'><strong>quo·</strong></span> 
     </span>
     <span class='ocr_line' id='line_1_29' title="bbox 348 3825 1557 3910; baseline 0.001 -16"><span class='ocrx_word' id='word_1_245' title='bbox 348 3877 351 3882; x_wconf 85' lang='lat'>-</span> <span class='ocrx_word' id='word_1_246' title='bbox 385 3847 463 3906; x_wconf 81' lang='lat' dir='ltr'><strong>rum.</strong></span> <span class='ocrx_word' id='word_1_247' title='bbox 503 3827 634 3896; x_wconf 86' lang='lat' dir='ltr'><strong>nomina</strong></span> <span class='ocrx_word' id='word_1_248' title='bbox 663 3846 874 3910; x_wconf 85' lang='lat' dir='ltr'><strong>reveremur,</strong></span> <span class='ocrx_word' id='word_1_249' title='bbox 907 3827 963 3910; x_wconf 91' lang='lat' dir='ltr'><strong>qui</strong></span> <span class='ocrx_word' id='word_1_250' title='bbox 995 3825 1180 3910; x_wconf 79' lang='lat' dir='ltr'><strong>saepissime</strong></span> <span class='ocrx_word' id='word_1_251' title='bbox 1212 3843 1312 3908; x_wconf 80' lang='lat' dir='ltr'><strong>artem</strong></span> <span class='ocrx_word' id='word_1_252' title='bbox 1351 3828 1482 3903; x_wconf 85' lang='lat' dir='ltr'><strong>civilem</strong></span> <span class='ocrx_word' id='word_1_253' title='bbox 1516 3828 1557 3902; x_wconf 85' lang='lat' dir='ltr'><strong>ad</strong></span> 
     </span>
     <span class='ocr_line' id='line_1_30' title="bbox 385 3937 1555 4026; baseline 0 -22"><span class='ocrx_word' id='word_1_254' title='bbox 385 3939 484 4024; x_wconf 84' lang='lat' dir='ltr'><strong>ipsos</strong></span> <span class='ocrx_word' id='word_1_255' title='bbox 504 3953 637 4006; x_wconf 90' lang='lat' dir='ltr'><strong>naturae</strong></span> <span class='ocrx_word' id='word_1_256' title='bbox 668 3938 777 4007; x_wconf 85' lang='lat' dir='ltr'><strong>fontes</strong></span> <span class='ocrx_word' id='word_1_257' title='bbox 797 3953 953 4014; x_wconf 81' lang='lat' dir='ltr'><strong>reuocant</strong></span> <span class='ocrx_word' id='word_1_258' title='bbox 975 3938 999 4004; x_wconf 82' lang='lat'><strong>⁷.</strong></span> <span class='ocrx_word' id='word_1_259' title='bbox 1050 3938 1153 4026; x_wconf 90' lang='lat' dir='ltr'><strong>Quod</strong></span> <span class='ocrx_word' id='word_1_260' title='bbox 1183 3954 1217 4005; x_wconf 82' lang='lat' dir='ltr'><strong>er</strong></span> <span class='ocrx_word' id='word_1_261' title='bbox 1254 3939 1342 4023; x_wconf 81' lang='lat' dir='ltr'><strong>apud</strong></span> <span class='ocrx_word' id='word_1_262' title='bbox 1373 3937 1555 4014; x_wconf 71' lang='grc' dir='ltr'><strong>Ἒιιὶίἰιιιιι8</strong></span> 
     </span>
    </p>
   </div>
   <div class='ocr_carea' id='block_1_5' title="bbox 386 4208 1556 4650">
    <p class='ocr_par' dir='ltr' id='par_1_5' title="bbox 386 4208 1556 4650">
     <span class='ocr_line' id='line_1_31' title="bbox 420 4208 1556 4275; baseline -0.002 -16"><span class='ocrx_word' id='word_1_263' title='bbox 420 4210 495 4272; x_wconf 88' lang='lat' dir='ltr'><strong>¹pr0</strong></span> <span class='ocrx_word' id='word_1_264' title='bbox 521 4209 580 4258; x_wconf 86' lang='lat' dir='ltr'><strong>Mil.</strong></span> <span class='ocrx_word' id='word_1_265' title='bbox 610 4208 646 4274; x_wconf 87' lang='lat' dir='ltr'><strong>[c.</strong></span> <span class='ocrx_word' id='word_1_266' title='bbox 663 4223 689 4272; x_wconf 86' lang='lat'><strong>4,</strong></span> <span class='ocrx_word' id='word_1_267' title='bbox 712 4209 793 4275; x_wconf 83' lang='lat'><strong>§10.]</strong></span> <span class='ocrx_word' id='word_1_268' title='bbox 829 4209 943 4271; x_wconf 62' lang='lat' dir='ltr'><strong>&#39;Antip</strong></span> <span class='ocrx_word' id='word_1_269' title='bbox 961 4209 1012 4273; x_wconf 88' lang='lat' dir='ltr'><strong>[vs.</strong></span> <span class='ocrx_word' id='word_1_270' title='bbox 1028 4209 1100 4273; x_wconf 84' lang='lat'><strong>454.]</strong></span> <span class='ocrx_word' id='word_1_271' title='bbox 1137 4209 1249 4260; x_wconf 62' lang='grc' dir='ltr'><strong>8Ιιιειίι.</strong></span> <span class='ocrx_word' id='word_1_272' title='bbox 1267 4210 1320 4260; x_wconf 89' lang='lat' dir='ltr'><strong>dlv.</strong></span> <span class='ocrx_word' id='word_1_273' title='bbox 1337 4213 1354 4258; x_wconf 95' lang='lat' dir='ltr'><strong>l.</strong></span> <span class='ocrx_word' id='word_1_274' title='bbox 1368 4211 1392 4258; x_wconf 82' lang='grc' dir='ltr'><strong>ό.</strong></span> <span class='ocrx_word' id='word_1_275' title='bbox 1407 4224 1430 4258; x_wconf 88' lang='lat' dir='ltr'><strong>c.</strong></span> <span class='ocrx_word' id='word_1_276' title='bbox 1444 4211 1468 4258; x_wconf 85' lang='lat'><strong>6.</strong></span> <span class='ocrx_word' id='word_1_277' title='bbox 1502 4210 1556 4258; x_wconf 80' lang='lat' dir='ltr'><strong>⁴in</strong></span> 
     </span>
     <span class='ocr_line' id='line_1_32' title="bbox 386 4298 1555 4364; baseline 0 -16"><span class='ocrx_word' id='word_1_278' title='bbox 386 4301 466 4361; x_wconf 85' lang='lat' dir='ltr'><strong>praef.</strong></span> <span class='ocrx_word' id='word_1_279' title='bbox 482 4303 514 4350; x_wconf 88' lang='lat' dir='ltr'><strong>ad</strong></span> <span class='ocrx_word' id='word_1_280' title='bbox 526 4302 594 4349; x_wconf 72' lang='lat' dir='ltr'><strong>eod.</strong></span> <span class='ocrx_word' id='word_1_281' title='bbox 630 4300 640 4332; x_wconf 77' lang='lat'>⁸</span> <span class='ocrx_word' id='word_1_282' title='bbox 658 4302 733 4360; x_wconf 88' lang='lat' dir='ltr'><strong>Vasq.</strong></span> <span class='ocrx_word' id='word_1_283' title='bbox 752 4303 876 4351; x_wconf 86' lang='lat' dir='ltr'><strong>controv.</strong></span> <span class='ocrx_word' id='word_1_284' title='bbox 894 4301 1024 4350; x_wconf 69' lang='lat' dir='ltr'><strong>illustre.</strong></span> <span class='ocrx_word' id='word_1_285' title='bbox 1042 4313 1082 4356; x_wconf 87' lang='lat'><strong>51.</strong></span> <span class='ocrx_word' id='word_1_286' title='bbox 1097 4314 1122 4348; x_wconf 89' lang='lat' dir='ltr'><strong>n.</strong></span> <span class='ocrx_word' id='word_1_287' title='bbox 1133 4314 1173 4364; x_wconf 78' lang='lat'><strong>29.</strong></span> <span class='ocrx_word' id='word_1_288' title='bbox 1207 4301 1380 4362; x_wconf 69' lang='grc' dir='ltr'><strong>0ιιιιιΒιιῑιο.</strong></span> <span class='ocrx_word' id='word_1_289' title='bbox 1400 4298 1555 4363; x_wconf 56' lang='lat' dir='ltr'><strong>[unsre]</strong></span> 
     </span>
     <span class='ocr_line' id='line_1_33' title="bbox 387 4388 1556 4456; baseline -0.002 -17"><span class='ocrx_word' id='word_1_290' title='bbox 387 4388 398 4423; x_wconf 93' lang='lat'>⁷</span> <span class='ocrx_word' id='word_1_291' title='bbox 415 4392 441 4439; x_wconf 91' lang='lat' dir='ltr'><strong>in</strong></span> <span class='ocrx_word' id='word_1_292' title='bbox 456 4391 506 4440; x_wconf 88' lang='lat' dir='ltr'><strong>titt.</strong></span> <span class='ocrx_word' id='word_1_293' title='bbox 525 4393 556 4440; x_wconf 93' lang='lat' dir='ltr'><strong>de</strong></span> <span class='ocrx_word' id='word_1_294' title='bbox 571 4389 630 4447; x_wconf 80' lang='lat' dir='ltr'><strong>just.</strong></span> <span class='ocrx_word' id='word_1_295' title='bbox 648 4403 673 4439; x_wconf 91' lang='lat' dir='ltr'><strong>et</strong></span> <span class='ocrx_word' id='word_1_296' title='bbox 684 4390 749 4447; x_wconf 87' lang='lat' dir='ltr'><strong>jure.</strong></span> <span class='ocrx_word' id='word_1_297' title='bbox 767 4390 809 4456; x_wconf 86' lang='lat' dir='ltr'><strong>[D.</strong></span> <span class='ocrx_word' id='word_1_298' title='bbox 827 4405 849 4440; x_wconf 91' lang='lat'><strong>1.</strong></span> <span class='ocrx_word' id='word_1_299' title='bbox 871 4390 906 4455; x_wconf 88' lang='lat'><strong>1.]</strong></span> <span class='ocrx_word' id='word_1_300' title='bbox 927 4393 959 4440; x_wconf 89' lang='lat' dir='ltr'><strong>de</strong></span> <span class='ocrx_word' id='word_1_301' title='bbox 973 4404 1029 4452; x_wconf 85' lang='lat' dir='ltr'><strong>acq.</strong></span> <span class='ocrx_word' id='word_1_302' title='bbox 1048 4404 1096 4438; x_wconf 88' lang='lat' dir='ltr'><strong>rer.</strong></span> <span class='ocrx_word' id='word_1_303' title='bbox 1111 4394 1177 4441; x_wconf 86' lang='lat' dir='ltr'><strong>dom.</strong></span> <span class='ocrx_word' id='word_1_304' title='bbox 1198 4391 1242 4455; x_wconf 89' lang='lat' dir='ltr'><strong>[D.</strong></span> <span class='ocrx_word' id='word_1_305' title='bbox 1253 4405 1295 4454; x_wconf 83' lang='lat'><strong>41.</strong></span> <span class='ocrx_word' id='word_1_306' title='bbox 1317 4390 1352 4456; x_wconf 91' lang='lat'><strong>1.]</strong></span> <span class='ocrx_word' id='word_1_307' title='bbox 1369 4393 1400 4440; x_wconf 90' lang='lat' dir='ltr'><strong>de</strong></span> <span class='ocrx_word' id='word_1_308' title='bbox 1416 4404 1472 4450; x_wconf 86' lang='lat' dir='ltr'><strong>aeq.</strong></span> <span class='ocrx_word' id='word_1_309' title='bbox 1487 4403 1556 4450; x_wconf 86' lang='lat' dir='ltr'><strong>poss.</strong></span> 
     </span>
     <span class='ocr_line' id='line_1_34' title="bbox 388 4479 1553 4545; baseline -0.002 -15"><span class='ocrx_word' id='word_1_310' title='bbox 388 4479 432 4545; x_wconf 89' lang='lat' dir='ltr'><strong>[D.</strong></span> <span class='ocrx_word' id='word_1_311' title='bbox 445 4495 486 4542; x_wconf 91' lang='lat'><strong>41.</strong></span> <span class='ocrx_word' id='word_1_312' title='bbox 501 4481 536 4544; x_wconf 74' lang='lat' dir='ltr'><strong>a]</strong></span> <span class='ocrx_word' id='word_1_313' title='bbox 552 4493 576 4528; x_wconf 90' lang='lat' dir='ltr'><strong>et</strong></span> <span class='ocrx_word' id='word_1_314' title='bbox 590 4481 652 4529; x_wconf 86' lang='lat' dir='ltr'><strong>alibi</strong></span> <span class='ocrx_word' id='word_1_315' title='bbox 667 4481 776 4542; x_wconf 89' lang='lat' dir='ltr'><strong>passim,</strong></span> <span class='ocrx_word' id='word_1_316' title='bbox 789 4493 816 4531; x_wconf 90' lang='lat' dir='ltr'><strong>ut</strong></span> <span class='ocrx_word' id='word_1_317' title='bbox 834 4481 860 4529; x_wconf 90' lang='lat' dir='ltr'><strong>in</strong></span> <span class='ocrx_word' id='word_1_318' title='bbox 877 4485 896 4530; x_wconf 93' lang='lat' dir='ltr'><strong>l.</strong></span> <span class='ocrx_word' id='word_1_319' title='bbox 912 4481 1110 4542; x_wconf 88' lang='lat' dir='ltr'><strong>proponebatur.</strong></span> <span class='ocrx_word' id='word_1_320' title='bbox 1128 4481 1152 4530; x_wconf 84' lang='lat' dir='ltr'><strong>ff.</strong></span> <span class='ocrx_word' id='word_1_321' title='bbox 1168 4484 1199 4531; x_wconf 89' lang='lat' dir='ltr'><strong>de</strong></span> <span class='ocrx_word' id='word_1_322' title='bbox 1211 4480 1327 4538; x_wconf 73' lang='lat' dir='ltr'><strong>iudiciis.</strong></span> <span class='ocrx_word' id='word_1_323' title='bbox 1355 4480 1399 4544; x_wconf 92' lang='lat' dir='ltr'><strong>[D.</strong></span> <span class='ocrx_word' id='word_1_324' title='bbox 1418 4492 1441 4536; x_wconf 85' lang='lat'><strong>5.</strong></span> <span class='ocrx_word' id='word_1_325' title='bbox 1462 4494 1483 4529; x_wconf 93' lang='lat'><strong>1.</strong></span> <span class='ocrx_word' id='word_1_326' title='bbox 1499 4479 1553 4544; x_wconf 65' lang='grc' dir='ltr'><strong>γά]</strong></span> 
     </span>
     <span class='ocr_line' id='line_1_35' title="bbox 387 4569 1553 4650; baseline -0.002 -29"><span class='ocrx_word' id='word_1_327' title='bbox 387 4572 447 4621; x_wconf 88' lang='lat' dir='ltr'><strong>etin</strong></span> <span class='ocrx_word' id='word_1_328' title='bbox 463 4572 481 4620; x_wconf 91' lang='lat'><strong>1.</strong></span> <span class='ocrx_word' id='word_1_329' title='bbox 498 4584 581 4638; x_wconf 67' lang='lat' dir='ltr'><strong>return</strong></span> <span class='ocrx_word' id='word_1_330' title='bbox 597 4569 747 4638; x_wconf 71' lang='lat' dir='ltr'><strong>mixturaff.</strong></span> <span class='ocrx_word' id='word_1_331' title='bbox 762 4573 793 4634; x_wconf 76' lang='lat' dir='ltr'><strong>de</strong></span> <span class='ocrx_word' id='word_1_332' title='bbox 810 4585 879 4622; x_wconf 87' lang='lat' dir='ltr'><strong>usuc.</strong></span> <span class='ocrx_word' id='word_1_333' title='bbox 901 4571 944 4636; x_wconf 85' lang='lat' dir='ltr'><strong>[D.</strong></span> <span class='ocrx_word' id='word_1_334' title='bbox 962 4585 1004 4633; x_wconf 87' lang='lat'><strong>41.</strong></span> <span class='ocrx_word' id='word_1_335' title='bbox 1022 4585 1046 4630; x_wconf 78' lang='lat'><strong>3.</strong></span> <span class='ocrx_word' id='word_1_336' title='bbox 1065 4571 1122 4650; x_wconf 53' lang='lat'><strong>32]</strong></span> <span class='ocrx_word' id='word_1_337' title='bbox 1156 4573 1167 4606; x_wconf 79' lang='lat'>⁸</span> <span class='ocrx_word' id='word_1_338' title='bbox 1184 4573 1215 4625; x_wconf 87' lang='lat' dir='ltr'><strong>de</strong></span> <span class='ocrx_word' id='word_1_339' title='bbox 1229 4575 1277 4636; x_wconf 77' lang='lat' dir='ltr'><strong>leg.</strong></span> <span class='ocrx_word' id='word_1_340' title='bbox 1295 4575 1313 4621; x_wconf 95' lang='lat' dir='ltr'><strong>l.</strong></span> <span class='ocrx_word' id='word_1_341' title='bbox 1334 4586 1363 4634; x_wconf 61' lang='lat' dir='ltr'><strong>r,</strong></span> <span class='ocrx_word' id='word_1_342' title='bbox 1377 4570 1485 4637; x_wconf 44' lang='lat' dir='ltr'><strong>[c.,5.,§</strong></span> <span class='ocrx_word' id='word_1_343' title='bbox 1501 4569 1553 4637; x_wconf 83' lang='lat'><strong>17.]</strong></span> 
     </span>
    </p>
   </div>
   <div class='ocr_carea' id='block_1_6' title="bbox 0 0 1770 5656">
    <p class='ocr_par' dir='ltr' id='par_1_6' title="bbox 0 0 1770 5656">
     <span class='ocr_line' id='line_1_36' title="bbox 0 0 1770 5656; baseline 0 0"><span class='ocrx_word' id='word_1_344' title='bbox 0 0 1770 5656; x_wconf 95' lang='lat' dir='ltr'><strong> </strong></span> 
     </span>
    </p>
   </div>
  </div>
 </body>
</html>
