3536 5692
350 617 412 696 298
652 631 697 677 ou
720 631 813 698 Juur
839 631 1023 678 urrunnu.
1049 632 1129 678 cnr.
1153 633 1234 678 xrrr.

349 786 475 869 Ecquis
498 786 599 871 igitur
622 802 696 867 est,
720 786 778 869 qui
801 787 933 872 negabit
957 787 1087 854 illorum
1112 787 1248 872 injurias
1272 787 1312 853 ad
1335 787 1521 855 Hollandos

215 911 336 1012 {25}th
348 899 536 986 pertinere?
560 899 623 966 nisi
647 898 730 966 forte
755 899 949 966 arbitramur
971 899 1056 965 nihil
1079 919 1149 964 esse
1162 921 1237 966 curn
1249 899 1318 966 illis
1328 920 1519 980 commune,

265 999 272 1012 ’
349 1011 407 1093 qui
431 1030 448 1075 a
472 1010 660 1076 Christiana
682 1011 840 1096 religione
863 1011 960 1079 alieni
983 1025 1073 1077 sunt.
1120 1012 1223 1100 Quod
1242 1014 1282 1077 ab
1302 1012 1487 1096 Augustini
1509 1016 1518 1048 ¹

347 1121 467 1206 pietate
490 1122 678 1206 longissime
701 1123 845 1204 recedit,
879 1123 938 1204 qui
961 1123 1096 1190 Domini
1120 1139 1329 1206 praeceptum
1355 1143 1519 1206 exponens

348 1254 415 1316 quo
438 1234 626 1316 proximum
647 1233 783 1318 diligere
804 1235 981 1318 jubemur,
1005 1233 1213 1300 manifestum
1238 1254 1308 1301 esse
1331 1235 1377 1302 ait
1397 1257 1519 1300 omnem

347 1347 507 1412 hominem
534 1343 728 1432 proximum
752 1346 836 1411 dici:
869 1367 976 1428 neque
998 1367 1077 1412 vero
1101 1347 1145 1414 ob
1168 1346 1358 1432 religionem
1382 1346 1520 1412 distrahi

346 1457 560 1524 humanitatis
598 1457 727 1538 officia,
756 1458 854 1524 docet
891 1458 1018 1524 illustre
1053 1459 1086 1524 in
1115 1458 1293 1543 evangelio
1324 1457 1518 1524 Samaritani

347 1571 529 1652 exemplum
540 1572 562 1634 ².
586 1569 684 1634 Unde
708 1589 782 1634 curn
806 1569 954 1636 infideles
978 1570 1064 1636 tueri
1088 1570 1245 1636 adversus
1266 1569 1403 1653 injurias
1423 1569 1518 1636 etiam

349 1681 611 1747 Christianorum
635 1700 812 1762 numquam
846 1701 912 1746 non
942 1682 1067 1765 justum
1103 1701 1215 1746 omnes
1238 1679 1423 1762 fateantur,
1448 1695 1518 1747 tum

345 1792 430 1858 illud
451 1805 615 1874 praeterea
639 1807 844 1874 asseverant,
870 1792 929 1874 qui
952 1793 1015 1858 hoc
1040 1808 1265 1876 argumentum
1289 1799 1517 1874 tractarunt⁸,

347 1905 460 1970 multis
492 1903 620 1969 casibus
653 1904 783 1969 evenire
813 1923 930 1986 posse,
959 1920 997 1971 ut
1017 1905 1102 1989 juris
1126 1905 1222 1970 etiarn
1246 1904 1298 1969 sui
1322 1903 1519 1970 defendendi

348 2015 451 2100 gratia
484 2035 557 2080 curn
597 2013 785 2082 infidelibus
819 2015 957 2084 societas
992 2030 1023 2081 et
1057 2015 1188 2082 foedera
1220 2017 1308 2101 Juste
1343 2016 1517 2098 ineantur,

348 2127 445 2194 sicuti
479 2127 691 2207 Abrahamo,
723 2129 858 2207 Isaaco,
891 2127 1036 2208 Davidi,
1061 2126 1231 2196 Solomorri
1256 2141 1288 2192 et
1311 2126 1520 2192 Maccabaeis

202 2263 241 2307 re
265 2263 334 2307 aanor.
348 2238 470 2305 factum
495 2238 679 2322 accepimus
698 2243 722 2306 ⁴.
771 2240 820 2304 At
841 2238 928 2323 regis
951 2253 1037 2304 certe
1056 2238 1203 2322 Jorensis
1224 2259 1320 2304 causa
1338 2237 1520 2322 justissima

190 2317 427 2417 Vriflhlzkfuit.
474 2351 567 2437 Quid
598 2350 682 2416 enim
715 2350 863 2432 iniquius
893 2371 989 2433 quam
1013 2351 1174 2434 populum
1206 2365 1417 2416 mercatorem
1450 2350 1519 2434 regi

189 2436 267 2484 supra.

188 2423 336 2524 antri-:¹¹⁰
348 2462 451 2528 libero
483 2461 649 2543 indicere,
682 2481 723 2527 ne
750 2481 824 2528 cum
848 2463 949 2528 altero
973 2462 1187 2546 negotietur?
1211 2477 1269 2528 aut
1292 2461 1374 2543 quid
1398 2476 1467 2543 est,
1491 2460 1518 2530 si

347 2593 414 2640 non
438 2575 502 2640 hoc
526 2588 597 2653 est,
629 2588 661 2638 et
687 2575 742 2657 jus
776 2573 922 2656 gentium
947 2587 979 2638 et
1001 2573 1188 2640 distinctam
1211 2573 1400 2656 Principum
1419 2572 1519 2657 juris·

348 2685 524 2751 dictionem
557 2684 716 2750 turbare?
763 2685 873 2771 Quare
906 2705 980 2750 cum
1012 2685 1092 2750 haec
1123 2685 1171 2751 illi
1194 2683 1314 2769 injuria
1337 2684 1519 2767 publicitus

348 2797 463 2879 fieret,
488 2798 576 2861 ultro
600 2796 695 2861 etiam
719 2797 840 2863 bellum
864 2796 1135 2876 denuntiaretur,
1159 2796 1193 2860 ni
1216 2811 1365 2880 pareret,
1390 2811 1422 2862 et
1440 2816 1519 2862 con-

202 2933 242 2978 ae
264 2934 334 2980 aaa.
347 2909 442 2976 tinuo
474 2907 670 2989 inferretur,
713 2907 829 2973 merito
862 2909 916 2973 ille
948 2907 1127 2974 Lusitanos
1159 2927 1271 2973 omnes
1304 2922 1336 2974 et
1369 2908 1520 2992 singulos

202 2987 243 3086 ᾖξ’
264 2998 333 3033 ‘'⁸¹‘'
348 3020 493 3087 hostium
517 3019 633 3086 habuit
656 3022 753 3100 loco,
777 3040 851 3085 cum
875 3020 987 3087 hostes
1011 3039 1080 3086 esse
1101 3039 1197 3088 nemo
1220 3019 1295 3086 illos
1317 3035 1436 3103 neget,
1461 3018 1519 3100 qui

203 3153 239 3199 ra
263 3157 334 3201 aanor.
348 3133 469 3198 bellum
493 3130 589 3196 nobis
613 3130 827 3197 decreverunt
846 3137 867 3197 ⁵.
902 3131 978 3217 Qua
1000 3131 1126 3197 ratione
1148 3150 1204 3196 rex
1225 3131 1370 3214 Jorensis
1395 3131 1518 3196 bellum

188 3208 242 3308 ff
263 3219 334 3255 Μ’
348 3263 432 3326 opus
463 3261 529 3308 non
561 3242 677 3309 habuit
709 3243 872 3323 indicere,
905 3243 1094 3326 praesertim
1117 3263 1193 3309 cunr
1216 3243 1342 3325 priores
1364 3241 1518 3308 Lusitani

348 3352 475 3419 infestis
506 3353 646 3438 navigiis
679 3369 795 3437 portus
827 3355 898 3438 ejus
933 3355 1121 3421 obsiderent
1144 3369 1177 3420 et
1199 3375 1215 3420 e
1238 3354 1349 3420 littore
1383 3354 1518 3438 praedas

188 3485 239 3585 ἦῆ
262 3479 491 3583 megerent.
538 3465 601 3530 His
632 3485 708 3550 ergo
740 3464 940 3532 facinoribus
975 3466 1111 3550 obligati
1134 3466 1308 3546 Lusitani,
1333 3484 1371 3531 ut
1403 3465 1518 3531 damna

188 3593 240 3692 {5111
256 3602 335 3708 5255·
349 3592 546 3659 sumtusque
568 3576 780 3643 restituerent
803 3592 835 3644 et
857 3577 990 3662 insuper
1013 3597 1134 3662 poenas
1158 3578 1271 3644 darent
1293 3593 1358 3648 tarn
1382 3577 1519 3661 insignis

188 3701 256 3747 Vm·
347 3689 508 3773 injuriae,
534 3689 616 3771 quin
646 3689 732 3774 regis
752 3690 849 3774 Jorae
868 3689 1027 3772 auspiciis
1045 3689 1180 3772 spoliari
1198 3690 1367 3773 potuerint
1385 3689 1519 3754 minime

201 3838 237 3882 E,
263 3840 333 3884 „mg
348 3801 468 3886 ambigi
501 3801 665 3868 convenit.
720 3801 815 3867 Sicut
847 3817 954 3867 aut-em
987 3801 1071 3885 regis
1104 3801 1209 3884 ipsius
1241 3800 1400 3883 optimum
1434 3800 1518 3866 illud

187 3891 334 3991 {mm
347 3914 535 3982 institutum
569 3934 629 3997 pro
661 3913 735 3998 jure
771 3932 832 3979 suo
872 3913 1105 3994 consequendo
1143 3912 1342 3994 tuendisque
1376 3911 1516 3978 subditis

381 4125 446 4174 ¹De
469 4127 550 4174 doctr.
571 4124 674 4173 Christi.
709 4121 797 4172 2Luc.
823 4138 861 4172 ro.
876 4139 914 4173 vs.
939 4139 979 4188 29.
995 4137 1019 4174 et
1045 4139 1116 4186 seqq.
1151 4123 1266 4173 ³Franc.
1282 4123 1371 4186 Arias,
1389 4125 1420 4171 de
1438 4123 1517 4171 bello.

346 4231 371 4265 n.
393 4231 447 4279 192.
465 4219 524 4265 Pan.
546 4216 573 4264 in
589 4230 612 4264 c.
627 4218 698 4276 quod
716 4228 799 4277 super.
817 4220 848 4266 de
871 4229 943 4266 voto.
968 4215 1057 4280 [Decr.
1077 4229 1100 4274 3.
1119 4219 1160 4277 84.
1178 4216 1214 4277 8.]
1233 4230 1257 4264 n.
1279 4228 1317 4272 15.
1334 4215 1402 4262 Vict.
1418 4216 1476 4262 Rel.
1496 4228 1517 4262 1.

324 4285 372 4368 p.
401 4322 424 4356 α.
451 4321 476 4356 n.
507 4319 545 4362 15·
570 4318 595 4355 et
623 4319 653 4365 17
695 4306 816 4359 ⁴Genes.
840 4323 880 4358 21.
906 4309 932 4356 in
959 4307 1009 4358 fine
1037 4320 1061 4356 et
1081 4308 1112 4356 26
1130 4307 1156 4355 in
1174 4305 1234 4356 line.
1255 4320 1264 4355 1
1288 4309 1351 4355 sam.
1367 4317 1407 4363 27.
1423 4316 1448 4352 et
1464 4318 1518 4365 seq.

267 4443 269 4445 .
346 4398 390 4446 ubi
408 4398 469 4448 vide
489 4398 625 4447 Nicolaum
647 4398 773 4447 Liranum.
794 4413 815 4448 1.
833 4401 939 4460 Regum.
962 4411 985 4456 3.
1008 4410 1033 4447 et
1055 4411 1078 4454 5.
1099 4398 1165 4448 Silv.'
1184 4397 1210 4446 in
1235 4398 1308 4447 verb.
1325 4397 1432 4445 Bellum.
1449 4410 1474 4444 n.
1492 4410 1516 4458 9.

347 4490 431 4538 concl.
449 4503 472 4548 3.
507 4487 552 4537 ⁵1.
570 4491 665 4538 hostes.
683 4489 709 4537 ff.
725 4491 757 4538 de
774 4491 805 4538 V.
820 4493 843 4538 S.
862 4490 906 4551 [D.
924 4501 963 4546 50.
984 4489 1022 4538 16.
1040 4487 1106 4552 118.]
