3530 5656
340 640 384 702 44
649 637 696 684 ur
719 636 813 702 Juxr.
838 634 1023 682 ansanus.
1049 635 1128 682 car.
1154 635 1205 682 tv.

340 808 397 858 aut
427 811 630 877 possessores
667 805 724 857 aut
757 789 881 857 domini
913 789 947 856 in
978 788 1119 856 solidum
1147 795 1167 854 ¹.
1230 789 1340 876 Quare
1377 805 1416 855 ut
1449 789 1515 856 l'or·

339 925 409 971 mae
431 903 679 983 inductionem,
703 902 748 968 ita
770 901 985 986 possessionis
1010 915 1043 966 et
1065 899 1225 982 dominii,
1249 900 1393 984 privatio
1416 902 1515 968 debet

338 1015 539 1100 praecedere.
584 1015 634 1081 Ea
662 1034 741 1081 vero
769 1015 891 1098 duplex
919 1028 988 1080 est:
1021 1011 1236 1093 universalis,
1264 1027 1303 1078 ut
1324 1013 1411 1097 apud
1432 1014 1515 1098 phy·
1564 1083 1567 1090 ,

339 1126 424 1194 sieos
452 1125 603 1193 materiae
631 1125 777 1209 primae,
805 1145 888 1207 quae
917 1145 935 1190 a
965 1138 1080 1190 natura
1114 1123 1223 1204 inest,
1258 1123 1302 1190 ita
1335 1124 1424 1207 apud
1452 1145 1514 1192 nos

337 1241 530 1312 ὥδεσποτείαι,
565 1237 705 1304 dominii
736 1241 913 1318 vacuitas,
942 1235 976 1302 in
1006 1235 1105 1302 rebus
1138 1234 1292 1301 omnibus
1324 1254 1391 1301 non
1415 1256 1512 1302 oceu-

338 1347 441 1432 patis:
477 1369 544 1431 quo
577 1368 675 1415 sensu
710 1347 793 1414 illud
825 1346 1044 1431 intelligitur,
1076 1344 1257 1412 libertatem
1281 1351 1394 1413 natur'a
1417 1348 1513 1414 etiarn

338 1459 438 1526 mutis
471 1459 690 1527 animantibus
723 1461 847 1542 datam,
887 1458 966 1542 quia
996 1459 1143 1525 nondum
1178 1471 1288 1541 captae
1323 1457 1355 1523 in
1389 1458 1514 1525 nullius

339 1570 484 1638 dominio
513 1586 590 1637 sunt
621 1569 652 1636 ¹:
686 1569 882 1658 singularis,
908 1585 945 1638 ut
979 1570 1066 1654 apud
1098 1567 1256 1654 physicos
1285 1569 1436 1636 materiae
1464 1589 1513 1636 se-

339 1683 485 1760 cundae,
519 1684 606 1766 apud
637 1701 698 1748 nos
729 1681 866 1749 dominii
900 1680 1076 1764 detractio,
1102 1701 1186 1763 quae
1211 1701 1250 1746 ex
1278 1679 1364 1747 facto
1388 1681 1511 1747 oritur:

339 1794 434 1879 cujus
469 1794 558 1861 modi
590 1809 666 1861 sunt
700 1796 906 1878 complures,
949 1794 1006 1860 sed
1042 1791 1097 1858 ille
1134 1790 1411 1874 simplicissimus,
1430 1813 1513 1890 'quo

339 1905 455 1972 amissa
476 1906 683 1990 possessione
709 1905 890 1973 dominium
910 1905 1090 1988 amittitur,
1119 1924 1186 1971 non
1209 1903 1316 1970 minus
1341 1925 1438 1986 quam
1461 1926 1513 1969 ac-

339 2016 460 2099 quisita
491 2017 672 2100 acquiritur
690 2023 712 2084 ⁸.
758 2017 797 2083 Id
828 2017 912 2082 enirn
940 2019 1086 2083 naturale
1118 2029 1168 2082 est
1201 2030 1234 2080 et
1257 2017 1364 2081 locum
1389 2035 1513 2099 semper

338 2129 489 2211 haberet,
522 2128 585 2194 nisi
613 2130 666 2194 lex
694 2143 809 2211 quarta
839 2127 1029 2209 obsisteret,
1054 2128 1141 2193 unde
1165 2125 1284 2193 omissa
1306 2127 1513 2210 possessione

340 2239 578 2307 vindicationes
605 2240 757 2306 oriuntur
775 2238 806 2322 ⁴,
831 2239 969 2306 deducta
992 2237 1116 2304 scilicet
1139 2237 1172 2302 in
1196 2236 1323 2303 irritum
1348 2258 1402 2320 ea,
1428 2259 1512 2321 quae

342 2367 453 2418 contra
470 2353 526 2437 jus
549 2350 635 2418 facta
658 2366 729 2433 est,
754 2351 1022 2435 apprehensione.
1047 2349 1119 2415 Lex
1139 2364 1245 2414 autem
1267 2364 1382 2431 quarta
1404 2351 1512 2414 locum

338 2463 458 2528 habere
477 2482 543 2530 non
562 2477 671 2546 potest
693 2476 805 2529 eontra
825 2465 911 2548 leges
934 2461 1030 2546 primi
1053 2459 1178 2527 ordinis
1196 2464 1227 2525 ⁵:
1252 2481 1336 2543 quae
1359 2481 1431 2526 cum
1453 2481 1513 2527 no-

339 2573 390 2639 bis
423 2573 603 2639 concedant
624 2573 732 2639 omnia
752 2572 876 2655 facere,
905 2594 987 2656 quae
1015 2573 1055 2638 ad
1079 2572 1165 2639 vitae
1186 2586 1316 2638 nostrae
1339 2592 1512 2655 rerumque

340 2699 522 2751 nostrarum
545 2687 679 2752 tutelam
702 2700 779 2752 sunt
797 2685 994 2768 necessaria,
1018 2683 1088 2752 sine
1106 2683 1208 2750 dubio
1227 2683 1420 2768 permittunt
1441 2684 1512 2750 tolli

339 2797 573 2879 instrumenta,
595 2797 719 2880 quibus
737 2797 944 2865 offendimur.
967 2795 1113 2862 Divitiae
1133 2810 1240 2862 autem
1252 2810 1337 2860 recte
1351 2793 1512 2861 definiun-

337 2925 391 2976 tur
418 2909 597 2976 multitudo
618 2910 908 2976 instrumentorum
928 2924 998 2975 tum
1018 2907 1052 2972 in
1071 2928 1105 2974 re
1124 2905 1299 2989 familiari,
1318 2921 1388 2972 tum
1408 2906 1441 2972 in
1463 2927 1512 2972 re·

337 3019 503 3108 publica⁶.
533 3021 657 3086 Omnes
680 3020 780 3105 igitur
802 3040 854 3093 res
874 3020 1018 3087 hostium
1042 3019 1178 3085 totidem
1202 3033 1279 3085 sunt
1300 3016 1512 3084 instrumenta

338 3133 371 3198 in
394 3147 543 3198 nostrum
567 3131 701 3198 exitium
725 3148 925 3216 comparata:
951 3131 1073 3215 quibus
1093 3129 1217 3197 scilicet
1235 3150 1321 3194 arma
1338 3143 1510 3212 parantur,

338 3245 472 3310 aluntur
494 3243 679 3325 exercitus,
703 3244 933 3328 opprimuntur
956 3241 1091 3309 innoxii.
1144 3241 1234 3307 Haec
1258 3240 1407 3323 amoliri,
1432 3241 1511 3305 haec

341 3353 407 3420 illis
439 3368 633 3437 extorquere
657 3375 723 3422 non
746 3355 854 3421 minus
876 3373 1010 3422 necesse
1027 3368 1075 3419 est
1094 3373 1192 3435 quam
1212 3351 1353 3437 gladium
1373 3350 1511 3428 furenti,

239 3488 242 3494 ·
340 3465 369 3531 si
394 3484 444 3546 res
467 3480 594 3532 nostras
616 3466 734 3549 tutari,
758 3466 785 3533 si
810 3466 952 3549 denique
975 3465 1058 3532 salvi
1083 3465 1339 3530 essevolumus.
1365 3463 1511 3529 Onesan-

340 3577 395 3642 der
422 3577 455 3642 in
484 3578 567 3644 hane
593 3577 785 3645 sententiam
798 3603 818 3642 :.
833 3583 924 3665 ζημία
949 3583 1008 3662 γὰρ
1035 3578 1193 3662 χρημάτων
1220 3578 1269 3642 aul
1293 3584 1406 3659 supuda
1425 3578 1514 3644 inlata

339 3701 417 3771 μειοῖ
432 3692 573 3772 πόλεμον,
596 3692 685 3775 ὥςπερ
707 3698 724 3771 si
743 3695 826 3761 oriola
847 3695 955 3777 τρέφει.
980 3687 1072 3753 Nam
1096 3685 1254 3752 damnum
1274 3689 1311 3750 in
1334 3686 1430 3750 rebus
1453 3684 1513 3750 da·

339 3812 409 3863 tum
435 3798 681 3885 fructuumque
712 3815 837 3888 egestas
869 3804 991 3866 minuit
1015 3798 1153 3878 bellum,
1182 3795 1271 3880 quod
1283 3795 1514 3880 facultatibus

338 3910 460 3976 alitur.
493 3909 614 3994 Neque
637 3932 716 3979 vero
739 3927 945 3997 praeceptum
969 3910 1052 3977 illud
1074 3909 1201 3988 obstat,
1226 3907 1317 3990 quod
1339 3913 1401 3973 nos'
1420 3907 1514 3992 jubet

338 4022 451 4090 alienis
471 4023 651 4091 abstinere:
675 4045 749 4090 eum
771 4043 812 4090 ne
836 4024 918 4090 illud
941 4021 1074 4105 quidem
1097 4023 1205 4086 locum
1224 4019 1425 4098 hichabeat,
1446 4039 1513 4102 quo

352 4185 531 4197 ..ὴ-ιι.-

353 4333 355 4336 .
373 4265 381 4298 ¹
400 4269 417 4315 l.
436 4267 456 4316 si
473 4281 500 4317 ut
516 4281 597 4318 certo.
614 4274 635 4329 ς.
650 4270 671 4319 si
686 4270 793 4320 duobus.
810 4270 836 4318 ff.
854 4270 1017 4319 commodati.
1037 4269 1081 4332 [D.
1099 4283 1137 4327 13.
1149 4269 1173 4317 6.
1189 4280 1212 4323 s.
1227 4271 1249 4326 ξ.
1272 4267 1322 4328 15.]
1348 4263 1358 4298 ²
1376 4268 1436 4315 Tac.
1455 4266 1513 4315 hist.

339 4359 357 4404 l.
365 4371 389 4418 4.
405 4372 427 4406 c.
449 4371 487 4417 17.
504 4362 521 4407 l.
537 4363 683 4410 naturalem.
701 4361 726 4409 ff.
743 4364 775 4411 de
791 4375 846 4422 aeq.
864 4364 931 4410 dom.
951 4362 995 4423 [D.
1009 4375 1050 4422 41.
1067 4374 1088 4408 1.
1104 4361 1139 4422 5.]
1158 4361 1189 4407 V.
1206 4373 1228 4407 c.
1236 4357 1276 4416 jus
1290 4360 1412 4406 naturale.
1424 4358 1512 4419 [Decr.

344 4449 493 4520 Grat.p.1.
515 4465 535 4498 1.
555 4453 592 4514 7.]
627 4449 672 4500 ³1.
692 4465 714 4510 3.
732 4456 753 4511 §-
771 4453 904 4503 ult.ff.de
919 4465 974 4512 acq.
990 4454 1057 4500 dom.
1077 4451 1120 4512 [D.
1135 4464 1176 4512 41.
1197 4451 1231 4512 1.]
1266 4448 1311 4497 ⁴1.
1326 4449 1352 4497 in
1365 4441 1533 4497 remillde‘

340 4538 378 4586 rei
395 4539 465 4589 vind.
480 4541 523 4602 [D.
537 4543 561 4591 6.
578 4557 599 4591 1.
614 4545 666 4606 aa]
685 4542 696 4576 ⁵
711 4557 743 4594 ex
757 4547 813 4604 lege
825 4557 863 4600 13.
880 4543 891 4576 ⁶
906 4542 984 4593 Arist.
998 4545 1029 4592 de
1044 4556 1098 4603 rep.
1113 4544 1130 4589 1.
1148 4554 1202 4590 1.c.
1212 4543 1235 4588 8.
1252 4541 1456 4602 [p.1256.2.vs.
1474 4541 1518 4598 36.
