3546 5654
360 610 423 689 236
682 623 728 668 ou
751 622 844 688 June
871 621 1250 668 nnnunnu.cnn.x11.

356 777 490 862 proprio
525 775 622 842 auaris
653 777 696 842 ad
726 776 869 857 aliquem
900 773 1084 858 pertinente
1114 777 1328 858 loqueretur,
1362 773 1433 839 fieri
1469 777 1531 840 lroc

356 909 453 972 posse
483 887 567 951 dixit
602 885 783 952 Accursius
808 895 818 932 1
843 907 900 969 per
922 885 1132 970 privilegium
1161 901 1219 952 aut
1242 884 1531 952 consuetudinem:

356 999 449 1081 quod
469 998 727 1064 additamentum
752 997 794 1062 ad
811 997 1040 1094 jurisconsulti
1064 1011 1190 1064 textum
1209 999 1302 1064 nullo
1321 996 1419 1062 modo
1442 1017 1533 1061 acce-

358 1111 437 1176 dens
466 1110 542 1175 mali
561 1109 676 1192 potius
698 1108 894 1192 conjectoris
914 1127 984 1174 esse
1007 1107 1138 1174 videtur
1158 1130 1255 1190 quam
1277 1108 1355 1174 boni
1375 1108 1533 1200 interpre-

356 1223 409 1290 tis.
457 1221 558 1287 Mens
584 1219 677 1286 Pauli
707 1239 806 1302 supra
838 1219 998 1302 explicata
1031 1233 1090 1285 est.
1137 1221 1312 1286 Caeterum
1345 1219 1393 1284 illi
1424 1219 1451 1284 si
1479 1221 1534 1285 vel

357 1335 425 1398 sola
449 1331 581 1414 Ulpiani
603 1335 615 1371 ²
636 1331 760 1410 verba,
784 1349 868 1412 quae
891 1332 990 1413 paulo
1014 1345 1088 1396 ante
1108 1332 1332 1412 praecedunt,
1356 1331 1435 1396 satis
1455 1351 1533 1396 con-

355 1443 579 1522 siderassent,
602 1443 699 1527 longe
723 1441 815 1507 aliud
834 1441 953 1507 dicturi
976 1456 1077 1508 erant.
1103 1440 1376 1522 Fatetur³enim,
1399 1457 1436 1507 ut
1457 1441 1534 1523 quis

357 1569 431 1620 ante
454 1554 551 1620 aedes
572 1573 658 1618 meas
679 1551 797 1635 piscari
815 1552 1052 1634 prohibeatur,
1077 1572 1146 1618 esse
1168 1553 1301 1634 quidem
1322 1568 1533 1636 usurpatum,

359 1667 423 1730 hoc
455 1680 504 1730 est
536 1679 701 1746 receptum
723 1663 986 1744 consuetudine,
1010 1664 1066 1730 secl
1087 1665 1179 1728 nullo
1200 1665 1297 1748 jure,
1322 1664 1463 1746 ideoque
1486 1664 1534 1728 in-

357 1776 517 1860 juriarum
549 1776 710 1842 actionem
741 1773 911 1857 prohibito
946 1793 1012 1840 non
1045 1774 1275 1860 denegandam.
1343 1775 1535 1842 Contemnit

359 1887 461 1972 igitur
482 1888 569 1954 hunc
590 1907 713 1952 rnorem
733 1901 765 1952 et
788 1885 1034 1969 usurpationem
1052 1901 1173 1967 vocat,
1198 1901 1236 1952 ut
1259 1901 1291 1952 et
1311 1887 1396 1953 inter
1420 1887 1535 1954 Chris-

357 1999 465 2064 tianos
486 1999 640 2064 doctores
662 1997 861 2064 Ambrosius
878 1996 900 2064 ⁴.
947 1997 994 2063 Et
1014 1997 1145 2063 merito.
1193 1998 1284 2084 Quid
1306 1999 1392 2065 enim
1413 1999 1533 2066 clarius

361 2131 458 2192 qnam
483 2129 549 2176 non
579 2111 687 2175 valere
711 2108 1009 2190 consuetudinem,
1034 2129 1118 2191 quae
1136 2109 1204 2193 juri
1224 2124 1357 2176 naturae
1379 2126 1436 2177 aut
1458 2132 1536 2196 gen·

358 2205 441 2288 tium
473 2241 513 2287 ex
544 2221 681 2288 adverso
713 2219 893 2303 opponitur
914 2219 953 2284 ⁵2
988 2220 1205 2287 Consuetudo
1229 2220 1314 2286 enim
1338 2222 1463 2303 species
1486 2239 1536 2290 est

358 2333 443 2417 juris
466 2332 627 2414 positivi,
651 2333 742 2414 quod
763 2331 828 2416 legi
851 2347 1028 2414 perpetuae
1050 2333 1208 2417 obrogare
1230 2352 1298 2398 non
1320 2348 1438 2416 potest.
1474 2335 1537 2402 Est

360 2460 469 2511 autem
501 2446 555 2510 lex
577 2444 633 2510 illa
653 2458 834 2527 perpetua,
859 2458 896 2509 ut
918 2464 1004 2508 mare
1023 2443 1178 2510 omnibus
1198 2465 1260 2509 usu
1288 2465 1460 2511 commune
1481 2446 1535 2512 sit.

359 2556 461 2642 Quod
481 2571 590 2622 autem
613 2555 647 2621 in
669 2553 929 2638 praescriptione
952 2554 1114 2637 diximus,
1137 2555 1222 2620 idem
1243 2557 1276 2621 in
1297 2557 1534 2623 consuetudine

359 2688 473 2734 verum
503 2681 576 2748 est,
610 2665 637 2731 si
670 2665 746 2748 quis
778 2685 891 2732 eorum
922 2666 980 2748 qui
1010 2666 1176 2733 diversum
1197 2667 1400 2734 tradiderunt
1420 2687 1535 2734 sensus

360 2779 529 2859 excutiat,
554 2797 621 2844 non
651 2777 741 2844 aliud
766 2793 994 2860 reperturum,
1019 2799 1116 2859 quam
1140 2779 1410 2846 consuetudinem
1434 2780 1535 2864 privi-

359 2890 446 2976 legio
466 2891 680 2973 aequiparari.
705 2889 811 2970 Atqui
831 2890 988 2955 adversus
1010 2908 1114 2974 genus
1136 2890 1314 2956 humanum
1336 2891 1535 2957 concedendi

359 3001 569 3085 privilegium
593 3020 689 3066 nemo
709 3001 808 3066 habet
828 3015 1046 3082 potestatem:
1071 3020 1171 3082 quare
1196 3000 1280 3066 inter
1300 3001 1445 3069 diversas
1469 3022 1536 3068 res·

359 3110 508 3195 publicas
540 3111 748 3178 consuetudo
783 3111 844 3176 ista
879 3111 947 3177 vim
981 3132 1047 3178 non
1080 3113 1189 3179 habet.
1249 3113 1375 3180 Verum
1407 3134 1536 3180 onmem

359 3227 443 3290 hanc
471 3223 699 3306 quaestionem
723 3221 972 3307 diligentissime
1002 3225 1156 3290 tractavit
1182 3225 1352 3307 Vasquius
1376 3223 1411 3306 ⁶,
1436 3225 1536 3290 decus

360 3335 444 3400 illud
473 3335 674 3418 Hispaniae,
698 3334 794 3418 cujus
823 3353 883 3400 nec
916 3334 949 3399 in
977 3335 1177 3417 explorando
1196 3338 1271 3421 iure
1295 3337 1534 3417 subtilitatem,

360 3467 419 3512 nec
442 3446 476 3512 in
499 3446 647 3512 docendo
667 3445 851 3510 libertatem
873 3465 1027 3528 umquam
1052 3446 1225 3514 desideres.
1249 3449 1280 3513 Is
1304 3447 1405 3533 igitur
1428 3448 1535 3530 posita

361 3557 464 3625 thesi:
486 3557 558 3622 loca
576 3557 715 3644 publica
739 3571 771 3621 et
784 3557 868 3640 jure
886 3561 1037 3644 gentium
1059 3562 1244 3624 communia
1260 3559 1451 3644 praescribi
1471 3579 1535 3622 non

353 3684 469 3755 posse,
506 3688 604 3750 quam
637 3667 750 3733 multis
783 3667 889 3734 firmat
921 3669 1138 3750 auctoribus,
1168 3670 1378 3754 exceptiones
1417 3669 1535 3736 deinde

359 3781 532 3867 subjungit
554 3781 595 3846 ab
618 3782 749 3865 Angelo
774 3795 807 3845 et
830 3780 902 3845 aliis
923 3779 1099 3867 confictas,
1124 3803 1206 3863 quas
1228 3802 1327 3865 supra
1347 3781 1534 3848 retulimus·

360 3895 429 3959 Has
448 3909 556 3960 autem
580 3891 825 3959 examinaturus
848 3907 936 3958 recte
956 3891 1103 3975 indicat,
1128 3893 1262 3960 istarum
1283 3914 1392 3959 rerum
1416 3893 1536 3960 verita·

365 4085 561 4094 a——----

395 4192 402 4223 ¹
422 4194 453 4242 ad
471 4193 495 4240 d.
513 4193 532 4238 l.
546 4203 614 4240 sane.
634 4190 678 4250 [D.
691 4203 734 4251 47.
755 4204 792 4238 10.
814 4189 863 4254 tp]
894 4189 904 4222 2
922 4191 948 4239 in
966 4193 990 4240 d.
1006 4194 1024 4238 l.
1041 4189 1198 4249 injuriarum.
1215 4195 1237 4250 5.
1253 4194 1299 4240 ult.
1311 4192 1355 4252 [D.
1370 4203 1412 4251 47.
1428 4204 1464 4238 10.
1483 4189 1535 4250 13.]

360 4283 453 4332 ³Vide
478 4284 510 4342 gl.
534 4295 565 4329 eo
589 4283 659 4329 loco.
694 4281 754 4329 lde
776 4283 820 4329 off.
843 4283 860 4329 l.
884 4296 905 4330 1.
928 4297 951 4330 c.
974 4285 1014 4330 28.
1050 4283 1168 4331 Gentilis.
1192 4285 1209 4330 1.
1236 4296 1257 4330 1.
1280 4298 1300 4331 o.
1326 4296 1364 4344 19.
1384 4283 1430 4330 snb
1454 4280 1539 4329 linem.

361 4376 465 4424 ὗΑιιιῐι.
487 4376 502 4421 1.
520 4373 584 4424 nulli
607 4371 661 4430 jud.
685 4377 706 4432 5.
731 4387 752 4420 1.
774 4374 817 4434 [C.
835 4389 859 4436 9.
876 4377 918 4435 48.
938 4373 971 4438 1.]
992 4387 1016 4422 c.
1035 4387 1091 4422 cum
1113 4385 1192 4422 tanto.
1217 4376 1247 4423 dc
1264 4387 1380 4424 consuet.
1400 4375 1538 4435 [Decrcral.

365 4481 385 4514 1.
402 4480 426 4527 4.
448 4465 499 4528 rm]
534 4463 545 4496 θ
564 4466 653 4512 Contr.
672 4465 708 4512 ill.
727 4478 750 4512 c.
771 4468 809 4526 89.
828 4479 853 4513 n.
875 4479 912 4512 ια.
931 4477 1022 4526 etseq.
