3552 5654
561 682 607 726 DE
630 681 724 747 JURE
752 682 936 728 PRAEDAE.
961 683 1040 730 CAP.
1065 684 1098 728 X.
1355 685 1412 748 131

238 837 308 902 Imo
338 835 434 902 etiam
462 854 521 916 pro
545 833 622 915 his,
647 851 732 916 quae
756 853 795 901 ex
824 834 945 902 delicto
975 835 1144 902 debentur.
1199 835 1285 900 Nam
1318 847 1350 900 et
1381 835 1415 900 in

234 945 370 1030 judiciis
399 943 452 1010 fur
482 943 515 1009 in
547 944 683 1025 duplum
715 959 773 1010 aut
801 945 1043 1027 quadruplum,
1074 945 1108 1012 in
1137 945 1271 1027 triplum
1304 959 1415 1028 raptor

237 1057 399 1122 bonorum
432 1054 461 1120 ei
495 1053 552 1135 qui
587 1054 747 1137 spoliatus
778 1069 827 1120 est
854 1056 1098 1122 condemnatur.
1144 1055 1254 1120 Etiam
1276 1053 1413 1138 injuriae

236 1166 391 1250 penditur
413 1163 594 1232 aestimatio
615 1164 804 1246 similesque
825 1185 947 1249 poenas
972 1180 1029 1232 aut
1049 1168 1153 1232 laesae
1173 1165 1347 1248 parti‚aut
1363 1185 1413 1230 ac-

235 1276 379 1342 cusatori
402 1276 491 1360 leges
521 1273 682 1342 deferunt.
729 1275 774 1340 Et
794 1277 857 1340 hoc
882 1290 931 1344 est
952 1276 1043 1358 quod
1064 1277 1221 1344 Boethius
1241 1275 1251 1312 ¹
1274 1275 1411 1342 interro·
1477 1287 1479 1292 '

237 1401 332 1470 gatus
349 1386 378 1450 si
397 1385 547 1472 cognitor
565 1385 745 1465 resideret,
767 1386 820 1452 cui
833 1386 1033 1469 supplicium
1046 1385 1246 1452 inferendum
1259 1401 1409 1469 putaret,

236 1497 309 1564 eine
330 1496 389 1577 qui
410 1494 567 1574 fecisset,
591 1515 631 1560 an
655 1494 713 1576 qui
736 1496 924 1578 pertulisset
946 1497 1122 1580 injuriam,
1148 1496 1323 1579 respondet
1343 1515 1409 1562 non

236 1607 399 1690 ambigere
418 1607 485 1686 'se,
510 1605 589 1689 quin
611 1623 766 1688 perpesso
789 1606 989 1674 satisfaceret
1009 1607 1122 1673 dolore
1144 1606 1303 1700 facientis.
1345 1605 1410 1671 Ni.

235 1717 376 1797 mirum,
401 1732 438 1783 ut
457 1732 543 1782 recte
567 1716 699 1799 quidam
712 1713 723 1749 ²
736 1715 769 1782 in
791 1715 938 1784 doctrina
959 1716 999 1780 de
1021 1716 1107 1782 bello
1127 1714 1277 1798 scripsit,
1301 1713 1409 1780 damni

233 1827 364 1894 nomine
393 1829 486 1912 juxta
518 1827 729 1892 Aristotelem
751 1828 762 1864 ⁸
786 1841 882 1892 omne
918 1825 952 1891 id
973 1825 1281 1909 comprehenditur,
1317 1825 1409 1908 quod

233 1937 310 2002 mali
330 1937 487 2005 rationem
512 1938 633 2018 habet,
657 1936 690 2002 in
711 1957 778 2020 quo
799 1956 915 2021 genere
937 1951 986 2006 est
1009 1936 1104 2004 etiam
1128 1951 1260 2019 accepta
1277 1935 1407 2020 injuria.

191 2083 206 2093 -
233 2047 444 2117 Contrarium
477 2048 580 2133 igitur
607 2049 758 2130 lucrum,
783 2047 875 2129 quod
897 2047 976 2112 boni
999 2049 1098 2112 habet
1120 2049 1298 2125 rationem,
1319 2048 1408 2131 J'usta

233 2158 361 2224 scilicet
377 2158 546 2238 vindicta,
567 2159 650 2242 parti
672 2161 776 2234 laesae
798 2157 988 2224 naturaliter
1010 2157 1174 2224 convenit.
1218 2159 1295 2247 Qua
1313 2159 1352 2224 de
1372 2179 1406 2222 re

233 2268 310 2334 alibi
338 2268 550 2336 disseruimus
574 2270 601 2333 ⁴.
648 2269 868 2334 Tantuntdem
889 2288 966 2352 ergo
988 2267 1021 2334 in
1051 2268 1136 2334 bello
1160 2268 1294 2350 publico
1318 2282 1350 2334 et
1372 2268 1405 2332 in

232 2379 361 2460 privato
383 2378 628 2459 consequimur.
674 2379 777 2465 Quod
796 2378 825 2446 si
845 2397 959 2445 omnes
979 2375 1145 2457 fatentur,
1168 2398 1237 2459 quo
1256 2377 1317 2444 ista
1340 2376 1407 2442 dis-

231 2488 377 2556 tinctio?
402 2488 489 2554 Illud
511 2487 594 2552 forte
617 2488 650 2554 in
673 2508 773 2555 causa
793 2504 861 2570 est,
875 2488 966 2570 quod
988 2488 1162 2554 nonnulli⁵
1183 2489 1267 2556 velle
1290 2487 1405 2554 viden-

232 2613 287 2664 tur
318 2599 404 2664 bello
435 2598 564 2680 privato
596 2613 689 2681 capta
717 2598 831 2666 venire
863 2599 897 2664 in
928 2600 1110 2679 calculum,
1141 2598 1274 2681 publico
1298 2613 1404 2664 autem

232 2708 393 2789 acquisita
423 2728 488 2775 non
519 2708 722 2790 compensari
746 2729 820 2774 cum
843 2709 954 2776 debito
978 2708 1152 2791 principali
1176 2723 1230 2788 et,
1254 2707 1405 2789 quamvis

232 2819 385 2884 damnum
405 2818 582 2899 excedant,
604 2838 733 2885 manere
762 2838 861 2901 penes
889 2833 1111 2902 occupantem.
1165 2818 1231 2884 Sed
1261 2817 1309 2884 illi
1337 2837 1404 2885 non

231 2928 309 2996 satis
329 2928 517 3013 intelligunt
534 2929 683 3011 praedam
707 2949 852 3008 omnem,
865 2950 947 3012 quae
966 2929 1094 3012 capitur
1115 2943 1204 2994 extra
1224 2927 1404 3011 persecuti-

231 3059 326 3106 onem
347 3039 394 3105 rei
413 3055 446 3105 et
457 3040 594 3120 damna,
609 3039 742 3105 retineri
765 3059 861 3123 posse
884 3041 917 3106 in
938 3059 1099 3123 poenam,
1113 3059 1209 3120 quam
1233 3039 1402 3106 offendens

230 3150 413 3232 respublica
442 3150 585 3218 offensae
616 3151 734 3231 debet,
757 3169 817 3217 nec
840 3169 937 3233 posse
967 3171 1037 3216 eam
1059 3150 1233 3216 excedere:
1258 3165 1290 3216 et
1311 3149 1403 3231 quod

227 3261 349 3344 iustam
370 3281 507 3344 poenam
532 3261 680 3342 excedit,
717 3259 751 3326 id
773 3261 864 3328 reddi
897 3276 1048 3344 oportere
1082 3261 1239 3328 Silvester
1258 3258 1270 3294 ⁸
1289 3260 1403 3326 rectis·

230 3371 309 3438 sime
342 3371 476 3454 definit,
507 3374 603 3457 cujus
626 3371 818 3440 sententiam
847 3387 879 3437 et
900 3391 959 3438 nos
981 3371 1119 3454 amplexi
1140 3389 1266 3438 sumus
1312 3371 1401 3438 Idem

229 3502 309 3548 vero
341 3502 399 3548 cur
427 3483 460 3548 in
494 3484 581 3550 bello
613 3482 742 3566 privato
761 3482 898 3554 concedi
920 3503 986 3548 non
1010 3482 1126 3548 debeat
1143 3483 1238 3566 juxta
1260 3502 1297 3548 ea
1317 3502 1401 3564 quae

229 3592 328 3659 modo
361 3607 393 3658 et
416 3593 515 3659 latius
537 3608 631 3660 antea
653 3593 819 3675 diximus,
846 3594 1005 3662 rationem
1037 3595 1159 3660 nullam
1180 3593 1289 3660 video.
1335 3593 1402 3660 Sed
1450 3602 1452 3605 ’

229 3701 307 3785 quia
333 3701 461 3772 facilius
487 3705 591 3770 multo
611 3703 796 3789 contingit,
817 3719 855 3768 ut
874 3703 992 3786 praeda
1013 3704 1143 3786 privato
1163 3704 1250 3769 bello
1273 3718 1305 3770 et
1326 3703 1401 3786 qui·

228 3813 301 3880 dem
321 3815 412 3898 justo
436 3827 530 3896 capta
549 3814 695 3884 debitum
719 3829 753 3879 et
773 3815 888 3880 damna
911 3829 943 3880 et
965 3833 1103 3896 poenam
1125 3814 1282 3894 excedat,
1302 3833 1399 3895 quarn

231 3987 418 4000 -.-.-.........-

262 4095 270 4129 ¹
289 4098 320 4145 de
346 4109 417 4144 cons.
435 4095 498 4156 phil.
522 4097 539 4142 1.
563 4109 587 4155 4.
610 4097 648 4158 [p.
667 4099 723 4154 283.
740 4096 777 4158 7.]
812 4091 918 4142 ⁹Henr.
941 4093 1045 4141 Gorich.
1060 4093 1087 4140 in
1102 4103 1174 4140 tract.
1188 4093 1219 4140 de
1237 4091 1306 4139 bello
1321 4089 1399 4148 justo.

226 4199 301 4246 prop.
317 4200 355 4233 ιο.
388 4184 399 4216 ³
417 4186 448 4233 de
471 4198 535 4233 mot.
558 4187 589 4234 ad
606 4185 708 4234 Nicom.
729 4187 747 4233 l.
768 4198 790 4241 ⁵·
809 4199 832 4233 c.
853 4195 877 4242 7.
898 4183 936 4245 [p.
957 4195 1068 4239 1132.1.
1087 4196 1125 4231 vs.
1146 4195 1184 4230 10.
1206 4193 1231 4230 et
1248 4195 1271 4230 a.
1289 4195 1328 4230 vs.
1347 4183 1397 4244 ru]

226 4274 281 4324 ⁴in
297 4289 321 4324 c.
335 4289 359 4336 4.
375 4277 406 4322 V.
423 4275 499 4323 etiam
513 4288 535 4324 c.
554 4289 576 4323 a.
593 4277 624 4324 ad
642 4277 659 4323 1.
678 4288 701 4331 s.
714 4286 739 4324 et
756 4289 778 4324 c.
797 4277 820 4322 8.
837 4276 867 4323 ad
882 4275 966 4322 concl.
987 4287 1009 4322 1.
1043 4271 1176 4321 'Archid
1191 4271 1218 4320 in
1235 4285 1259 4321 c.
1274 4272 1398 4320 Dominus

226 4377 320 4414 notter.
338 4367 426 4428 [Dect.
441 4368 509 4415 Grat.
523 4380 550 4426 p.
568 4379 591 4414 a.
608 4378 647 4423 23.
664 4379 687 4414 a.
705 4365 741 4428 a.]
760 4365 821 4414 silv.
835 4365 861 4414 in
877 4381 903 4413 v.
916 4366 1022 4413 Bellum.
1036 4363 1059 4425 ς.
1078 4377 1116 4412 10.
1125 4362 1193 4410 Vict.
1211 4361 1312 4420 dejure
1328 4362 1398 4410 belli.

226 4469 252 4504 ιι.
273 4467 313 4512 51·
354 4453 409 4506 ⁶d.
430 4459 448 4505 l.
471 4449 540 4506 idem
566 4456 592 4506 in
617 4471 641 4504 v.
664 4455 840 4516 Repressaliae
858 4456 885 4504 in
903 4455 984 4514 princ.
1002 4454 1028 4503 in
1052 4467 1077 4515 4.
1094 4467 1148 4513 req.
1171 4453 1248 4502 Mart.
1268 4454 1346 4502 Laud.
1367 4455 1398 4504 de

228 4545 307 4594 bello.
325 4559 349 4604 q.
371 4558 393 4601 5.

1225 4632 1263 4713 9*
