3552 5654
389 657 449 703 112
690 654 853 722 DE'JURE
879 653 1062 702 nunaunt.
1087 655 1167 702 CAP.
1193 655 1275 702 v111.

384 829 461 894 gum
481 807 604 893 peritos
616 815 637 875 ¹.
683 808 835 876 Tradunt
854 808 963 891 enim,
988 807 1022 876 id
1040 809 1133 893 quod
1152 807 1275 877 dicitur
1296 808 1446 892 praedam
1467 812 1558 897 justo

384 922 471 988 bello
487 919 646 1004 capientis
662 919 757 1003 ficri,
781 921 821 986 de
843 920 939 988 bonis
957 917 1206 1006 intelligendum
1225 940 1291 987 non
1305 922 1375 1006 ejus
1388 922 1487 989 modo
1500 919 1558 1004 qui

386 1032 507 1118 injuste
529 1045 678 1116 pugnat,
700 1030 759 1098 sed
790 1031 937 1128 omnium
977 1032 1083 1115 ipsius
1105 1031 1314 1099 subditotum
1336 1052 1403 1099 non
1433 1031 1563 1100 feminis

383 1163 450 1212 non
474 1141 653 1212 infantibus
681 1143 849 1227 exceptis,
874 1143 978 1210 donec
1007 1145 1096 1230 juste
1118 1143 1279 1230 pugnanti
1302 1142 1343 1210 de
1365 1143 1478 1211 debito
1499 1162 1560 1210 suo

384 1257 439 1323 vel
459 1254 580 1341 injuria
608 1257 663 1320 vel
691 1254 873 1322 offensione
903 1254 991 1321 illata
1024 1257 1078 1322 vei
1108 1255 1226 1321 damno
1254 1254 1317 1322 sibi
1352 1255 1464 1321 suisve
1484 1254 1560 1320 dato

385 1382 484 1450 atque
513 1385 552 1432 eo
583 1366 676 1450 quod
703 1364 833 1433 intersit
860 1366 994 1433 omnino
1017 1364 1219 1434 satisfactum
1243 1365 1307 1448 sit,
1333 1365 1483 1432 hostisve
1505 1383 1562 1450 pa-

385 1493 475 1544 ratus
509 1477 553 1542 sit
585 1474 770 1544 satIsfacere
802 1490 860 1542 aut
887 1476 954 1561 juri
984 1497 1018 1544 se
1050 1477 1232 1562 pariturum
1264 1475 1390 1544 offerat.
1439 1476 1561 1558 Neque

385 1588 577 1656 decaetero
598 1588 653 1653 hic
676 1586 831 1676 spectari,
856 1607 935 1653 1111111
958 1607 1097 1672 persona
1119 1588 1163 1654 sit
1185 1588 1360 1667 innocens,
1382 1587 1560 1673 Cajetanus

385 1715 419 1768 et
440 1700 525 1768 inter
547 1685 714 1784 Hispanos
738 1697 945 1766 Covarruvia
964 1697 977 1734 ²
996 1713 1145 1766 testatur.
1177 1699 1223 1765 Et
1246 1700 1328 1766 alter
1349 1697 1560 1782 Hispanus⁸z

385 1812 534 1878 tiburtes
553 1810 670 1876 nolunt
687 1790 864 1876 *restituere
883 1827 936 1874 res
952 1811 1087 1896 injuria
1104 1810 1239 1876 ablatas
1254 1823 1286 1874 et
1305 1831 1369 1875 non
1380 1813 1485 1898 possit
1502 1813 1562 1897 qui
1637 1898 1639 1901 Υ

385 1921 494 1988 laesus
524 1935 572 1987 est
600 1911 738 1987 aliunde
767 1920 927 1988 commode
956 1935 1180 2008 recuperare,
1206 1935 1315 2008 potest
1347 1921 1562 2008 undecunque

386 2031 655 2123 satisfactionem,
671 2034 796 2118 ‘capere
824 2034 892 2099 siue
921 2052 943 2095 a
961 2032 1150 2097 nocentibus
1168 2035 1236 2099 site
1253 2033 1295 2098 ab
1316 2033 1561 2112 innocentibus,

386 2147 439 2210 ita
472 2157 598 2210 utnon
629 2145 829 2209 mercatores
859 2163 923 2207 non
953 2142 1124 2229 agricolae
1145 2146 1374 2230 excipiantur.
1417 2142 1466 2209 Ita
1488 2143 1561 2210 ilic:

387 2254 479 2337 quod
499 2269 607 2322 autem
636 2253 691 2319 alii
711 2259 722 2296 ⁴
744 2254 804 2321 hac
839 2253 937 2332 ctIam
961 2252 994 2319 in
1017 2269 1110 2338 parte
1132 2253 1364 2339 navigantibus
1386 2267 1419 2318 et
1441 2273 1562 2322 merca·

385 2366 515 2434 toribus
545 2365 803 2450 temperandum.
825 2347 966 2449 putant,
994 2364 1030 2432 id
1051 2365 1097 2438 ita
1118 2365 1180 2449 ipsi
1203 2365 1387 2449 explicant,
1411 2380 1449 2431 ut
1471 2366 1562 2434 navi-

387 2493 499 2565 gantes
532 2497 587 2544 eos
620 2477 921 2560 comprehendant,
954 2476 1013 2559 qui
1047 2477 1082 2543 vi
1117 2476 1320 2560 tempestatis
1352 2475 1493 2544 alienum
1527 2476 1561 2542 in

386 2589 481 2656 littus
498 2588 718 2672 abripiuntur,
739 2602 772 2684 et
784 2570 984 2662 mercatores
1004 2603 1156 2654 externos
1173 2588 1332 2654 duntaxat
1347 2587 1561 2672 publicasque

386 2702 429 2769 ad
457 2699 621 2768 nundinas
650 2698 830 2794 uenientes.
873 2699 1120 2767 Mercatoribus
1148 2713 1255 2766 autem
1289 2699 1431 2766 subditis
1450 2719 1492 2766 ne
1512 2720 1561 2766 re·

387 2809 569 2898 pressaliae¹
585 2809 739 2904 quidem
757 2808 934 2877 abstinent.
981 2810 1027 2876 Et
1057 2811 1136 2876 haec
1167 2831 1244 2878 veta
1275 2826 1374 2892 sunt,
1408 2810 1471 2876 nisi
1505 2825 1562 2876 aut

387 2925 536 3008 personis
566 2903 764 3006 quibusdam
792 2935 849 3018 aut
878 2920 987 2987 ordini
1011 2921 1181 2988 hominum
1213 2936 1270 2989 aut
1303 2924 1377 2988 loco
1411 2921 1455 2990 sit
1484 2942 1563 3006 pto·

387 3037 488 3102 missa
502 3032 660 3131 securitas
679 3037 690 3072 ⁸
708 3017 812 3116 pactis
832 3047 889 3098 aut
910 3032 1011 3099 tacito
1032 3032 1196 3114 utrimque
1213 3051 1299 3115 usu,
1318 3049 1452 3117 propter
1463 3031 1562 3100 fidem

387 3145 548 3226 scilicet,
570 3143 623 3212 de'
641 3127 707 3227 qua
734 3163 811 3209 mox
841 3163 987 3230 agemus.
1034 3144 1084 3211 Ita
1113 3141 1251 3228 legimus
1283 3143 1383 3211 Indos
1411 3145 1563 3230 agricolis

388 3253 582 3340 pepercisse.
616 3237 662 3322 Iit
683 3251 717 3322 in
738 3255 879 3323 concilio
899 3255 1351 3341 Lateranensi⁸praeceptum
1375 3268 1413 3320 ut
1426 3256 1562 3342 presby-

388 3372 473 3448 teri,
493 3353 663 3448 monachi,
682 3371 849 3446 conuersi,
863 3371 1055 3454 peregrini,
1076 3381 1292 3446 mercatores,
1311 3369 1434 3434 rustici
1451 3379 1562 3432 euntes

387 3479 443 3548 tei
463 3479 635 3546 redeuntes
658 3479 713 3548 tel
732 3479 952 3567 agricultura
974 3482 1175 3562 existentes,
1199 3493 1231 3546 et
1254 3479 1420 3546 animalia
1443 3479 1562 3566 quibus

384 3693 581 3708 m

422 3833 431 3867 ¹
449 3835 541 3884 Thom
569 3847 593 3882 a.
611 3846 634 3882 2.
652 3848 679 3894 q.
698 3834 739 3882 66.
756 3846 802 3882 art.
821 3835 844 3881 8.
862 3835 894 3882 ad
914 3846 936 3881 1.
953 3835 1016 3882 Ant.
1034 3833 1066 3881 de
1083 3831 1173 3882 Butrio
1191 3833 1218 3882 in
1236 3847 1260 3884 e.
1278 3835 1351 3886 olim.
1369 3837 1400 3885 de
1418 3848 1477 3888 rest.
1495 3837 1561 3897 spol.

390 3928 527 3990 [Demetai.
538 3940 561 3975 a.
573 3939 611 3984 ¹8·
623 3925 674 3991 rm]
691 3927 764 3975 Host.
776 3926 808 3974 ad
822 3923 863 3973 tit.
873 3926 905 3974 de
919 3937 1011 3986 poena.
1020 3923 1047 3972 in
1064 3927 1166 3973 Summa
1181 3936 1207 3974 et
1225 3937 1284 3985 post
1294 3926 1366 3976 illum
1374 3927 1433 3990 Joh.
1441 3928 1527 3987 Lupus
1536 3927 1563 3975 in

388 4029 462 4067 tract.
488 4019 520 4067 de
546 4018 616 4066 bello
642 4016 788 4076 §.sibene
813 4015 946 4065 advertisti
965 4016 1072 4078 [Ocean.
1088 4017 1142 4080 Jnr.
1159 4018 1213 4065 voi.
1233 4017 1271 4066 16.
1288 4032 1313 4078 p.
1332 4018 1402 4081 aaa]
1421 4020 1476 4068 11111.
1494 4018 1520 4067 in
1537 4019 1564 4067 d.

389 4125 410 4158 c.
429 4110 502 4158 olim.
519 4110 577 4172 Joh.
598 4109 679 4158 Faber
696 4109 728 4157 ad
746 4111 768 4168 ς.
786 4107 847 4157 item
864 4107 934 4156 bello
952 4118 1034 4168 capta.
1052 4109 1113 4157 lnst.
1131 4110 1163 4157 de
1181 4121 1231 4158 ret.
1248 4107 1301 4159 div.
1321 4109 1353 4171 [1.
1372 4109 1444 4174 1.1.]
1462 4107 1564 4168 ’Caico

387 4200 414 4248 In
440 4204 528 4248 suanm.
552 4213 626 4260 pecc.
650 4199 677 4246 in
702 4214 728 4248 v.
751 4198 816 4247 Belli
841 4201 938 4248 damna.
964 4199 1072 4248 Covarr.
1097 4201 1129 4248 ad
1153 4212 1205 4259 reg.
1230 4211 1370 4260 peccatum.
1395 4214 1421 4261 p.
1439 4213 1463 4248 a.
1481 4203 1503 4258 ς.
1523 4213 1564 4252 11.

388 4287 484 4338 ⁸VIet.
501 4303 527 4337 n.
546 4302 588 4352 ³9·
613 4302 638 4338 et
656 4303 696 4351 4¹·
731 4289 743 4321 ⁴
759 4291 826 4338 Bart.
852 4291 885 4338 de
902 4301 1012 4350 repress.
1030 4301 1056 4348 7.
1071 4289 1150 4350 prino.
1167 4302 1192 4338 11.
1213 4301 1252 4346 15·
1269 4290 1334 4338 Bell.
1352 4301 1375 4346 s.
1394 4301 1473 4338 ooner.
1492 4302 1515 4348 s.
1539 4304 1563 4340 c.

393 4392 431 4436 15.
449 4379 510 4428 silv.
526 4379 553 4428 in
570 4395 596 4429 v.
615 4378 801 4441 Repressaliae.
817 4383 839 4438 ς.
858 4381 881 4428 8.
916 4378 926 4410 ⁸
944 4379 1023 4428 Wilh.
1041 4381 1122 4429 Math.
1141 4370 1258 4430 de'bello
1276 4378 1345 4438 justo
1363 4392 1389 4430 et
1407 4365 1487 4430 licito.
1509 4395 1564 4442 req.

393 4485 418 4519 2.
436 4486 462 4532 p.
480 4485 504 4533 4
523 4467 604 4528 Caice.
623 4471 649 4519 111
675 4460 768 4521 summ.
794 4483 868 4532 pecc.
892 4469 919 4519 in
936 4485 962 4520 v.
980 4471 1045 4520 Belli
1063 4473 1159 4521 damna.
1193 4472 1244 4521 ⁸c.
1263 4486 1286 4522 a.
1304 4474 1336 4522 de
1354 4485 1478 4536 treugaet
1495 4485 1565 4536 paee.

392 4560 531 4623 [Decretal.
554 4575 574 4610 1.
594 4560 646 4624 34]
