3552 5654
369 666 431 734 1166
677 683 726 729 oe
749 683 843 748 jusu
868 681 1053 730 ansanus.
1075 681 1158 730 cna.
1183 683 1233 729 ιιι.

367 853 524 921 quaestus
544 837 598 903 hic
621 836 768 903 omnium
792 836 1004 903 dulcissimus
1027 837 1183 916 videtur,
1205 851 1245 902 ut
1265 836 1323 919 qui
1346 837 1541 906 humanitati

366 950 555 1033 adjumento
578 947 621 1016 sit
651 961 683 1014 et
701 948 827 1014 mutuis
849 947 996 1033 gentium
1017 948 1223 1031 commodis,
1248 948 1317 1015 sine
1340 949 1540 1034 cujusquam

367 1061 485 1127 damno
504 1058 601 1125 sacile
622 1073 835 1126 sustentetur.
860 1059 991 1126 Morem
1013 1061 1104 1126 hunc
1125 1075 1189 1126 tam
1211 1057 1375 1143 placidum
1394 1081 1435 1126 ue
1457 1061 1542 1128 bella

367 1171 526 1254 quidem,
549 1171 629 1238 satis
649 1169 793 1237 animose
809 1169 960 1252 alioquin
977 1185 1089 1255 gesta,
1109 1174 1326 1238 sustulerunt.
1351 1171 1398 1237 Et
1421 1173 1461 1238 ad
1476 1173 1541 1238 hoc

367 1301 474 1364 usque
506 1297 636 1366 tempus
666 1281 838 1366 potissima
868 1281 940 1347 visa
971 1297 1020 1348 est
1047 1282 1133 1348 ratio
1163 1281 1419 1368 negotiationis:
1455 1303 1541 1349 arma

366 1407 433 1460 non
456 1394 541 1459 ultra
560 1407 736 1476 umarpata,
756 1411 857 1474 quam
878 1393 1056 1462 necessitas
1078 1393 1280 1478 postulabat.
1326 1394 1443 1477 thue
1462 1395 1539 1460 olim

368 1503 583 1570 Timotheum
616 1503 854 1569 Atheniensem
883 1503 919 1568 in
952 1504 1080 1571 Samios
1111 1505 1286 1571 bellantem
1319 1503 1438 1572 fecisse
1458 1503 1541 1590 iegi-

367 1633 442 1680 rnus
461 1617 497 1698 ¹,
521 1615 565 1680 ita
586 1613 698 1680 Batavi
720 1633 788 1680 non
808 1633 867 1680 eos
885 1627 1012 1680 tantum
1035 1615 1094 1698 qui
1117 1636 1175 1699 per
1198 1615 1361 1700 Belgicam
1386 1615 1419 1682 in
1441 1617 1571 1699 parti.

368 1727 431 1793 bus
459 1725 605 1792 adversis
634 1739 750 1805 erant,
780 1722 838 1791 sed
868 1739 900 1790 et
928 1724 1018 1809 ipsos
1050 1741 1199 1793 auctores
1220 1726 1299 1792 belli
1319 1725 1486 1810 Hispanos
1506 1727 1539 1792 iu

368 1835 529 1920 Hispania
558 1855 618 1903 sua
649 1851 832 1902 commeatu
862 1837 1043 1920 juvenant,
1069 1838 1161 1920 quod
1183 1853 1222 1903 ut
1243 1839 1360 1903 horum
1383 1853 1541 1905 mercato-

367 1947 459 2013 ribus
480 1941 563 2015 utile
585 1947 674 2030 fuit,
697 1947 743 2014 ita
769 1947 844 2015 illos
865 1947 960 2033 gravi
981 1948 1143 2014 interdum
1164 1947 1250 2014 fame
1271 1947 1432 2016 liberavit.
1477 1949 1541 2014 Ns-

367 2058 414 2124 hil
435 2059 522 2124 enim
545 2073 657 2141 vetat,
682 2058 764 2141 quin
787 2058 959 2125 veteribus
982 2059 1078 2125 etiam
1105 2059 1262 2143 exemplis
1290 2059 1541 2134 Corinthiorum

368 2184 401 2235 et
425 2169 666 2254 Megarensium
698 2169 744 2235 ita
769 2170 867 2235 armis
887 2188 939 2235 res
958 2170 1009 2256 agi
1031 2170 1161 2253 possit,
1185 2186 1222 2237 ut
1242 2171 1403 2254 quaedam
1426 2173 1541 2236 huma·

367 2281 479 2347 nitatis
498 2280 604 2346 officia
625 2300 692 2347 non
716 2280 930 2346 omittantur:
953 2280 1039 2348 sicut
1060 2281 1200 2364 Hispani
1220 2281 1235 2316 ²
1256 2281 1320 2365 ipsi
1342 2283 1544 2365 scripserunt

365 2409 463 2476 posse
489 2392 752 2477 negotiationum
779 2407 981 2458 commeatus
1011 2392 1106 2457 etiam
1126 2411 1202 2457 cum
1226 2392 1381 2458 hostibus
1405 2393 1542 2459 interce·-

367 2504 462 2581 dere,
486 2503 637 2586 pactione
658 2501 785 2570 scilicet
806 2517 863 2567 aut
883 2501 1014 2568 foedere
1037 2501 1150 2568 tacito.

207 2635 288 2682 Arata.
306 2635 354 2682 111.
410 2613 584 2698 Philippus
606 2615 637 2680 ΙΙ
660 2615 748 2679 haud
767 2613 873 2680 multo
896 2627 1068 2696 antequam
1082 2601 1198 2698 'sergi-l
1220 2613 1358 2696 irnperio
1375 2613 1541 2699 judicatus

206 2738 276 2784 Anno
292 2741 353 2795 1581.
367 2740 416 2790 est
439 2725 620 2806 decidisse,
641 2741 701 2791 rex
722 2723 830 2791 factus
850 2739 901 2790 est
918 2723 1135 2804 Lusitaniae,
1158 2725 1222 2789 hoc
1240 2740 1291 2790 est
1303 2725 1540 2809 Portugalliae:

367 2857 434 2919 quo
455 2837 529 2922 jure
549 2855 657 2919 quave
684 2835 803 2920 injuria
823 2835 907 2901 nihil
926 2833 1035 2900 refert.
1081 2835 1166 2900 Nam
1188 2850 1362 2918 postquam
1384 2837 1484 2901 semel
1505 2833 1541 2900 in

366 2967 500 3032 reguum
533 2961 685 3030 receptus
708 2962 780 3026 est,
804 2945 940 3030 agnovit
957 2965 1036 3012 eum
1060 2960 1099 3011 ut
1121 2944 1305 3029 Principem
1337 2959 1407 3011 tota
1429 2963 1542 3028 respue

283 3054 285 3057 ’
365 3059 450 3122 blica
472 3057 733 3138 Lusitanorum,
756 3055 845 3122 sicut
866 3070 900 3121 et
921 3072 1010 3122 nunc
1031 3055 1136 3122 lilium
1158 3057 1349 3140 Philippum
1370 3057 1540 3140 agnoscit,

365 3167 539 3249 defertque
561 3167 678 3232 solitos
699 3167 834 3252 regibus
852 3167 1022 3248 honores,
1047 3167 1191 3248 tributa,
1214 3166 1448 3233 obedientiam.
1489 3168 1541 3232 Ex

367 3297 406 3345 eo
429 3295 573 3362 tempore
591 3277 722 3344 Batavis
742 3278 855 3344 eodem
880 3277 957 3342 loco
977 3277 1130 3344 Iatsitani
1151 3295 1223 3342 esse
1244 3294 1450 3360 coeperunt,
1474 3295 1541 3360 quo

368 3389 564 3468 Castellani,
586 3388 832 3472 Leg-ioneuses,
854 3389 1040 3472 Arragones
1059 3401 1092 3453 et
1111 3403 1178 3454 tota
1198 3373 1379 3471 Hispania,
1403 3389 1436 3453 in
1448 3391 1543 3474 cujus

366 3521 488 3585 corpus
519 3501 719 3566 coaluerant.
763 3499 877 3584 Quare
909 3519 982 3563 cum
1015 3499 1140 3563 bellum
1164 3498 1230 3566 iilis
1254 3515 1339 3566 esset
1362 3519 1437 3564 cunr
1466 3515 1542 3584 rege

367 3611 544 3696 Hispaniae
575 3613 712 3696 ejusque
739 3609 882 3676 subditis
909 3625 949 3674 et
979 3608 1080 3675 sociis
1113 3607 1270 3674 omnibus
1294 3609 1541 3692 Hispanorum,

366 3742 433 3790 non
462 3722 573 3807 potuit
604 3741 670 3788 non
700 3738 771 3788 esse
804 3739 878 3786 cum
911 3719 1105 3799 Lusitanis,
1129 3719 1302 3803 praecipue
1325 3721 1403 3802 quia
1425 3720 1541 3803 populi

365 3849 430 3900 tam
462 3833 576 3901 divitis
606 3831 778 3918 vectigalia
808 3847 961 3915 magnum
994 3830 1182 3896 alimentum
1220 3831 1305 3896 bello
1326 3827 1540 3900 accesserant.

208 3970 278 4016 Anao
292 3973 352 4027 aaa.
366 3947 487 4028 Neque
516 3965 596 4012 vero
628 3947 716 4012 solae
740 3943 871 4010 illorum
893 3941 1050 4025 pecuniae
1073 3941 1214 4008 Batavos
1237 3941 1409 4007 laeserunt.
1455 3942 1541 4006 Nam

366 4056 534 4124 horribilis
564 4056 619 4122 illa
641 4055 778 4136 classis,
815 4071 898 4136 quae
923 4050 1240 4137 Methymnisidonio
1264 4053 1348 4118 duce
1372 4052 1539 4118 &eanum

367 4169 511 4252 ingressa
533 4167 789 4232 intemecionern
818 4164 1004 4245 Britannis,
1027 4164 1225 4229 Batavorum
1249 4163 1371 4245 sociis,
1395 4163 1541 4246 ipsisque

366 4278 498 4346 Batavis
519 4276 728 4359 minabatur,
751 4276 889 4342 max-ima
902 4275 954 4340 sui
965 4289 1056 4357 parte
1067 4273 1208 4340 navibus
1220 4273 1395 4356 aetatisque
1412 4273 1543 4340 Lusita»

367 4471 402 4481 ι...-

405 4571 414 4604 ²
429 4574 508 4622 Arist.
525 4575 623 4622 Oecon.
640 4575 658 4621 l.
677 4587 700 4621 a.
719 4572 758 4636 [p.
775 4584 847 4630 1³⁵0·
866 4584 890 4620 a.
905 4585 945 4620 vs.
962 4569 1001 4636 4.]
1036 4567 1047 4602 ²
1064 4570 1143 4632 Ayala
1160 4571 1177 4618 l.
1196 4583 1218 4619 ι.
1230 4583 1253 4620 c.
1273 4582 1297 4628 7.
1314 4583 1340 4618 n.
1358 4583 1382 4619 2.
