3546 5654
518 693 564 738 DE
588 692 682 758 JURE
709 689 892 737 PRAEDAE.
919 691 997 737 CAP.
1024 692 1087 739 XII.
1326 688 1388 752 225

210 861 301 911 certo
324 846 422 911 maris
446 847 521 911 loco
545 844 666 928 piscari
691 845 824 927 liceret,
849 847 1025 929 respondet
1037 868 1104 913 rem
1117 847 1249 930 quidem
1263 846 1386 928 ipsam,

209 979 295 1023 mare
318 957 465 1037 scilicet,
489 958 648 1023 servitute
672 959 764 1023 nulla
787 957 867 1022 affici
881 958 1053 1040 potuisse,
1079 958 1156 1040 quia
1168 979 1226 1041 per
1238 972 1385 1024 naturam

209 1069 273 1133 hoc
308 1069 460 1133 omnibus
492 1083 642 1151 pateret,
676 1068 733 1133 sed
756 1088 830 1134 curn
856 1070 942 1136 bona
965 1069 1046 1135 fides
1071 1070 1383 1151 contractus-legem

209 1180 412 1246 venditionis
445 1179 564 1244 servari
599 1164 813 1263 exposcerem
845 1200 1002 1264 personas
1032 1181 1272 1262 possidentium
1296 1193 1328 1244 et
1350 1177 1383 1242 in

208 1292 263 1375 jus
295 1310 406 1354 eorum
438 1290 684 1356 succedentium
717 1311 775 1373 per
808 1291 903 1356 istam
937 1293 1039 1375 legem
1064 1291 1212 1376 obligari.
1258 1291 1383 1355 Verum

211 1417 260 1466 est
282 1401 375 1484 loqui
403 1401 676 1485 jurisconsultum
701 1402 740 1466 de
763 1403 906 1485 praediis
929 1403 1067 1486 privatis
1092 1417 1124 1467 et
1141 1406 1213 1486 lege
1233 1401 1382 1486 privata,

211 1514 269 1578 sed
300 1513 333 1578 in
366 1512 530 1578 territorio
562 1527 594 1578 et
624 1514 696 1597 lege
727 1516 926 1597 populorum
961 1514 1071 1579 eadem
1103 1513 1157 1578 hic
1193 1528 1243 1579 est
1276 1513 1382 1591 ratl0‚

211 1623 288 1704 quia
309 1625 425 1707 populi
448 1639 597 1706 respectu
621 1625 725 1690 totius
746 1625 873 1709 generis
893 1625 1028 1691 humani
1049 1625 1252 1708 privatorum
1273 1626 1382 1689 locum

209 1735 369 1800 obtinent.
416 1734 574 1800 Similiter
604 1735 731 1802 reditus
752 1741 785 1817 ¹,
819 1736 878 1817 qui
911 1736 945 1802 in
977 1736 1177 1820 piscationes
1207 1734 1382 1801 maritimas

208 1845 380 1911 constituti
414 1846 570 1931 regalium
602 1864 738 1912 numero
771 1861 966 1927 censentur,
997 1866 1064 1913 non
1097 1867 1189 1928 rem,
1232 1848 1296 1912 hoc
1335 1860 1384 1911 est

208 1977 294 2021 mare
318 1972 374 2022 aut
396 1957 633 2040 piscationem,
658 1958 716 2024 sed
738 1978 893 2041 personas
917 1959 1074 2041 obligant.
1099 1959 1211 2045 Quare
1233 1957 1381 2038 subditi,

208 2070 241 2133 in
273 2088 358 2150 quos
391 2070 494 2153 legem
526 2068 652 2136 ferendi
683 2083 829 2152 potestas
861 2069 1060 2153 reipublicae
1093 2084 1150 2135 aut
1173 2069 1318 2152 Principi
1343 2089 1381 2134 ex

208 2199 369 2246 consensu
399 2179 579 2263 competit,
613 2180 652 2246 ad
685 2199 783 2246 onera
815 2179 877 2245 ista
909 2180 1060 2262 compelli
1083 2179 1170 2245 forte
1201 2194 1380 2262 poterunt,

209 2292 267 2356 sed
298 2291 418 2356 exteris
447 2292 503 2375 jus
525 2290 673 2373 piscandi
697 2291 822 2372 ubique
845 2291 989 2356 immune
1013 2310 1083 2355 esse
1106 2290 1227 2370 debet,
1251 2310 1292 2356 ne
1316 2311 1381 2357 ser-

207 2402 300 2468 vitus
324 2402 512 2484 imponatur
534 2401 635 2482 mari,
669 2401 760 2482 quod
787 2401 910 2466 servire
930 2420 997 2467 non
1020 2415 1144 2485 potest.
1190 2399 1270 2466 Non
1295 2399 1380 2466 enim

208 2513 304 2578 maris
328 2513 437 2578 eadem
462 2532 546 2595 quae
568 2512 714 2579 fluminis
736 2512 819 2578 ratio
844 2527 910 2591 est,
935 2513 1026 2594 quod
1049 2532 1125 2578 cum
1139 2511 1182 2576 sit
1192 2512 1380 2595 publicum,

209 2623 243 2687 id
266 2637 316 2688 est
336 2623 476 2706 populi,
497 2624 551 2707 jus
575 2622 670 2688 etiam
691 2622 724 2689 in
748 2643 786 2688 eo
809 2623 957 2706 piscandi
977 2644 995 2688 a
1013 2625 1139 2706 populo
1159 2638 1216 2689 aut
1225 2622 1379 2707 Principe

208 2733 344 2799 concedi
367 2750 424 2799 aut
444 2734 546 2800 locari
569 2748 678 2816 potest
697 2731 734 2816 ²,
759 2733 803 2799 ita
826 2749 864 2801 ut
888 2734 917 2800 ei
942 2735 1000 2816 qui
1023 2734 1184 2800 conduxit
1207 2734 1303 2800 etiam
1328 2733 1378 2797 in-

207 2844 381 2909 terdictum
404 2860 530 2911 veteres
551 2844 700 2910 dederint
719 2854 755 2925 ⁸,
779 2845 907 2911 deloco
923 2844 1056 2930 publico
1070 2843 1245 2928 fruendo,
1270 2843 1379 2909 addita

206 2955 415 3036 conditione,
439 2955 466 3022 si
491 2955 518 3022 is
541 2956 597 3021 cui
620 2955 748 3021 locandi
769 2956 825 3040 jus
847 2954 947 3021 fuerit
968 2954 1146 3021 fruendum
1170 2955 1270 3019 alicui
1292 2956 1380 3025 loca-

206 3067 313 3147 verit3
342 3087 426 3149 quae
449 3066 596 3132 conditio
621 3067 757 3133 inmari
782 3066 912 3134 evenire
935 3086 1001 3133 non
1025 3081 1134 3149 potest
1154 3067 1177 3130 ⁴.
1203 3066 1378 3148 Caeterum

207 3178 266 3260 qui
286 3177 389 3260 ipsam
408 3177 622 3261 piscationem
644 3192 816 3244 numerant
837 3177 921 3244 inter
942 3177 1062 3262 regalia
1082 3197 1122 3243 ne
1140 3177 1234 3242 illum
1246 3158 1378 3259 quidem

206 3291 335 3370 locum,
350 3310 447 3370 quem
460 3289 774 3372 interpretabantur,
786 3289 865 3354 satis
876 3289 1106 3371 inspexerunt:
1121 3288 1213 3370 quod
1224 3287 1379 3352 Is'erniam

132 3443 133 3447 =
206 3415 239 3465 et
257 3401 454 3467 Alvarotum
470 3404 482 3440 ⁵
499 3420 566 3467 non
585 3401 693 3466 latuit.
738 3399 1006 3467 Demonstratum
1028 3415 1156 3465 estnec
1176 3401 1300 3482 populo
1320 3419 1380 3464 nec
1459 3373 1468 3395 ⁸

206 3511 334 3593 privato
363 3511 503 3594 cuipiam
530 3513 585 3597 jus
614 3511 750 3594 aliquod
778 3512 948 3594 proprium
977 3511 1011 3576 in
1040 3511 1146 3594 ipsum
1175 3530 1261 3575 mare
1286 3510 1379 3593 (nam

206 3622 437 3689 diverticulum
458 3622 665 3708 excepimus)
685 3637 868 3706 competere
887 3642 1008 3706 posse,
1032 3642 1107 3687 cum
1132 3620 1378 3704 occupationem

204 3753 265 3799 nec
284 3749 398 3800 natura
415 3754 475 3799 nec
493 3754 573 3801 usus
592 3733 720 3816 publici
742 3733 825 3798 ratio
845 3733 1023 3815 permittat.
1072 3732 1184 3817 Hujus
1206 3746 1313 3797 autem
1332 3729 1379 3796 rei

204 3866 300 3912 causa
322 3845 474 3910 instituta
492 3844 598 3910 fiterat
614 3846 694 3909 haec
714 3840 920 3926 disputatio,
953 3858 991 3909 ut
1010 3856 1180 3925 appareret
1202 3841 1380 3906 Lusitanos

205 3975 314 4036 mare,
339 3975 406 4038 quo
438 3956 479 4022 ad
508 3955 608 4020 Indos
630 3954 826 4037 navigatur,
851 3953 1005 4037 suijuris
1028 3971 1094 4018 non
1118 3951 1247 4017 fecisse.
1292 3949 1379 4015 Nam

205 4145 389 4154 ——.—-—-

239 4263 291 4312 ¹c.
315 4279 378 4324 quae
402 4264 452 4312 sint
476 4262 578 4324 regalia.
603 4262 629 4309 in
655 4261 756 4311 Feudis.
776 4262 816 4324 [F.
835 4275 858 4310 2.
878 4261 931 4322 on]
968 4258 1027 4307 ²V.
1048 4257 1161 4306 Balbum.
1180 4259 1211 4306 de
1227 4269 1337 4316 praescr.
1355 4269 1380 4316 4.

205 4365 276 4415 parte
299 4367 323 4402 et
345 4368 367 4410 5.
387 4367 450 4414 part.
466 4353 577 4415 princip.
591 4369 615 4414 q.
627 4355 650 4402 6.
665 4369 690 4402 n.
704 4368 728 4415 4.
763 4351 816 4402 ³d.
835 4357 851 4401 l.
870 4351 1025 4409 injuriarum.
1044 4354 1064 4408 ξ.
1084 4349 1105 4397 si
1124 4349 1181 4408 quis
1200 4361 1248 4395 me.
1266 4362 1304 4397 vs.
1317 4359 1379 4396 cou-

206 4445 316 4494 ductori.
342 4446 385 4506 [D.
409 4459 451 4506 47.
481 4460 518 4493 10.
540 4458 577 4502 13.
603 4445 639 4508 7.]
681 4445 692 4477 ⁴
717 4446 774 4506 θὶς.
798 4447 829 4492 de
854 4447 914 4493 loco
937 4443 1043 4503 publico
1069 4442 1188 4488 fruendo.
1216 4437 1260 4501 [D.
1279 4451 1320 4498 43.
1341 4438 1378 4498 9.]

206 4535 216 4565 r
234 4537 265 4584 ad
282 4537 306 4584 d.
324 4538 425 4595 locum,
444 4551 507 4595 quae
526 4537 576 4585 siut
594 4535 696 4595 regalia.

1204 4567 1250 4700 ,15
