3530 5656
774 643 935 686 PREFATIO·
1414 645 1445 686 lx

276 814 328 872 lari
349 812 542 887 contendant,
565 815 688 873 Batavos
709 825 811 873 contra
832 815 895 888 iure
916 815 1024 872 bellum
1044 813 1153 874 inferre
1175 815 1339 886 Lusitanis,
1360 816 1440 890 quod

276 917 319 976 illi
341 919 459 976 liberam
481 936 558 977 suam
580 919 792 992 navigationem
815 917 954 992 impedire
976 916 1121 976 studeant.

316 1022 428 1080 Ultima
457 1022 513 1079 tria
539 1038 612 1095 quae
633 1033 795 1094 sequuntur
815 1024 910 1095 capita
929 1019 1089 1080 ostendunt
1110 1021 1218 1079 bellum
1240 1022 1270 1080 in
1289 1023 1447 1081 Lusitanos

276 1137 305 1183 et
333 1124 548 1198 praedationem
573 1143 632 1183 non
663 1137 775 1184 tanturn
802 1125 905 1199 justam
934 1141 1010 1195 esse,
1038 1124 1085 1183 sed
1115 1125 1263 1182 honestam
1285 1136 1314 1182 et
1336 1126 1449 1184 utilem.

276 1229 337 1286 Vix
365 1246 438 1302 opus
458 1240 501 1286 est
518 1245 651 1297 monere,
679 1229 767 1302 ipsam
796 1246 909 1288 causam
928 1229 976 1286 bic
997 1229 1042 1302 agi
1061 1239 1092 1286 et
1122 1245 1217 1287 rerum
1240 1239 1346 1306 statum
1370 1229 1448 1286 illius

277 1333 415 1405 temporis
442 1330 577 1392 describi.
619 1333 699 1391 Haec
727 1349 792 1407 pars
817 1348 876 1392 non
904 1331 999 1405 magni
1027 1331 1165 1389 momenti
1193 1342 1250 1402 esta
1279 1329 1328 1388 sed
1354 1343 1448 1389 tamen

278 1446 399 1509 propter
426 1434 557 1496 vividum
587 1446 748 1509 temporum
777 1435 944 1508 imaginem,
966 1451 1053 1508 quarn
1076 1434 1159 1491 nobis
1182 1434 1210 1490 in
1232 1449 1265 1490 ea
1297 1434 1450 1507 proposuit

282 1550 401 1608 auctor,
422 1538 509 1597 bodie
527 1556 645 1613 quoque
667 1541 723 1613 legi
745 1550 882 1597 meretur.

319 1643 434 1700 Auctor
464 1642 710 1700 commentarium
738 1642 856 1715 scripsit
885 1641 978 1698 hieme
1007 1640 1075 1698 anni
1107 1640 1184 1712 1604
1210 1649 1240 1696 et
1261 1639 1360 1711 primis
1381 1640 1449 1696 anni

279 1747 425 1819 sequentis
447 1745 601 1804 mensibus.
631 1747 694 1819 Ipsa
715 1745 776 1819 eius
797 1745 886 1803 verba
908 1743 937 1802 id
960 1743 1120 1802 declarant.
1151 1742 1310 1800 Mauritius
1333 1741 1450 1800 Clusam

279 1861 396 1924 ceperat
424 1847 472 1907 die
501 1865 535 1906 αι
568 1849 672 1910 mensis
702 1849 847 1920 Augusti,
876 1864 953 1905 anno
985 1848 1072 1920 1604.
1113 1844 1146 1904 ld
1167 1862 1183 1902 a
1205 1845 1312 1903 Grotio
1342 1843 1451 1904 dicitur

279 1965 383 2027 „capta
404 1969 495 2026 nuper
518 1951 639 2012 Clusa''.
680 1951 763 2009 Nihil
786 1953 815 2009 in
838 1963 923 2010 textu
934 1951 1058 2009 mutavit
1068 1953 1115 2007 vel
1127 1947 1240 2007 addidit
1250 1960 1317 2022 post
1327 1965 1450 2006 mensem

280 2055 478 2116 Nouembrem
499 2057 566 2114 anni
592 2057 685 2126 1608,
704 2072 764 2128 quo
785 2067 915 2128 tempore
936 2064 1024 2126 caput
1038 2053 1101 2126 ejus
1112 2051 1314 2112 duodecimum
1325 2068 1451 2110 seorsum

280 2161 392 2234 vulgari
414 2160 508 2233 jussit.

321 2261 409 2322 Unde
439 2264 546 2324 factum
575 2263 629 2332 sit,
650 2275 684 2322 ut
704 2279 796 2335 opus,
818 2260 900 2335 quod
922 2261 1047 2334 scriptor
1068 2271 1163 2319 totum
1184 2260 1371 2328 absolvisset,
1392 2277 1451 2317 non

281 2365 434 2438 ederetur,
454 2366 541 2425 hodie
563 2383 616 2440 pro
638 2377 720 2424 certo
741 2363 837 2424 dicere
859 2381 917 2422 non
940 2380 1100 2438 possumus.
1132 2363 1269 2422 Fruinius
1290 2363 1451 2436 suspicatur

283 2471 436 2530 Societatis
464 2482 591 2528 rectores
618 2451 811 2537 intellexisse,
840 2467 972 2542 praedam
999 2468 1100 2526 melius
1120 2465 1263 2526 vindicari
1285 2467 1402 2524 silentio
1422 2477 1452 2524 et

281 2575 470 2649 possessionis
491 2574 673 2642 inhaesione,
694 2589 778 2645 quam
800 2573 920 2645 scripto,
952 2571 1056 2629 Codex
1068 2572 1154 2629 etiam
1165 2571 1195 2629 in
1207 2572 1314 2629 scrinio
1325 2570 1453 2644 jacebat,

282 2694 348 2736 curn
379 2689 508 2750 tempora
538 2677 708 2748 scriptorem
736 2678 906 2742 moverunt,
935 2685 969 2732 ut
999 2675 1151 2747 separatim
1171 2691 1261 2733 unum
1282 2674 1343 2748 ejus
1364 2684 1453 2747 caput

190 2812 192 2814 ·
283 2785 426 2854 vulgaret.
448 2783 515 2859 Quo
527 2780 650 2837 consilio
661 2778 691 2837 id
702 2776 826 2836 ediderit
837 2778 1139 2847 manifestumeloco,
1159 2793 1246 2849 quern
1258 2777 1452 2849 Visseringius

283 2885 389 2944 citavit
409 2902 446 2944 ex
467 2883 566 2942 Grotii
587 2883 679 2942 Maris
701 2882 785 2941 liberi
806 2881 974 2940 defensione
994 2879 1129 2939 adversus
1151 2878 1353 2947 Wclwodum,
1373 2879 1453 2951 quod

281 2992 453 3064 opusculum
485 2989 546 3063 ejus
585 2988 669 3046 simul
701 3003 768 3047 cum
801 2987 1009 3044 commentarii
1041 2984 1222 3058 autographo
1253 2983 1453 3042 Bibliothecae

283 3092 430 3168 Lugduno
451 3095 576 3151 Batavae
597 3103 704 3152 emtum
725 3103 778 3150 est.
819 3090 865 3148 Ibi
886 3092 1025 3163 leguntur
1046 3089 1134 3147 baec:

323 3299 406 3360 Ante
427 3318 516 3359 annos
536 3303 666 3372 aliquot,
686 3317 749 3357 curn
769 3298 895 3356 riderem
916 3299 1042 3370 ingentis
1063 3312 1119 3351 esse
1141 3297 1275 3352 momenti
1283 3293 1325 3350 ad
1327 3297 1453 3368 patriae

283 3411 470 3466 securitatem
498 3405 621 3475 Indiae,
648 3421 724 3476 quae
755 3402 915 3460 Orientalis
941 3401 1067 3469 dicitur,
1095 3402 1306 3466 commercium,
1337 3397 1369 3456 id
1386 3415 1452 3454 reru

283 3514 478 3568 commercium
499 3513 571 3566 satis
591 3519 751 3584 appareret
772 3505 973 3564 obsistentibus
988 3517 1044 3578 per
1064 3507 1122 3560 uim
1142 3514 1233 3574 atque
1253 3501 1371 3559 insidias
1394 3499 1452 3557 Lu·

283 3619 387 3673 sitanis
416 3619 475 3672 sine
503 3617 594 3671 armis
621 3616 747 3670 retineri
775 3628 828 3667 non
853 3622 949 3683 posse,
976 3621 1091 3682 operam
1117 3607 1184 3664 dedi
1211 3618 1246 3664 ut
1273 3605 1315 3662 ad
1342 3604 1452 3662 tuenda

281 3716 425 3792 fortiter,
446 3728 595 3789 quaeram
603 3713 737 3789 feliciter
747 3718 917 3788 coepissent,
939 3723 1099 3769 nostrorum
1109 3715 1218 3767 animos
1229 3707 1453 3783 inflammarem,

280 3826 428 3898 proposita
457 3821 490 3878 ob
520 3821 609 3878 oculos
636 3836 742 3876 causae
770 3821 857 3892 ipsius
882 3817 1006 3890 justitia
1027 3827 1056 3871 et
1077 3819 1248 3886 aequitate,
1279 3812 1353 3870 unde
1374 3815 1455 3868 nasci

284 3925 317 3981 τὸ
338 3923 442 3980 εὔελπι
461 3935 541 3980 recte
561 3940 581 3979 a
601 3924 748 3980 reteribus
768 3920 914 3978 traditum
932 3919 1145 3976 existimabam.
1165 3917 1266 3989 Igitur
1277 3927 1306 3972 et
1316 3919 1452 3972 universa

285 4031 355 4088 belli
369 4027 556 4104 praedaeque
570 4026 647 4100 jura
668 4037 698 4082 et
720 4022 871 4082 historiam
893 4039 1006 4092 eorum,
1027 4038 1102 4093 quae
1123 4019 1262 4076 Lusitani
1271 4030 1453 4090 saereatque

285 4133 441 4192 crudeliter
462 4135 492 4189 in
515 4143 622 4188 nostros
638 4140 873 4204 perpetrassent,
895 4129 1044 4197 multaque
1061 4125 1125 4182 alia
1136 4122 1178 4180 ad
1187 4120 1238 4187 boc
1248 4134 1453 4196 argumentum

281 4241 466 4312 pertinentia
497 4253 579 4293 eram
605 4245 773 4308 persecutus
799 4232 891 4306 amplo
923 4234 995 4287 satis
1023 4231 1240 4295 commentario,
1268 4245 1350 4299 quem
1371 4225 1453 4284 edere

286 4339 426 4398 hactenus
447 4339 599 4415 supersedi.
640 4337 687 4396 At
715 4355 778 4395 curn
794 4348 859 4411 past
879 4336 1032 4406 aliquanto
1053 4335 1092 4389 ab
1114 4330 1251 4406 Hispanis
1272 4344 1330 4405 spes
1350 4333 1453 4403 aliqua

284 4449 404 4517 patriae
424 4456 623 4503 ostentaretur
642 4447 723 4516 pacis
744 4454 798 4498 aut
816 4441 1016 4507 induciarum,
1039 4436 1087 4495 sed
1095 4438 1135 4494 ab
1146 4434 1242 4494 iisdem
1249 4437 1452 4508 postularetur
