3536 5692
531 668 576 712 nn
600 669 693 732 Junn
722 665 903 712 aurnuns.
930 666 1114 713 cnn.rr111.
1346 665 1408 726 279

239 833 270 884 ct
302 835 400 906 parta
431 821 635 907 reipublicae
669 819 932 903 satisfactionem
965 823 1125 905 accipere.
1174 819 1295 898 Neque
1328 836 1408 882 vero
1425 833 1484 931 rri‘
1493 835 1566 931 2331.

239 929 322 996 fides
355 931 548 1000 Hollandica
581 932 647 996 ulla
679 950 718 996 ex
747 945 839 1012 parte
868 929 1011 996 accusari
1032 943 1150 1012 potest.
1196 928 1292 994 Nihil
1322 928 1408 994 enim
1422 918 1501 1001 11t'p·
1512 919 1566 985 η’

239 1056 288 1108 est
307 1043 477 1109 Lusitanis
499 1042 631 1125 publice
651 1041 865 1124 promissum:
900 1041 963 1106 nisi
987 1040 1063 1122 quis
1093 1041 1157 1106 huc
1178 1040 1304 1104 trahere
1326 1038 1409 1105 velit
1422 1055 1565 1154 ligiam,

239 1152 415 1234 diplomata
442 1152 535 1218 liberi
558 1166 781 1232 commeatus,
806 1173 890 1233 quae
912 1151 1081 1218 Lusitanis
1103 1169 1254 1216 concessa
1278 1149 1409 1231 fuisse,
1435 1140 1441 1152 ’
1514 1141 1521 1154 ’
1560 1142 1567 1154 ’

239 1261 272 1327 in
306 1262 527 1328 testimonium
570 1262 774 1328 innocentiae
809 1263 1004 1329 Batavorum
1036 1262 1115 1328 alibi
1146 1259 1408 1328 memoravimus.

240 1372 306 1438 Sed
335 1373 390 1438 illa
412 1373 494 1440 nihil
522 1373 661 1455 amplius
685 1394 782 1455 quarn
807 1393 845 1439 ex
877 1372 960 1439 locis
992 1372 1169 1438 hostilibus
1204 1371 1237 1437 in
1269 1371 1410 1436 batavos

238 1483 445 1564 transeundi,
458 1502 652 1565 rursumque
665 1483 843 1568 emigrandi
855 1484 1019 1549 licentiam
1032 1483 1221 1568 indulgent:
1232 1503 1297 1549 non
1312 1482 1408 1548 etiam

239 1615 278 1658 ex
301 1594 383 1659 locis
406 1595 582 1660 hostilibus
606 1595 671 1660 alio
703 1594 823 1676 quovis
846 1595 1073 1674 commeandi,
1102 1597 1206 1660 multo
1238 1594 1347 1659 minus
1377 1593 1409 1656 in

239 1707 330 1770 locos
351 1705 511 1784 hostiles,
536 1705 779 1772 evidentissima
791 1706 940 1787 ratione,
965 1706 1043 1787 quia
1063 1720 1274 1771 mercaturam
1287 1704 1409 1770 civium

238 1835 372 1881 suorum
396 1815 619 1900 benignissimi
643 1815 791 1898 proceres
811 1818 991 1899 provehere
1020 1819 1223 1898 voluerunt,
1251 1836 1335 1897 quae
1360 1835 1411 1882 res

238 1926 333 1992 etiam
354 1925 477 1992 aerario
498 1927 727 2010 compendiosa
746 1943 818 2008 est,
841 1946 908 1992 non
932 1942 1040 1993 autern
1061 1927 1214 1994 hostibus
1231 1925 1428 2020 ditescendi*

238 2036 440 2102 occasionem
463 2051 648 2119 praestare,
683 2038 776 2119 quod
806 2038 886 2121 ipsis
920 2057 986 2104 non
1018 2039 1116 2104 modo
1147 2057 1214 2102 non
1244 2039 1410 2102 lucrosum

237 2167 351 2214 verum
368 2147 464 2212 etiarn
476 2147 700 2229 periculosum
722 2148 819 2214 foret.
855 2149 1076 2214 Notissimum
1099 2163 1206 2213 autem
1228 2162 1277 2212 est
1298 2127 1410 2230 quam-

238 2278 336 2340 quam
371 2257 539 2324 beneficiis
568 2258 713 2340 publicis
747 2259 970 2325 liberalissima
994 2258 1192 2324 concedatur
1223 2257 1411 2340 interpreta-

238 2370 286 2436 tio
311 2372 342 2449 ¹,
365 2369 399 2434 id
421 2383 529 2434 tamen
553 2371 660 2434 locum
687 2389 752 2436 non
781 2371 900 2434 habere
930 2368 962 2435 in
983 2368 1166 2452 privilegiis
1192 2382 1224 2433 et
1245 2368 1410 2450 dispensa·

239 2479 410 2561 tionibus,
436 2498 517 2560 quas
538 2479 691 2545 dicimus.
739 2480 823 2546 Istae
856 2481 940 2545 enim
973 2478 1138 2546 communi
1163 2479 1230 2562 juri
1259 2500 1334 2544 curn
1362 2499 1411 2543 re-

238 2605 386 2674 pugnent
407 2590 448 2654 ad
468 2590 720 2671 consequentias
737 2592 911 2657 trahendae
935 2611 1001 2656 non
1024 2605 1119 2656 sunt:
1143 2606 1181 2656 ut
1201 2592 1266 2675 jam
1287 2606 1409 2656 taceam

239 2701 272 2766 in
295 2701 368 2768 aliis
388 2701 482 2767 etiam
506 2700 693 2779 beneficiis,
716 2701 902 2782 pracsertim
927 2722 1010 2782 quae
1032 2703 1072 2767 ad
1090 2701 1192 2784 partis
1213 2701 1408 2768 desiderium

239 2830 393 2878 concessa
417 2827 521 2891 sunt,
554 2810 580 2878 si
603 2811 685 2892 quid
716 2831 839 2876 novum
862 2826 963 2893 atque
984 2812 1176 2877 inusitatum
1197 2812 1408 2891 contineant,

238 2922 412 3005 praecipue
435 2942 514 2989 vero
543 2922 570 2986 si
604 2922 685 3003 quid
718 2922 861 3004 publicis
883 2922 1084 2988 utilitatibus
1106 2922 1324 3002 insidiosum,
1359 2942 1408 2988 se·

239 3033 406 3114 quendum
430 3052 498 3100 esse
521 3052 651 3099 sensum
671 3033 850 3116 parciorem
871 3030 897 3098 ².
928 3033 1030 3120 Quod
1062 3033 1168 3115 ipsum
1193 3049 1317 3115 quanto
1341 3053 1409 3098 cer-

239 3142 305 3210 tius
329 3143 389 3208 erit
409 3143 442 3208 in
466 3143 642 3224 hostibus,
676 3164 817 3225 quorum
849 3164 1005 3227 personae
1028 3143 1160 3208 minime
1184 3158 1261 3209 sunt
1284 3143 1410 3210 favora-

239 3254 342 3334 biles,
367 3253 553 3336 etquidem
588 3254 643 3320 ubi
666 3255 749 3320 ratio
783 3275 850 3321 non
871 3256 969 3321 modo
991 3255 1142 3332 diversa,
1174 3255 1288 3320 ver'um
1313 3254 1409 3320 etiam

239 3364 401 3430 contraria
420 3364 494 3430 est?
539 3364 589 3430 Ut
616 3366 687 3449 jam.
713 3379 834 3432 taceam
864 3366 989 3432 etiamsi
1021 3365 1214 3432 beneficium
1236 3367 1410 3447 hucusque

239 3475 361 3558 porrigi
384 3489 519 3557 posset,
542 3489 650 3541 tamen
672 3469 863 3558 quicunque
883 3476 968 3542 facta
992 3477 1225 3544 Lusitanorum
1247 3492 1321 3560 post
1333 3495 1410 3541 con-

239 3585 419 3651 cessionem
441 3585 579 3668 legerit,
604 3586 735 3650 minime
770 3586 994 3652 dubitaturum
1021 3587 1100 3668 quin
1125 3607 1160 3652 se
1191 3587 1342 3652 Lusitani
1371 3607 1409 3652 eo

240 3695 393 3779 indignos
423 3695 634 3761 reddiderint.
693 3696 806 3769 Finem
839 3712 945 3763 autem
980 3710 1050 3762 turn
1084 3698 1172 3762 bello
1206 3698 1408 3776 universim,
1450 3719 1567 3784 aaroni.

238 3819 307 3870 tum
331 3804 462 3887 proprie
493 3805 526 3868 in
558 3806 738 3872 Lusitanos
761 3808 950 3899 nonalium
974 3807 1037 3872 sibi
1060 3807 1165 3873 videri
1188 3823 1328 3888 possunt
1348 3777 1566 3871 Or-im'“'”⁶'

238 3916 330 3982 dines
351 3914 584 3997 proposuisse,
612 3937 708 3997 quam
733 3917 997 3982 consecutionem
1018 3915 1125 4000 juris,
1150 3917 1241 3998 quod
1269 3933 1325 3981 aut
1345 3917 1409 3981 rei-

238 4027 388 4110 publicae
410 4041 466 4091 aut
497 4025 628 4091 civibus
649 4026 811 4107 debetur,
831 4042 868 4093 ut
897 4026 1031 4109 fatigata
1064 4027 1239 4109 aliquando
1263 4027 1407 4092 hostium

238 4137 360 4202 malitia
384 4157 447 4218 pax
469 4156 505 4200 ea
528 4134 695 4218 pariatur,
719 4158 802 4218 quae
834 4137 916 4202 nihil
947 4137 1098 4202 habitura
1129 4137 1171 4202 sit
1194 4137 1408 4221 insidiarum,

240 4303 435 4313 ——-—-—---——-

271 4395 279 4427 ¹
297 4397 348 4457 Jas.
363 4396 389 4444 in
408 4398 425 4444 l.
441 4393 594 4444 beneficium
612 4394 638 4443 ff.
658 4395 690 4444 de
708 4406 790 4444 const.
807 4395 890 4444 Princ.
909 4395 955 4456 (D.
975 4409 983 4443 1
1014 4409 1038 4456 4.
1058 4397 1095 4458 3.)
1115 4410 1140 4444 n.
1160 4407 1198 4454 33.
1217 4408 1242 4444 et
1261 4409 1302 4453 37.
1328 4394 1338 4428 ²
1358 4399 1408 4459 Jas.

237 4485 274 4533 ibi
291 4499 316 4535 n.
331 4499 371 4543 aa.
