3530 5656
390 661 430 723 32
691 661 738 709 ott
762 659 856 730 Just
881 661 1068 711 aaaron.
1093 662 1176 712 CAP.
1201 662 1258 710 111.

386 925 433 992 rei
456 926 618 994 evidentia
638 942 727 1012 patet
749 930 871 994 multos
886 947 955 996 esse
974 927 1124 997 homines
1139 927 1384 1014 sanguinarios,
1408 950 1559 1014 rapaces,

387 1036 540 1122 iniquos,
563 1039 749 1124 maleficos,
771 1039 894 1124 patriae
908 1039 1092 1124 proditores
1106 1039 1299 1124 imperiique
1313 1041 1558 1122 detrectatores,

386 1164 420 1215 et
443 1151 504 1216 hos
531 1150 663 1234 quidem
687 1151 814 1220 validos
838 1166 938 1234 atque
960 1167 1121 1234 armatos,
1144 1151 1203 1236 qui
1227 1166 1265 1218 ut
1287 1156 1338 1217 rei
1360 1156 1419 1240 agi
1432 1157 1559 1239 possint

386 1283 463 1328 aare
480 1263 634 1330 vincendi
652 1279 753 1347 sunt,
778 1279 815 1330 ut
831 1263 969 1332 Tacitus
984 1264 1144 1348 loquitur.
1176 1264 1343 1352 Quaedam
1360 1264 1460 1350 igitur
1474 1266 1559 1331 bella

385 1375 459 1440 vult
478 1375 594 1457 Deus,
617 1375 687 1444 sive
707 1391 744 1442 ut
768 1378 952 1460 loquuntur
976 1376 1123 1462 theologi
1140 1378 1173 1458 ¹,
1200 1377 1286 1443 bella
1308 1377 1464 1459 quaedam
1484 1397 1556 1444 cum

385 1486 473 1553 bono
491 1487 612 1570 placito
629 1487 693 1553 Dei
713 1503 913 1558 exercentur.
958 1487 1134 1572 Quidquid
1152 1502 1258 1555 autem
1276 1488 1368 1556 Deus
1394 1488 1439 1554 ita
1461 1491 1556 1569 vult,

385 1596 420 1662 id
442 1600 567 1683 justum
593 1619 663 1666 esse
686 1619 780 1666 nemo
807 1600 947 1686 negabit
992 1599 1035 1666 Et
1056 1599 1140 1666 bella
1164 1598 1265 1685 igitur
1288 1601 1445 1683 quaedam
1470 1601 1557 1686 Justa

384 1723 462 1774 sunt
477 1714 511 1790 ¹,
534 1708 604 1777 sive
620 1710 739 1778 bellare
756 1710 882 1778 licitnm
900 1727 960 1780 est.
1006 1711 1076 1778 Nec
1100 1726 1149 1780 est
1170 1712 1261 1794 quod
1276 1727 1389 1778 contra
1406 1713 1486 1778 haec
1503 1713 1557 1778 vel

385 1819 418 1886 in
444 1820 582 1904 speciem
607 1821 671 1889 dici
694 1823 812 1906 possit.
859 1823 943 1890 Nam
970 1823 1028 1908 qui
1052 1825 1137 1890 bella
1155 1824 1357 1890 detestantur
1371 1837 1428 1890 aut
1444 1843 1556 1890 causas

384 1930 585 2000 detestantur
603 1949 660 2000 aut
674 1933 820 2002 effectus.
866 1935 905 2001 In
922 1955 1034 2003 causas
1056 1950 1094 2002 ut
1113 1933 1345 2016 ambitionem,
1368 1933 1575 2019 avaritiam„

384 2043 578 2138 discordiam
601 2049 704 2114 multa
725 2067 742 2113 a
765 2046 929 2134 theologis
951 2061 984 2114 et
999 2045 1207 2131 philosophis
1223 2065 1332 2114 severe
1356 2046 1441 2112 dicta
1458 2061 1555 2127 sunt,

383 2156 442 2238 qui
456 2175 533 2224 sane
551 2157 627 2225 dum
650 2157 771 2244 injusta
790 2158 875 2224 bella
891 2173 1066 2240 accusant,
1091 2157 1200 2240 aliqua
1215 2157 1304 2243 justa
1321 2177 1391 2226 esse
1411 2175 1477 2224 non
1499 2177 1555 2223 ne-

382 2283 468 2353 gant.
513 2271 558 2334 At
574 2269 633 2352 qui
649 2270 771 2336 bellum
787 2271 940 2338 damnant
956 2292 995 2337 ex
1010 2269 1180 2337 effectibus
1198 2288 1237 2336 eo
1256 2289 1362 2336 errore
1378 2270 1553 2351 labuntur,

381 2379 439 2462 qui
464 2379 599 2447 nimium
625 2380 779 2466 frequens
806 2397 876 2464 est,
900 2383 958 2448 ubi
978 2402 1045 2449 non
1061 2381 1274 2467 distinguitur
1290 2386 1323 2451 τὸ
1346 2385 1480 2451 aal'adrl
1504 2384 1553 2451 aar

378 2497 412 2562 ri
433 2498 513 2562 moi
529 2496 728 2576 συμβεβηκός,
744 2492 783 2560 td
798 2493 887 2580 quod
903 2497 1062 2560 nimirum
1076 2509 1140 2580 prr
1159 2514 1190 2559 se
1208 2506 1255 2558 ast
1274 2505 1305 2558 ct
1321 2491 1410 2580 quod
1417 2491 1554 2558 aliunde

380 2602 517 2669 accidit.
563 2603 647 2671 Nam
670 2619 793 2690 strages
811 2623 886 2672 sane
911 2621 942 2672 et
966 2606 1082 2672 damrm
1103 2604 1255 2671 accidunt
1276 2603 1437 2670 interdum
1463 2604 1551 2670 bello

379 2714 473 2781 etiam
499 2715 538 2781 ab
564 2736 598 2782 ea
624 2731 735 2800 parte,
761 2737 827 2800 qua
852 2719 978 2804 justum
1003 2732 1061 2784 est.
1106 2715 1201 2782 Nihil
1218 2731 1324 2782 tamen
1338 2717 1402 2781 hoc
1417 2717 1549 2794 obstat,

377 2847 452 2892 curn
477 2828 632 2896 bellantes
654 2843 740 2895 recta
765 2827 891 2895 ratione
915 2829 1117 2912 propositam
1135 2827 1197 2894 sibi
1214 2829 1355 2894 habeant
1368 2826 1456 2894 vitae
1473 2847 1552 2893 suae

377 2958 550 3021 rerumque
571 2960 703 3006 suarum
726 2940 1017 3008 conservationem.
1062 2940 1218 3006 Actiones
1244 2953 1352 3005 autern
1376 2958 1488 3005 omnes
1513 2937 1553 3004 ab

377 3069 416 3114 eo
436 3050 527 3132 quod
547 3071 605 3134 per
625 3071 660 3116 se
680 3049 787 3133 inest,
812 3072 877 3118 non
899 3053 939 3118 ab
961 3072 1000 3119 eo
1021 3052 1112 3134 quod
1128 3049 1210 3118 foris
1229 3050 1355 3116 accedit
1371 3048 1553 3134 dijudican-

376 3161 434 3226 dae
451 3176 540 3229 sunt.
588 3163 783 3250 Numquam
807 3185 954 3229 successu
976 3167 1095 3230 crescit
1115 3166 1315 3230 honestum&
1359 3161 1473 3243 Itaque
1494 3181 1553 3228 nec

375 3292 528 3341 successu
547 3275 776 3359 corrumpitur.
823 3275 897 3341 Hoc
918 3289 984 3357 est,
1012 3295 1149 3358 eaquae
1168 3295 1186 3340 a
1202 3273 1324 3341 virtute
1339 3271 1552 3356 proficiscun-
1636 3319 1639 3326 -

375 3398 430 3450 tur
446 3386 652 3470 susceptione
669 3386 785 3471 prima,
803 3406 869 3452 non
885 3386 1087 3470 perfectione
1107 3401 1194 3452 recta
1209 3384 1383 3472 judicanda
1393 3399 1491 3466 sunt,
1515 3399 1552 3450 ut

377 3495 480 3562 Stoici
506 3497 583 3565 satis
607 3512 694 3564 recte
724 3497 884 3564 docebant
898 3495 923 3565 ⁴.
969 3498 1177 3585 Quamquam
1201 3496 1229 3562 si
1251 3496 1285 3563 id
1303 3496 1395 3578 quod
1409 3497 1550 3579 plerum-

285 3598 288 3604 ’
377 3629 442 3692 que
468 3609 586 3675 accidit
608 3608 819 3693 respicimus,
842 3629 982 3676 asserere
1006 3609 1118 3676 licebit
1140 3609 1245 3675 solere
1266 3609 1375 3675 Deum
1396 3604 1550 3675 fortunae

377 3719 511 3787 bellicae
535 3721 580 3787 ita
602 3720 763 3804 judicium
787 3741 883 3788 suurn
908 3720 1133 3806 interponere,
1158 3735 1195 3788 ut
1218 3738 1284 3787 non
1306 3740 1378 3786 raro
1394 3719 1481 3786 unde
1496 3720 1550 3804 jus

217 3849 365 3896 osanam
376 3832 487 3914 stetit,
505 3832 580 3898 inde
597 3848 735 3901 eventus
752 3833 856 3900 cadat.
885 3833 988 3920 Quod
1001 3848 1109 3900 autem
1123 3831 1274 3899 nonnulli
1291 3831 1454 3899 somniant
1472 3829 1549 3896 olim

214 3905 364 4058 iiififlfiirf
377 3944 509 4028 quidem
535 3944 666 4012 licuisse
690 3945 811 4012 bellum
840 3965 973 4034 gerere,
1001 3959 1035 4010 at
1055 3959 1132 4028 post
1153 3943 1279 4011 Christi
1311 3941 1549 4010 institutionem

214 4021 262 4111 iii.
282 4013 316 4059 1'
340 4025 365 4061 ‘¹
377 4057 462 4123 idem
486 4077 552 4124 non
578 4057 696 4138 licere,
728 4070 786 4122 aut
815 4071 902 4122 certe
925 4055 1009 4121 inter
1034 4055 1240 4122 Christianos
1263 4074 1330 4122 non
1346 4053 1464 4135 licere,
1487 4055 1550 4120 hoc

376 4169 404 4236 si
431 4169 475 4235 ita
495 4168 734 4254 intelligerent,
753 4167 787 4234 in
807 4169 895 4234 bello
912 4167 1046 4235 alterius
1061 4187 1188 4252 semper
1203 4165 1304 4250 partis
1321 4165 1463 4249 aliquam
1481 4186 1550 4232 esse

375 4283 502 4364 culpam
522 4280 687 4366 indignam
706 4279 898 4348 Christiano
917 4279 1069 4361 nomine,
1092 4279 1199 4347 fuerat
1223 4279 1442 4345 tolerandum:
1463 4297 1549 4344 nunc

388 813 432 881 ita
444 814 527 900 justi
545 830 644 899 atque
661 814 775 903 injusti
792 835 901 902 pugna
920 817 1078 900 quaedam
1095 815 1189 900 quasi
1204 815 1360 884 naturalis
1376 833 1426 886 est
1446 833 1478 884 et
1492 818 1561 902 ipsa

1756 1001 1757 1054 l

408 4489 420 4554 ¹·
434 4493 564 4542 Pantheol.
590 4490 665 4542 Rain.
688 4489 738 4540 Pis.
764 4490 791 4540 in
814 4505 840 4540 v.
857 4491 963 4541 Bellum.
981 4504 1006 4539 c.
1022 4504 1046 4540 a.
1078 4486 1090 4523 ¹
1107 4503 1140 4540 ex
1156 4503 1208 4551 reg.
1227 4502 1249 4539 ι.
1282 4487 1403 4540 'Lucam
1420 4489 1516 4552 [Phars.
1532 4493 1549 4539 l.

374 4583 542 4645 9.vs.s71.]
577 4580 662 4632 ⁴cic.
679 4583 711 4632 de
725 4580 770 4632 tin.
789 4579 819 4647 [1.
838 4594 861 4641 a.
893 4582 1041 4646 .9.§aa]
