3552 5654
364 638 403 700 86
652 655 699 702 ou
722 655 815 722 June
841 654 1025 705 rotrone.
1050 656 1132 705 car.
1158 654 1240 702 vus.

362 821 432 871 tum
455 807 563 889 ultio,
593 821 625 874 ct
646 829 668 874 c
694 810 895 876 contumelia
926 831 990 876 nou
1017 811 1158 877 muitum
1180 806 1298 896 differt
1318 810 1385 872 nisi
1404 805 1529 872 ordine.

364 913 431 1000 Qui
448 916 591 984 dolorem
611 923 737 1006 regerit
756 933 890 986 tanturn
910 927 1102 988 excusatius
1119 933 1246 1008 peccat.
1293 917 1454 1006 Quaeque
1470 917 1531 984 alia

361 1042 393 1093 et
417 1027 608 1112 philosophi
627 1025 637 1064 ¹
657 1045 689 1096 et
709 1029 889 1098 Christiani
902 1028 913 1065 ¹
928 1048 1040 1100 contra
1060 1032 1218 1099 ultionem
1239 1029 1350 1096 dixere
1371 1029 1437 1094 huc
1459 1047 1531 1111 per-

361 1139 478 1205 tinent.
524 1139 622 1206 Unde
652 1139 772 1208 dicitur
800 1140 1007 1228 Quintiliano
1028 1144 1040 1180 ⁸
1061 1145 1213 1229 injuriae
1232 1141 1449 1227 compensatio
1468 1159 1532 1203 non

361 1251 463 1316 solum
478 1251 560 1335 jusi
582 1253 721 1317 inimica
742 1251 799 1318 scd
813 1256 905 1339 paci.
950 1253 1016 1319 Est
1039 1257 1125 1320 cuim
1149 1253 1226 1333 lccc,
1242 1251 1381 1337 forum,
1398 1248 1531 1336 judex:

360 1364 427 1426 nisi
456 1381 549 1446 quem
572 1362 656 1445 jure
676 1361 850 1430 uindicari
864 1363 980 1449 pudet.
1025 1365 1114 1431 Idem
1137 1363 1264 1430 scilicet
1292 1361 1347 1427 hie
1372 1359 1532 1437 traditur,

360 1473 451 1554 quod
468 1487 500 1538 et
518 1473 659 1538 Romani
685 1473 894 1557 Imperatoris
922 1475 1080 1558 rescripto
1103 1482 1115 1519 ⁴
1136 1473 1348 1553 continetur,
1381 1474 1533 1537 etiamsi

359 1581 484 1668 aliquis
505 1583 680 1649 sceleribus
702 1586 747 1649 sit
774 1586 980 1671 implicitus,
1000 1586 1125 1652 idcirco
1148 1583 1357 1669 judiciorum
1386 1585 1533 1668 uigorem

351 1694 511 1779 jurisque
531 1694 663 1780 publici
695 1696 836 1762 tutelam
859 1699 896 1761 in
915 1696 1018 1763 medio
1039 1716 1104 1762 esse
1122 1699 1364 1774 constitutum,
1385 1715 1424 1758 ne
1442 1695 1532 1776 quis·

359 1825 460 1890 quom
483 1806 547 1871 sibi
571 1807 636 1891 ipsi
649 1809 847 1891 pcrmittcre
866 1807 995 1875 soleret
1016 1806 1184 1873 ultionem.
1217 1805 1264 1872 Et
1282 1802 1531 1869 Theodericus⁵

360 1916 393 1980 in
416 1915 559 1982 eamdem
582 1916 895 1982 sententiamzHinc
913 1916 1068 2003 estquod
1085 1916 1192 2006 legum
1211 1928 1346 2002 seperta
1366 1927 1413 1978 cst
1433 1932 1532 1978 socru

360 2031 573 2107 reuerentia,
604 2039 642 2092 ut
672 2027 762 2092 nihii
779 2049 904 2110 mauu,
935 2029 1025 2094 nihil
1035 2011 1176 2115 proprio
1200 2039 1362 2114 ageretur
1377 2023 1534 2110 impulsu.

360 2136 406 2202 Et
424 2151 531 2202 tamen
552 2150 694 2219 quatuor
710 2138 824 2206 iisdem
844 2159 884 2204 ex
905 2137 1034 2216 causis,
1047 2157 1129 2220 quas
1149 2157 1237 2203 nunc
1253 2135 1443 2220 attigimus,
1464 2135 1534 2201 bel·

359 2249 427 2313 lum
445 2247 522 2314 oriri
538 2248 683 2332 justum,
706 2249 797 2332 quod
817 2264 924 2316 tamen
944 2250 1107 2334 privatum
1128 2249 1190 2331 sit,
1208 2249 1274 2334 jam
1290 2249 1391 2334 ‘ante‘
1407 2244 1534 2312 anobis

360 2360 616 2425 demonstratum
647 2375 705 2426 est.
752 2359 894 2444 Oportet
922 2359 1024 2445 igitur
1051 2362 1155 2446 legem
1182 2377 1300 2426 nonam
1323 2373 1356 2424 et
1378 2356 1534 2424 duodeci·

349 2489 443 2535 mam
465 2489 589 2536 cessare
610 2469 772 2537 interdum
796 2485 852 2536 aut
864 2471 976 2554 potius
987 2471 1101 2555 sopiri.
1121 2469 1213 2538 Facit
1230 2484 1338 2536 autem
1359 2470 1422 2534 hoc
1439 2469 1534 2554 juxta

360 2580 442 2664 legis
469 2579 610 2646 decimae
630 2581 743 2646 tertiae
771 2600 916 2648 normam
938 2582 1136 2663 necessitas,
1155 2581 1335 2648 secundum
1357 2582 1443 2665 leges
1464 2579 1534 2664 dig·

361 2692 486 2758 niores:
517 2711 600 2774 quae
628 2705 698 2758 tum
726 2711 796 2759 esse
819 2691 1014 2777 intelligitur
1037 2713 1111 2759 cum
1131 2693 1172 2759 td
1192 2691 1457 2772 consequendum
1478 2690 1534 2774 jus

362 2818 508 2871 nostrum
528 2801 653 2888 judicia
675 2802 843 2870 deficiunt.
889 2804 1061 2890 Quatenus
1083 2802 1167 2869 enim
1189 2802 1251 2870 ista
1271 2800 1430 2868 deficiunt
1450 2815 1534 2867 eate-

300 2931 350 2979 eos.
362 2932 425 2982 nus
447 2916 519 2994 vis,
540 2915 604 2980 hoe
635 2928 684 2979 est
705 2914 832 2996 privata
859 2915 1038 2982 secundum
1068 2929 1214 2980 naturam
1238 2913 1424 2987 crescentie,
1446 2913 1535 2997 Justa

364 3041 414 3091 est
430 3024 455 3091 ⁷.
502 3025 709 3106 Simulatque
731 3045 809 3091 vero
830 3025 942 3091 haberi
964 3040 1120 3109 possunt,
1141 3039 1179 3090 ut
1204 3026 1246 3091 ad
1260 3026 1347 3109 leges
1370 3022 1534 3102 diximus,

232 3156 301 3202 rocoa
315 3136 473 3221 Ι1101111111
492 3137 566 3220 jura
587 3135 707 3218 pariter
730 3135 930 3203 observanda
950 3151 1040 3203 sunt.
1085 3136 1278 3204 Notandum
1305 3155 1388 3202 uero
1409 3149 1459 3201 est
1478 3134 1534 3201 de·

232 3212 340 3315 ‘mim‘
364 3246 488 3313 fectum
508 3246 626 3330 judicii
657 3246 819 3313 interdum
849 3262 1133 3330 momentaneum,
1157 3246 1318 3314 interdum
1341 3245 1434 3328 quasi
1456 3263 1534 3311 con-

364 3358 492 3425 tinuum
514 3379 583 3424 esse
596 3359 620 3424 ⁸.
665 3359 918 3425 Momentaneus
947 3374 996 3425 est
1014 3378 1088 3426 cum
1122 3360 1214 3426 salvo
1242 3359 1315 3441 iure
1344 3372 1457 3424 nostro
1483 3375 1535 3422 res

365 3491 432 3535 eam
456 3469 645 3536 dilationem
668 3489 734 3537 non
754 3471 902 3554 patitur,
922 3491 1007 3552 quae
1030 3470 1071 3536 ad
1089 3467 1249 3554 Judieium
1262 3464 1533 3535 necessariaest'.

363 3581 508 3648 Primum
539 3581 639 3665 igitur
669 3601 707 3648 eo
737 3602 815 3648 casu
840 3583 881 3647 ad
910 3580 1133 3648 defensionem
1166 3595 1332 3657 nostram,
1356 3594 1393 3646 ut
1415 3577 1535 3644 Baldus

365 3692 449 3759 dixit
466 3691 514 3774 ¹⁰,
534 3706 660 3784 tantum
690 3691 788 3774 licet,
813 3706 971 3775 quantum
1002 3692 1141 3775 expedit.
1187 3692 1285 3758 Vitae
1312 3689 1397 3756 enim
1420 3688 1534 3755 discri-

366 3884 560 3898 -ι-ι--ιι-

397 3999 494 4050 1Ρὶειιο
514 4001 576 4049 Crit.
598 4001 636 4062 [p.
656 4012 697 4062 49.
718 4000 758 4062 b.]
781 4000 881 4048 Arrian.
900 3999 986 4060 Epict.
1000 4001 1018 4048 1.
1038 4013 1062 4048 o.
1074 4011 1100 4050 c.
1119 4011 1157 4047 10.
1191 3995 1202 4030 ²
1218 3994 1535 4046 Lactant.1nstit.l.6.c.

366 4095 406 4142 18.
437 4091 577 4141 ³Declam.
598 4093 635 4149 1⁴3.
658 4091 748 4152 [Lugd.
769 4093 823 4139 But.
842 4092 914 4146 1665.
936 4105 962 4150 p.
982 4104 1037 4152 190.
1052 4089 1131 4152 med]
1166 4087 1211 4137 ⁴1.
1227 4091 1311 4138 nullus
1330 4089 1360 4136 C.
1378 4088 1409 4136 de
1424 4086 1534 4150 Judaeis.
1598 4071 1603 4078 ’

363 4183 407 4244 [C.
424 4196 444 4229 1.
461 4197 484 4244 9.
503 4182 554 4244 14]
573 4183 647 4230 Adde
664 4183 681 4228 l.
697 4194 718 4237 s.
736 4181 761 4229 ff.
778 4183 841 4231 adl.
859 4182 946 4242 Aquil.
965 4180 1008 4243 [D.
1023 4195 1047 4243 9.
1063 4180 1099 4242 1.]
1121 4191 1145 4228 et
1162 4182 1179 4228 l.
1196 4181 1242 4229 ult.
1261 4180 1290 4228 c.
1307 4181 1339 4227 de
1359 4176 1464 4226 malefic.
1491 4177 1534 4239 [C.

362 4274 494 4335 9.18.9.]
530 4271 674 4320 ⁵Cassiod.
692 4272 750 4320 Var.
768 4274 785 4319 l.
800 4285 824 4332 4.
843 4285 885 4331 ep.
905 4285 943 4320 10.
975 4271 1050 4320 61111.
1069 4285 1090 4320 1.
1108 4285 1133 4331 q.
1154 4270 1178 4318 6.
1213 4267 1306 4318 ²Burt.
1324 4270 1355 4318 de
1375 4281 1482 4328 repress.
1503 4269 1553 4316 ad.

363 4377 414 4411 sec.
428 4377 452 4411 n.
467 4363 490 4410 ό.
501 4361 580 4418 Caiet.
595 4364 626 4410 ed
642 4364 732 4410 Summ.
746 4363 836 4410 Thom.
849 4375 872 4410 2.
889 4376 911 4409 2.
927 4375 952 4421 q.
968 4362 1011 4410 66.
1025 4373 1069 4409 art.
1086 4364 1108 4410 B.
1124 4361 1177 4419 ibi,
1191 4373 1223 4410 ex
1237 4360 1313 4409 dictis
1328 4371 1410 4409 autem
1423 4370 1501 4419 patet.
1513 4360 1534 4408 'l.

362 4456 501 4512 quemadm.
519 4458 540 4511 5.
559 4467 580 4501 1.
593 4452 619 4500 ff.
635 4454 666 4500 ed
681 4453 697 4499 l.
716 4452 802 4512 nquit.
819 4453 862 4513 [D.
877 4467 901 4515 9.
916 4467 938 4502 2.
953 4451 1004 4515 sd]
1041 4453 1052 4484 ⁸
1070 4453 1138 4500 Bald.
1153 4454 1213 4500 adl.
1233 4466 1254 4499 1.
1273 4453 1302 4498 C.
1319 4452 1386 4499 unde
1402 4450 1429 4498 vi
1449 4451 1492 4511 [C.
1511 4453 1533 4498 8.

363 4544 399 4604 4.]
413 4543 521 4592 maxime
535 4556 559 4590 n.
574 4546 613 4600 38.
627 4554 652 4590 et
668 4556 710 4602 40.
735 4541 746 4574 ⁹
764 4515 824 4592 silv.
840 4543 866 4591 in
883 4560 908 4592 v.
919 4546 1025 4593 Bellum.
1042 4557 1067 4591 n.
1082 4555 1106 4600 ³·
1120 4542 1246 4604 ibi,unde
1257 4542 1325 4591 dico.
1344 4540 1365 4574 ¹⁰
1382 4542 1409 4589 in
1419 4543 1443 4590 d.
1452 4543 1501 4601 leg.
1513 4554 1535 4589 1.
