3546 5654
374 670 436 733 174
687 671 733 717 DE
757 671 852 737 JURE
878 669 1061 718 PRAEDAE.
1087 670 1169 718 CAP.
1192 672 1241 720 xl.

370 824 449 889 olim
470 823 592 891 Veneti
621 845 696 892 cum
720 823 832 892 Indiae
853 823 985 908 populis
1008 839 1170 891 mercatus
1190 829 1429 894 exercuerunt?
1454 830 1547 917 Quid

370 935 463 1016 quod
491 955 579 1002 nunc
610 935 706 1002 etiam
737 937 836 1002 altera
858 949 1006 1017 exparte
1030 935 1183 1016 Arabes,
1207 957 1247 1003 ex
1270 940 1369 1008 altera
1393 939 1548 1008 Sinenses

369 1045 411 1112 ad
428 1046 570 1112 eamdem
591 1045 845 1131 negotiationem
866 1047 1092 1114 concurrunt?
1116 1049 1338 1116 Audebuntne
1356 1050 1463 1116 adhuc
1476 1051 1546 1118 Lu-

369 1157 466 1224 sitani
489 1159 563 1243 ejus
586 1173 709 1241 partem
734 1157 806 1224 aliis
827 1177 971 1241 negare,
995 1157 1088 1238 quod
1110 1157 1174 1240 ipsi
1196 1173 1303 1226 totum
1324 1179 1383 1226 nec
1405 1161 1544 1245 habeut,

370 1289 430 1334 nec
461 1270 580 1335 babere
600 1267 764 1351 possunt?
785 1267 857 1354 Jam
879 1287 957 1335 vero
983 1283 1015 1334 et
1037 1268 1121 1338 illud
1141 1269 1289 1350 accedit,
1314 1272 1406 1352 quod
1422 1275 1544 1340 multae

368 1378 442 1446 istis
464 1379 666 1464 temporibus
689 1380 845 1446 ludorum
864 1378 1014 1446 nationes
1036 1379 1274 1450 Lusitanorum
1296 1401 1362 1446 uon
1387 1403 1545 1452 commer-

368 1490 417 1557 cia
448 1505 600 1572 tantum,
625 1491 683 1558 sed
705 1505 893 1556 contactum
918 1489 1014 1556 ctiam
1038 1505 1274 1574 aspectumque
1297 1494 1542 1562 aversabantur.

367 1601 448 1667 Non
475 1601 561 1668 enim
592 1601 659 1667 illic
691 1616 731 1668 ut
758 1616 955 1667 mercatores
985 1601 1210 1684 aspiciuntur,
1243 1602 1301 1672 sed
1329 1619 1366 1668 ut
1399 1620 1544 1687 raptores

367 1712 489 1792 alieni,
524 1731 736 1796 oppressores
765 1713 926 1779 humanae
958 1711 1141 1793 libertatis,
1175 1732 1241 1779 non
1274 1713 1409 1780 avaritia
1432 1715 1541 1782 minus

368 1843 465 1905 quam
486 1823 674 1890 dominandi
698 1823 854 1906 cupidine
879 1823 1069 1906 flagrantes:
1095 1823 1139 1888 ita
1162 1837 1201 1890 ut
1221 1823 1288 1890 illis
1299 1843 1394 1890 nemo
1407 1839 1540 1906 utatur,

367 1933 431 2002 nisi
452 1949 616 2016 quatenus
638 1954 746 2000 carere
769 1953 835 2000 nou
856 1948 976 2017 potest.
1022 1934 1108 1998 Nam
1131 1933 1284 2000 Lusitani
1307 1936 1541 2018 cumprimum

368 2045 401 2111 in
425 2065 493 2112 eam
506 2045 596 2111 orbis
609 2060 732 2129 partem
744 2059 920 2125 venerunt,
944 2045 1085 2112 coloniis
1096 2044 1293 2127 arcibusque
1303 2045 1446 2128 positis,
1464 2048 1542 2132 (nec

368 2156 451 2224 enim
475 2157 628 2224 videbant
650 2156 729 2223 satis
750 2155 945 2240 indigenae,
970 2156 1052 2240 quid
1075 2155 1147 2222 istis
1159 2156 1438 2224 exstructionibus
1449 2174 1540 2240 pete·

366 2271 475 2353 retur)
496 2268 644 2352 proxima
664 2287 815 2350 quaeque
836 2267 869 2334 in
894 2267 1066 2336 servitium
1088 2281 1263 2334 traxerunt.
1310 2267 1390 2334 Mox
1414 2269 1542 2336 domes-

365 2377 442 2444 ticis
471 2380 627 2447 Indorum
657 2379 752 2445 bellis
782 2377 958 2462 permixti,
983 2397 1124 2460 quorum
1148 2378 1211 2461 ipsi
1232 2380 1425 2462 plerumque
1449 2380 1543 2446 insti·
1632 2453 1634 2455 ,

368 2505 498 2575 gatores
533 2505 647 2570 eraut,
679 2489 713 2556 in
740 2505 865 2574 partem
888 2489 1048 2556 victoriae
1069 2505 1246 2556 venerunt:
1271 2490 1395 2572 quibus
1417 2491 1542 2558 artibus

367 2615 495 2667 auctam
528 2601 708 2684 potentiam
742 2601 860 2667 deinde
886 2601 920 2665 in
952 2600 1027 2666 illos
1048 2601 1240 2682 vertebant,
1270 2621 1410 2682 quorum
1446 2622 1541 2686 opera
1585 2605 1587 2610 '

366 2711 536 2780 vicissent.
583 2714 632 2779 Ita
663 2711 834 2780 collocatis
863 2712 983 2795 passim
1017 2711 1189 2795 praesidiis
1218 2711 1396 2778 maritimae
1425 2727 1541 2795 poten·

366 2822 430 2888 tiae
462 2824 602 2905 fiducia,
636 2839 754 2890 cuncta
785 2823 836 2890 sui
867 2822 1042 2892 formidine
1066 2823 1252 2906 implerunt.
1299 2823 1384 2890 Natu
1414 2823 1541 2892 iucom-

366 2935 521 3018 parabilis
540 2938 688 3019 exempla
709 2935 888 3019 perfidiae,
911 2955 1089 3018 puerorum
1098 2950 1130 3000 et
1148 2932 1344 3002 feminarum
1354 2935 1540 3018 principum

366 3046 529 3126 laniatus,
563 3045 682 3112 infesta
710 3046 947 3134 Lusitanorum
977 3044 1148 3112 veneficiis
1170 3065 1292 3130 regna,
1316 3046 1539 3113 crudelitatem

367 3155 400 3220 in
441 3156 589 3224 subditas
630 3156 802 3238 sociasque
841 3171 954 3241 gentes
988 3156 1234 3236 detestabilem,
1266 3155 1489 3239 Hispanorum
1524 3179 1541 3225 e

366 3265 497 3350 scriptis
528 3288 625 3350 quam
659 3268 768 3334 verbis
795 3267 877 3334 meis
900 3266 1024 3334 discere
1047 3269 1200 3335 lectorem
1224 3269 1319 3332 malo.
1366 3267 1539 3334 Testatum

367 3377 452 3444 enim
483 3380 562 3444 volo
594 3398 660 3445 non
691 3393 729 3444 ut
748 3379 913 3446 nationem
937 3381 1036 3446 ullam
1064 3377 1248 3444 maledictis
1268 3377 1480 3460 insequerer,
1505 3378 1539 3444 in

365 3490 454 3555 hunc
484 3489 616 3555 dicendi
642 3510 791 3573 campum
815 3511 866 3556 mc
888 3490 1109 3573 processisse,
1135 3489 1192 3557 scd
1215 3504 1252 3555 ut
1271 3488 1415 3556 facinora
1436 3488 1540 3573 aperi·

364 3621 453 3681 rem,
476 3620 616 3681 quorum
635 3601 786 3670 notitiam
809 3621 905 3670 caum
928 3601 1101 3668 desiderat.
1148 3601 1258 3687 Quare
1282 3615 1315 3666 et
1334 3601 1450 3669 merito
1470 3621 1539 3669 eam

364 3711 495 3780 veniam
528 3711 732 3794 impetrabo,
756 3733 852 3796 quam
881 3713 1047 3798 litigantes
1069 3714 1200 3792 solent,
1224 3731 1298 3778 cum
1322 3699 1539 3780 adversarium

365 3839 422 3889 aut
452 3838 554 3892 testes
584 3823 619 3888 in
648 3843 683 3890 sc
706 3825 885 3907 productos
913 3823 1093 3892 refellendo
1115 3823 1234 3908 injuria
1256 3823 1380 3890 afficere
1403 3843 1470 3890 non
1489 3824 1541 3890 vi·
1631 3863 1634 3868 ·

365 3936 495 4002 dentur.
541 3937 591 4002 Ita
611 3955 687 4002 sane
707 3935 856 4019 plerique
872 3935 1044 4020 judicant,
1066 3935 1093 4006 si
1115 3955 1167 4004 res
1189 3935 1222 4000 in
1243 3935 1392 4001 America
1415 3935 1540 4002 Castel-

363 4049 511 4114 lauorum
547 4063 579 4115 et
612 4048 850 4114 Lusitanorum
887 4047 974 4130 apud
1007 4047 1107 4112 Indos
1136 4045 1372 4125 conferantur,
1407 4045 1538 4112 illorum

363 4159 579 4242 violentiam,
612 4160 731 4226 horum
759 4158 930 4242 perfidiam
955 4159 1059 4225 multo
1084 4157 1294 4242 insigniorem
1316 4156 1406 4222 fore:
1429 4175 1539 4237 neque

364 4271 450 4338 enim
469 4271 639 4338 Lusitanis
658 4270 768 4338 minus
787 4289 858 4337 esse
880 4269 1046 4350 malitiae,
1069 4269 1127 4338 sed
1147 4267 1341 4336 Castellanis
1353 4268 1428 4350 plus
1440 4266 1539 4334 animi

362 4397 396 4449 et
424 4383 562 4450 roboris.
609 4382 700 4448 Haec
721 4381 826 4467 igitur
845 4380 935 4449 Indis
957 4381 1024 4448 odii
1045 4401 1162 4458 causa,
1186 4379 1316 4446 Batavis
1344 4377 1538 4464 navigandi:

364 4513 432 4574 quo
456 4515 495 4559 ex
514 4509 661 4577 tempore
682 4493 766 4558 nihil
787 4507 852 4558 tam
876 4491 1011 4576 impium
1033 4507 1165 4575 tamque
1176 4491 1334 4560 nefarium
1346 4490 1435 4574 fuit,
1449 4489 1540 4574 quod
