<?xml version="1.0" encoding="UTF-8"?>
<!DOCTYPE html PUBLIC "-//W3C//DTD XHTML 1.0 Transitional//EN"
    "http://www.w3.org/TR/xhtml1/DTD/xhtml1-transitional.dtd">
<html xmlns="http://www.w3.org/1999/xhtml" xml:lang="en" lang="en">
 <head>
  <title>
</title>
<meta http-equiv="Content-Type" content="text/html;charset=utf-8" />
  <meta name='ocr-system' content='tesseract 3.04.00' />
  <meta name='ocr-capabilities' content='ocr_page ocr_carea ocr_par ocr_line ocrx_word'/>
</head>
<body>
  <div class='ocr_page' id='page_1' title='image "./ledroitdeprised00hamagoog_0328.png"; bbox 0 0 3536 5692; ppageno 0'>
   <div class='ocr_carea' id='block_1_1' title="bbox 377 633 1250 721">
    <p class='ocr_par' dir='ltr' id='par_1_1' title="bbox 377 633 1250 721">
     <span class='ocr_line' id='line_1_1' title="bbox 377 633 1250 721; baseline 0.008 -28"><span class='ocrx_word' id='word_1_1' title='bbox 377 633 439 711; x_wconf 84' lang='lat'><em>306</em></span> <span class='ocrx_word' id='word_1_2' title='bbox 670 655 716 699; x_wconf 80' lang='lat' dir='ltr'><em>on</em></span> <span class='ocrx_word' id='word_1_3' title='bbox 740 656 834 721; x_wconf 79' lang='lat' dir='ltr'><em>June</em></span> <span class='ocrx_word' id='word_1_4' title='bbox 860 655 1042 701; x_wconf 67' lang='lat' dir='ltr'><em>araneosa.</em></span> <span class='ocrx_word' id='word_1_5' title='bbox 1069 654 1148 700; x_wconf 83' lang='lat' dir='ltr'><em>cna.</em></span> <span class='ocrx_word' id='word_1_6' title='bbox 1174 656 1250 700; x_wconf 83' lang='lat' dir='ltr'><em>st.</em></span> 
     </span>
    </p>
   </div>
   <div class='ocr_carea' id='block_1_2' title="bbox 334 802 1558 4136">
    <p class='ocr_par' dir='ltr' id='par_1_2' title="bbox 334 802 1558 4136">
     <span class='ocr_line' id='line_1_2' title="bbox 374 802 1554 886; baseline 0.008 -20"><span class='ocrx_word' id='word_1_7' title='bbox 374 802 553 886; x_wconf 88' lang='lat' dir='ltr'><em>linquunt,</em></span> <span class='ocrx_word' id='word_1_8' title='bbox 578 805 641 872; x_wconf 90' lang='lat' dir='ltr'><em>hoc</em></span> <span class='ocrx_word' id='word_1_9' title='bbox 665 807 827 873; x_wconf 79' lang='lat' dir='ltr'><em>interest‘.2</em></span> <span class='ocrx_word' id='word_1_10' title='bbox 873 809 959 873; x_wconf 87' lang='lat' dir='ltr'>Vere</span> <span class='ocrx_word' id='word_1_11' title='bbox 981 807 1142 874; x_wconf 85' lang='lat' dir='ltr'>Platonici</span> <span class='ocrx_word' id='word_1_12' title='bbox 1165 807 1290 872; x_wconf 84' lang='lat' dir='ltr'><em>¹:Cum</em></span> <span class='ocrx_word' id='word_1_13' title='bbox 1310 829 1424 873; x_wconf 85' lang='lat' dir='ltr'><em>nocere</em></span> <span class='ocrx_word' id='word_1_14' title='bbox 1444 811 1554 876; x_wconf 88' lang='lat' dir='ltr'><em>alteri</em></span> 
     </span>
     <span class='ocr_line' id='line_1_3' title="bbox 375 914 1556 1006; baseline 0.008 -30"><span class='ocrx_word' id='word_1_15' title='bbox 375 914 539 980; x_wconf 87' lang='lat' dir='ltr'><em>malorum</em></span> <span class='ocrx_word' id='word_1_16' title='bbox 573 923 714 982; x_wconf 87' lang='lat' dir='ltr'><em>omnium</em></span> <span class='ocrx_word' id='word_1_17' title='bbox 747 923 930 985; x_wconf 78' lang='lat' dir='ltr'><em>marimum</em></span> <span class='ocrx_word' id='word_1_18' title='bbox 955 924 1022 1000; x_wconf 89' lang='lat' dir='ltr'><em>sit,</em></span> <span class='ocrx_word' id='word_1_19' title='bbox 1047 921 1150 984; x_wconf 89' lang='lat' dir='ltr'><em>multo</em></span> <span class='ocrx_word' id='word_1_20' title='bbox 1171 923 1314 1005; x_wconf 87' lang='lat' dir='ltr'><em>gravius</em></span> <span class='ocrx_word' id='word_1_21' title='bbox 1338 933 1408 999; x_wconf 90' lang='lat' dir='ltr'><em>est,</em></span> <span class='ocrx_word' id='word_1_22' title='bbox 1438 925 1467 985; x_wconf 95' lang='lat' dir='ltr'><em>si</em></span> <span class='ocrx_word' id='word_1_23' title='bbox 1490 927 1556 1006; x_wconf 86' lang='lat' dir='ltr'><em>qui</em></span> 
     </span>
     <span class='ocr_line' id='line_1_4' title="bbox 377 1027 1556 1118; baseline 0.008 -29"><span class='ocrx_word' id='word_1_24' title='bbox 377 1041 468 1091; x_wconf 89' lang='lat' dir='ltr'><em>nocet</em></span> <span class='ocrx_word' id='word_1_25' title='bbox 500 1027 621 1094; x_wconf 87' lang='lat' dir='ltr'><em>babeat</em></span> <span class='ocrx_word' id='word_1_26' title='bbox 652 1033 806 1115; x_wconf 84' lang='lat' dir='ltr'><em>impune,</em></span> <span class='ocrx_word' id='word_1_27' title='bbox 832 1035 1040 1117; x_wconf 79' lang='lat' dir='ltr'><em>graviusque</em></span> <span class='ocrx_word' id='word_1_28' title='bbox 1064 1044 1095 1096; x_wconf 90' lang='lat' dir='ltr'><em>et</em></span> <span class='ocrx_word' id='word_1_29' title='bbox 1118 1031 1272 1095; x_wconf 79' lang='lat' dir='ltr'><em>acerbius</em></span> <span class='ocrx_word' id='word_1_30' title='bbox 1297 1045 1343 1095; x_wconf 90' lang='lat' dir='ltr'><em>est</em></span> <span class='ocrx_word' id='word_1_31' title='bbox 1368 1037 1456 1097; x_wconf 90' lang='lat' dir='ltr'><em>omni</em></span> <span class='ocrx_word' id='word_1_32' title='bbox 1477 1049 1556 1118; x_wconf 86' lang='lat' dir='ltr'><em>sup-</em></span> 
     </span>
     <span class='ocr_line' id='line_1_5' title="bbox 372 1139 1554 1226; baseline 0.007 -24"><span class='ocrx_word' id='word_1_33' title='bbox 372 1139 498 1224; x_wconf 90' lang='lat' dir='ltr'><em>plicio,</em></span> <span class='ocrx_word' id='word_1_34' title='bbox 528 1145 557 1204; x_wconf 88' lang='lat' dir='ltr'><em>si</em></span> <span class='ocrx_word' id='word_1_35' title='bbox 582 1144 679 1204; x_wconf 84' lang='lat' dir='ltr'><em>noxia</em></span> <span class='ocrx_word' id='word_1_36' title='bbox 703 1144 887 1226; x_wconf 89' lang='lat' dir='ltr'><em>impunitas</em></span> <span class='ocrx_word' id='word_1_37' title='bbox 912 1141 1113 1225; x_wconf 89' lang='lat' dir='ltr'><em>deferatur,</em></span> <span class='ocrx_word' id='word_1_38' title='bbox 1143 1164 1199 1206; x_wconf 86' lang='lat' dir='ltr'><em>nec</em></span> <span class='ocrx_word' id='word_1_39' title='bbox 1224 1143 1390 1207; x_wconf 88' lang='lat' dir='ltr'><em>bominum</em></span> <span class='ocrx_word' id='word_1_40' title='bbox 1415 1147 1554 1210; x_wconf 87' lang='lat' dir='ltr'><em>interim</em></span> 
     </span>
     <span class='ocr_line' id='line_1_6' title="bbox 379 1250 1557 1340; baseline 0.005 -25"><span class='ocrx_word' id='word_1_41' title='bbox 379 1250 667 1318; x_wconf 87' lang='lat' dir='ltr'><em>animadversione</em></span> <span class='ocrx_word' id='word_1_42' title='bbox 693 1253 882 1338; x_wconf 79' lang='lat' dir='ltr'><em>plectatur.</em></span> <span class='ocrx_word' id='word_1_43' title='bbox 932 1253 1026 1340; x_wconf 90' lang='lat' dir='ltr'><em>Quin</em></span> <span class='ocrx_word' id='word_1_44' title='bbox 1061 1268 1093 1318; x_wconf 91' lang='lat' dir='ltr'><em>et</em></span> <span class='ocrx_word' id='word_1_45' title='bbox 1124 1254 1290 1337; x_wconf 83' lang='lat' dir='ltr'><em>theologis</em></span> <span class='ocrx_word' id='word_1_46' title='bbox 1322 1255 1444 1320; x_wconf 90' lang='lat' dir='ltr'><em>nostris</em></span> <span class='ocrx_word' id='word_1_47' title='bbox 1478 1276 1557 1321; x_wconf 89' lang='lat' dir='ltr'><em>auc-</em></span> 
     </span>
     <span class='ocr_line' id='line_1_7' title="bbox 378 1363 1552 1451; baseline 0.005 -25"><span class='ocrx_word' id='word_1_48' title='bbox 378 1363 507 1428; x_wconf 81' lang='lat' dir='ltr'><em>toribus</em></span> <span class='ocrx_word' id='word_1_49' title='bbox 540 1379 572 1428; x_wconf 87' lang='lat' dir='ltr'><em>et</em></span> <span class='ocrx_word' id='word_1_50' title='bbox 605 1365 885 1446; x_wconf 85' lang='lat' dir='ltr'><em>praestantissimo</em></span> <span class='ocrx_word' id='word_1_51' title='bbox 918 1367 1149 1451; x_wconf 82' lang='lat' dir='ltr'><em>theologorum</em></span> <span class='ocrx_word' id='word_1_52' title='bbox 1184 1366 1379 1450; x_wconf 86' lang='lat' dir='ltr'>Augustino</span> <span class='ocrx_word' id='word_1_53' title='bbox 1399 1364 1434 1446; x_wconf 87' lang='lat'><em>²,</em></span> <span class='ocrx_word' id='word_1_54' title='bbox 1456 1367 1552 1432; x_wconf 90' lang='lat' dir='ltr'><em>etiam</em></span> 
     </span>
     <span class='ocr_line' id='line_1_8' title="bbox 380 1475 1555 1578; baseline 0.003 -36"><span class='ocrx_word' id='word_1_55' title='bbox 380 1475 460 1558; x_wconf 90' lang='lat' dir='ltr'><em>ipsis</em></span> <span class='ocrx_word' id='word_1_56' title='bbox 494 1476 621 1558; x_wconf 88' lang='lat' dir='ltr'><em>aliquid</em></span> <span class='ocrx_word' id='word_1_57' title='bbox 652 1492 876 1560; x_wconf 77' lang='lat' dir='ltr'><em>praestamuS,</em></span> <span class='ocrx_word' id='word_1_58' title='bbox 912 1498 996 1560; x_wconf 90' lang='lat' dir='ltr'><em>quos</em></span> <span class='ocrx_word' id='word_1_59' title='bbox 1029 1494 1152 1544; x_wconf 90' lang='lat' dir='ltr'><em>terrore</em></span> <span class='ocrx_word' id='word_1_60' title='bbox 1185 1477 1374 1560; x_wconf 83' lang='lat' dir='ltr'><strong>repellimus</strong></span> <span class='ocrx_word' id='word_1_61' title='bbox 1409 1499 1449 1544; x_wconf 89' lang='lat' dir='ltr'><em>ne</em></span> <span class='ocrx_word' id='word_1_62' title='bbox 1473 1483 1555 1578; x_wconf 74' lang='lat' dir='ltr'><em>mala</em></span> 
     </span>
     <span class='ocr_line' id='line_1_9' title="bbox 379 1585 1553 1672; baseline 0.004 -22"><span class='ocrx_word' id='word_1_63' title='bbox 379 1585 509 1653; x_wconf 83' lang='lat' dir='ltr'><em>faciant.</em></span> <span class='ocrx_word' id='word_1_64' title='bbox 557 1589 667 1672; x_wconf 87' lang='lat' dir='ltr'><em>Cujus</em></span> <span class='ocrx_word' id='word_1_65' title='bbox 693 1605 725 1655; x_wconf 92' lang='lat' dir='ltr'><em>et</em></span> <span class='ocrx_word' id='word_1_66' title='bbox 748 1590 810 1654; x_wconf 88' lang='lat' dir='ltr'><em>alia</em></span> <span class='ocrx_word' id='word_1_67' title='bbox 830 1591 841 1624; x_wconf 76' lang='lat'><strong>³</strong></span> <span class='ocrx_word' id='word_1_68' title='bbox 862 1590 895 1654; x_wconf 91' lang='lat' dir='ltr'><em>in</em></span> <span class='ocrx_word' id='word_1_69' title='bbox 921 1591 1068 1656; x_wconf 89' lang='lat' dir='ltr'><em>eumdem</em></span> <span class='ocrx_word' id='word_1_70' title='bbox 1091 1609 1222 1655; x_wconf 87' lang='lat' dir='ltr'><em>sensum</em></span> <span class='ocrx_word' id='word_1_71' title='bbox 1252 1588 1365 1655; x_wconf 86' lang='lat' dir='ltr'><em>referti</em></span> <span class='ocrx_word' id='word_1_72' title='bbox 1393 1606 1553 1672; x_wconf 83' lang='lat' dir='ltr'>possunt:</span> 
     </span>
     <span class='ocr_line' id='line_1_10' title="bbox 382 1696 1554 1787; baseline 0.004 -24"><span class='ocrx_word' id='word_1_73' title='bbox 382 1696 449 1781; x_wconf 89' lang='lat' dir='ltr'><em>Qui</em></span> <span class='ocrx_word' id='word_1_74' title='bbox 481 1703 574 1766; x_wconf 91' lang='lat' dir='ltr'><em>vitiis</em></span> <span class='ocrx_word' id='word_1_75' title='bbox 608 1701 798 1767; x_wconf 80' lang='lat' dir='ltr'><em>nutriendis</em></span> <span class='ocrx_word' id='word_1_76' title='bbox 824 1706 941 1786; x_wconf 89' lang='lat' dir='ltr'><em>parcit</em></span> <span class='ocrx_word' id='word_1_77' title='bbox 974 1716 1005 1766; x_wconf 90' lang='lat' dir='ltr'><em>et</em></span> <span class='ocrx_word' id='word_1_78' title='bbox 1028 1702 1128 1785; x_wconf 86' lang='lat' dir='ltr'><em>favet</em></span> <span class='ocrx_word' id='word_1_79' title='bbox 1159 1724 1198 1766; x_wconf 87' lang='lat' dir='ltr'><em>ne</em></span> <span class='ocrx_word' id='word_1_80' title='bbox 1220 1705 1395 1766; x_wconf 87' lang='lat' dir='ltr'><em>contristet</em></span> <span class='ocrx_word' id='word_1_81' title='bbox 1412 1717 1554 1787; x_wconf 89' lang='lat' dir='ltr'><em>peccan-</em></span> 
     </span>
     <span class='ocr_line' id='line_1_11' title="bbox 381 1807 1555 1900; baseline 0.004 -26"><span class='ocrx_word' id='word_1_82' title='bbox 381 1807 727 1893; x_wconf 76' lang='lat' dir='ltr'><em>tium&#39;voluntatem,</em></span> <span class='ocrx_word' id='word_1_83' title='bbox 761 1828 831 1878; x_wconf 89' lang='lat' dir='ltr'><em>tam</em></span> <span class='ocrx_word' id='word_1_84' title='bbox 865 1835 928 1877; x_wconf 89' lang='lat' dir='ltr'><em>non</em></span> <span class='ocrx_word' id='word_1_85' title='bbox 960 1827 1007 1878; x_wconf 92' lang='lat' dir='ltr'><em>est</em></span> <span class='ocrx_word' id='word_1_86' title='bbox 1041 1817 1252 1893; x_wconf 75' lang='lat' dir='ltr'><em>misericors,</em></span> <span class='ocrx_word' id='word_1_87' title='bbox 1285 1835 1384 1898; x_wconf 85' lang='lat' dir='ltr'><em>quam</em></span> <span class='ocrx_word' id='word_1_88' title='bbox 1409 1819 1467 1900; x_wconf 86' lang='lat' dir='ltr'><em>qui</em></span> <span class='ocrx_word' id='word_1_89' title='bbox 1491 1835 1555 1880; x_wconf 89' lang='lat' dir='ltr'><em>non</em></span> 
     </span>
     <span class='ocr_line' id='line_1_12' title="bbox 380 1922 1552 2010; baseline 0.003 -24"><span class='ocrx_word' id='word_1_90' title='bbox 380 1922 454 1987; x_wconf 87' lang='lat' dir='ltr'><em>vult</em></span> <span class='ocrx_word' id='word_1_91' title='bbox 487 1923 634 1987; x_wconf 88' lang='lat' dir='ltr'><em>cultrum</em></span> <span class='ocrx_word' id='word_1_92' title='bbox 668 1939 788 2010; x_wconf 88' lang='lat' dir='ltr'><em>rapere</em></span> <span class='ocrx_word' id='word_1_93' title='bbox 813 1939 918 2010; x_wconf 92' lang='lat' dir='ltr'><em>puero</em></span> <span class='ocrx_word' id='word_1_94' title='bbox 952 1947 990 1988; x_wconf 89' lang='lat' dir='ltr'><em>ne</em></span> <span class='ocrx_word' id='word_1_95' title='bbox 1023 1924 1145 1990; x_wconf 90' lang='lat' dir='ltr'><em>audiat</em></span> <span class='ocrx_word' id='word_1_96' title='bbox 1173 1925 1388 2010; x_wconf 87' lang='lat' dir='ltr'><em>plorantem,</em></span> <span class='ocrx_word' id='word_1_97' title='bbox 1425 1940 1456 1990; x_wconf 88' lang='lat' dir='ltr'><em>et</em></span> <span class='ocrx_word' id='word_1_98' title='bbox 1488 1948 1552 1990; x_wconf 89' lang='lat' dir='ltr'><em>non</em></span> 
     </span>
     <span class='ocr_line' id='line_1_13' title="bbox 379 2035 1557 2103; baseline 0.003 -5"><span class='ocrx_word' id='word_1_99' title='bbox 379 2035 475 2099; x_wconf 80' lang='lat' dir='ltr'><em>&#39;timet</em></span> <span class='ocrx_word' id='word_1_100' title='bbox 508 2057 547 2100; x_wconf 87' lang='lat' dir='ltr'><em>ne</em></span> <span class='ocrx_word' id='word_1_101' title='bbox 578 2035 794 2103; x_wconf 89' lang='lat' dir='ltr'><em>vulneratum</em></span> <span class='ocrx_word' id='word_1_102' title='bbox 826 2037 940 2102; x_wconf 88' lang='lat' dir='ltr'><em>videat</em></span> <span class='ocrx_word' id='word_1_103' title='bbox 973 2036 1027 2103; x_wconf 91' lang='lat' dir='ltr'><em>vel</em></span> <span class='ocrx_word' id='word_1_104' title='bbox 1059 2041 1255 2102; x_wconf 83' lang='lat' dir='ltr'><em>extinctum.</em></span> <span class='ocrx_word' id='word_1_105' title='bbox 1310 2039 1390 2102; x_wconf 90' lang='lat' dir='ltr'><em>Item</em></span> <span class='ocrx_word' id='word_1_106' title='bbox 1422 2035 1452 2100; x_wconf 73' lang='lat'><em>⁴:</em></span> <span class='ocrx_word' id='word_1_107' title='bbox 1496 2039 1557 2102; x_wconf 78' lang='lat' dir='ltr'><em>Its·</em></span> 
     </span>
     <span class='ocr_line' id='line_1_14' title="bbox 382 2148 1554 2233; baseline 0.003 -22"><span class='ocrx_word' id='word_1_108' title='bbox 382 2161 492 2211; x_wconf 88' lang='lat' dir='ltr'><em>autem</em></span> <span class='ocrx_word' id='word_1_109' title='bbox 526 2151 585 2232; x_wconf 86' lang='lat' dir='ltr'><em>qui</em></span> <span class='ocrx_word' id='word_1_110' title='bbox 615 2169 669 2215; x_wconf 92' lang='lat' dir='ltr'><em>vos</em></span> <span class='ocrx_word' id='word_1_111' title='bbox 686 2164 751 2233; x_wconf 91' lang='lat' dir='ltr'><em>pro</em></span> <span class='ocrx_word' id='word_1_112' title='bbox 775 2162 869 2213; x_wconf 90' lang='lat' dir='ltr'><em>tanto</em></span> <span class='ocrx_word' id='word_1_113' title='bbox 893 2148 1012 2213; x_wconf 80' lang='lat' dir='ltr'><em>scelbre</em></span> <span class='ocrx_word' id='word_1_114' title='bbox 1035 2163 1104 2213; x_wconf 91' lang='lat' dir='ltr'><em>tam</em></span> <span class='ocrx_word' id='word_1_115' title='bbox 1130 2148 1251 2214; x_wconf 87' lang='lat' dir='ltr'><em>leniter</em></span> <span class='ocrx_word' id='word_1_116' title='bbox 1273 2149 1471 2215; x_wconf 88' lang='lat' dir='ltr'><em>damnorum</em></span> <span class='ocrx_word' id='word_1_117' title='bbox 1493 2149 1554 2215; x_wconf 92' lang='lat' dir='ltr'><em>ad·</em></span> 
     </span>
     <span class='ocr_line' id='line_1_15' title="bbox 383 2259 1556 2347; baseline 0.004 -26"><span class='ocrx_word' id='word_1_118' title='bbox 383 2259 639 2341; x_wconf 80' lang='lat' dir='ltr'><em>monitionibus,</em></span> <span class='ocrx_word' id='word_1_119' title='bbox 671 2260 914 2341; x_wconf 77' lang='lat' dir='ltr'><em>vellanorum,</em></span> <span class='ocrx_word' id='word_1_120' title='bbox 947 2261 1001 2328; x_wconf 88' lang='lat' dir='ltr'><em>vel</em></span> <span class='ocrx_word' id='word_1_121' title='bbox 1022 2261 1202 2342; x_wconf 88' lang='lat' dir='ltr'><em>bonorum,</em></span> <span class='ocrx_word' id='word_1_122' title='bbox 1234 2260 1288 2328; x_wconf 91' lang='lat' dir='ltr'><em>vel</em></span> <span class='ocrx_word' id='word_1_123' title='bbox 1302 2265 1465 2345; x_wconf 82' lang='lat' dir='ltr'><em>pecuniae</em></span> <span class='ocrx_word' id='word_1_124' title='bbox 1479 2266 1556 2347; x_wconf 89' lang='lat' dir='ltr'><em>pri-</em></span> 
     </span>
     <span class='ocr_line' id='line_1_16' title="bbox 334 2353 1556 2459; baseline -0.001 -21"><span class='ocrx_word' id='word_1_125' title='bbox 334 2353 337 2370; x_wconf 52' lang='grc'>’</span> <span class='ocrx_word' id='word_1_126' title='bbox 383 2375 516 2438; x_wconf 89' lang='lat' dir='ltr'><em>vatione</em></span> <span class='ocrx_word' id='word_1_127' title='bbox 547 2370 758 2437; x_wconf 89' lang='lat' dir='ltr'><em>deterrendos</em></span> <span class='ocrx_word' id='word_1_128' title='bbox 781 2372 1035 2458; x_wconf 76' lang='lat' dir='ltr'><em>coercendosque</em></span> <span class='ocrx_word' id='word_1_129' title='bbox 1058 2372 1264 2454; x_wconf 91' lang='lat' dir='ltr'><em>decernunt,</em></span> <span class='ocrx_word' id='word_1_130' title='bbox 1300 2386 1338 2437; x_wconf 91' lang='lat' dir='ltr'><em>ut</em></span> <span class='ocrx_word' id='word_1_131' title='bbox 1372 2377 1556 2459; x_wconf 81' lang='lat' dir='ltr'><em>cogitantes</em></span> 
     </span>
     <span class='ocr_line' id='line_1_17' title="bbox 384 2483 1556 2570; baseline 0.001 -23"><span class='ocrx_word' id='word_1_132' title='bbox 384 2504 489 2567; x_wconf 89' lang='lat' dir='ltr'><em>quare</em></span> <span class='ocrx_word' id='word_1_133' title='bbox 501 2487 570 2548; x_wconf 88' lang='lat' dir='ltr'><em>ista</em></span> <span class='ocrx_word' id='word_1_134' title='bbox 588 2483 1025 2570; x_wconf 89' lang='lat' dir='ltr'><em>patiamini,sacrilegium</em></span> <span class='ocrx_word' id='word_1_135' title='bbox 1049 2497 1195 2552; x_wconf 89' lang='lat' dir='ltr'><em>vestrum</em></span> <span class='ocrx_word' id='word_1_136' title='bbox 1219 2488 1387 2570; x_wconf 88' lang='lat' dir='ltr'><em>cognitum</em></span> <span class='ocrx_word' id='word_1_137' title='bbox 1404 2484 1556 2570; x_wconf 79' lang='lat' dir='ltr'><em>fugiatis</em></span> 
     </span>
     <span class='ocr_line' id='line_1_18' title="bbox 384 2594 1556 2682; baseline 0 -22"><span class='ocrx_word' id='word_1_138' title='bbox 384 2609 415 2660; x_wconf 87' lang='lat' dir='ltr'><em>et</em></span> <span class='ocrx_word' id='word_1_139' title='bbox 439 2595 480 2659; x_wconf 90' lang='lat' dir='ltr'><em>ab</em></span> <span class='ocrx_word' id='word_1_140' title='bbox 504 2608 643 2660; x_wconf 88' lang='lat' dir='ltr'><em>aeterna</em></span> <span class='ocrx_word' id='word_1_141' title='bbox 667 2594 881 2660; x_wconf 86' lang='lat' dir='ltr'><em>damnatione</em></span> <span class='ocrx_word' id='word_1_142' title='bbox 905 2595 1113 2678; x_wconf 85' lang='lat' dir='ltr'><em>liberemini,</em></span> <span class='ocrx_word' id='word_1_143' title='bbox 1139 2595 1390 2682; x_wconf 85' lang='lat' dir='ltr'><em>diligentissimi</em></span> <span class='ocrx_word' id='word_1_144' title='bbox 1413 2609 1556 2660; x_wconf 85' lang='lat' dir='ltr'><em>rectores</em></span> 
     </span>
     <span class='ocr_line' id='line_1_19' title="bbox 384 2706 1555 2793; baseline 0.001 -22"><span class='ocrx_word' id='word_1_145' title='bbox 384 2721 416 2772; x_wconf 90' lang='lat' dir='ltr'><em>et</em></span> <span class='ocrx_word' id='word_1_146' title='bbox 443 2710 590 2792; x_wconf 81' lang='lat' dir='ltr'><em>piissimi</em></span> <span class='ocrx_word' id='word_1_147' title='bbox 620 2707 821 2771; x_wconf 89' lang='lat' dir='ltr'><em>consultores</em></span> <span class='ocrx_word' id='word_1_148' title='bbox 854 2706 1072 2793; x_wconf 89' lang='lat' dir='ltr'><em>deputantur.</em></span> <span class='ocrx_word' id='word_1_149' title='bbox 1117 2707 1335 2773; x_wconf 86' lang='lat' dir='ltr'><em>Conveniunt</em></span> <span class='ocrx_word' id='word_1_150' title='bbox 1366 2709 1446 2773; x_wconf 89' lang='lat' dir='ltr'><em>haec</em></span> <span class='ocrx_word' id='word_1_151' title='bbox 1482 2725 1555 2773; x_wconf 92' lang='lat' dir='ltr'><em>cum</em></span> 
     </span>
     <span class='ocr_line' id='line_1_20' title="bbox 385 2806 1555 2904; baseline 0.001 -22"><span class='ocrx_word' id='word_1_152' title='bbox 385 2806 590 2903; x_wconf 90' lang='lat' dir='ltr'><em>Hieronymo</em></span> <span class='ocrx_word' id='word_1_153' title='bbox 602 2868 613 2900; x_wconf 90' lang='lat'><em>,</em></span> <span class='ocrx_word' id='word_1_154' title='bbox 638 2818 697 2900; x_wconf 92' lang='lat' dir='ltr'><em>qui</em></span> <span class='ocrx_word' id='word_1_155' title='bbox 721 2818 762 2883; x_wconf 87' lang='lat' dir='ltr'><em>ad</em></span> <span class='ocrx_word' id='word_1_156' title='bbox 775 2819 1001 2901; x_wconf 87' lang='lat' dir='ltr'><em>Zophoniam:</em></span> <span class='ocrx_word' id='word_1_157' title='bbox 1027 2821 1064 2883; x_wconf 88' lang='lat' dir='ltr'><em>Si</em></span> <span class='ocrx_word' id='word_1_158' title='bbox 1076 2823 1150 2904; x_wconf 87' lang='lat' dir='ltr'><em>quis</em></span> <span class='ocrx_word' id='word_1_159' title='bbox 1155 2819 1397 2903; x_wconf 85' lang='lat' dir='ltr'><em>fortitudinem</em></span> <span class='ocrx_word' id='word_1_160' title='bbox 1411 2819 1555 2884; x_wconf 87' lang='lat' dir='ltr'><em>latronis</em></span> 
     </span>
     <span class='ocr_line' id='line_1_21' title="bbox 384 2929 1557 3017; baseline -0.003 -19"><span class='ocrx_word' id='word_1_161' title='bbox 384 2931 439 2998; x_wconf 86' lang='lat' dir='ltr'><em>vel</em></span> <span class='ocrx_word' id='word_1_162' title='bbox 453 2936 594 3016; x_wconf 86' lang='lat' dir='ltr'><em>piratae</em></span> <span class='ocrx_word' id='word_1_163' title='bbox 617 2946 754 2999; x_wconf 88' lang='lat' dir='ltr'><em>enervat</em></span> <span class='ocrx_word' id='word_1_164' title='bbox 778 2946 809 2996; x_wconf 89' lang='lat' dir='ltr'><em>et</em></span> <span class='ocrx_word' id='word_1_165' title='bbox 831 2929 979 3014; x_wconf 85' lang='lat' dir='ltr'><em>infirmos</em></span> <span class='ocrx_word' id='word_1_166' title='bbox 1004 2931 1137 3012; x_wconf 85' lang='lat' dir='ltr'><em>reddit,</em></span> <span class='ocrx_word' id='word_1_167' title='bbox 1165 2932 1301 3017; x_wconf 89' lang='lat' dir='ltr'><em>prodest</em></span> <span class='ocrx_word' id='word_1_168' title='bbox 1325 2931 1396 2996; x_wconf 89' lang='lat' dir='ltr'><em>illis</em></span> <span class='ocrx_word' id='word_1_169' title='bbox 1419 2953 1480 2996; x_wconf 91' lang='lat' dir='ltr'><em>sua</em></span> <span class='ocrx_word' id='word_1_170' title='bbox 1504 2935 1557 2995; x_wconf 90' lang='lat' dir='ltr'><em>in-</em></span> 
     </span>
     <span class='ocr_line' id='line_1_22' title="bbox 381 3041 1557 3129; baseline -0.001 -22"><span class='ocrx_word' id='word_1_171' title='bbox 381 3041 556 3126; x_wconf 81' lang='lat' dir='ltr'><em>firmitas:</em></span> <span class='ocrx_word' id='word_1_172' title='bbox 589 3043 769 3108; x_wconf 87' lang='lat' dir='ltr'><em>debilitata</em></span> <span class='ocrx_word' id='word_1_173' title='bbox 801 3047 885 3108; x_wconf 90' lang='lat' dir='ltr'><em>enim</em></span> <span class='ocrx_word' id='word_1_174' title='bbox 918 3043 1085 3123; x_wconf 89' lang='lat' dir='ltr'><em>membra,</em></span> <span class='ocrx_word' id='word_1_175' title='bbox 1119 3044 1237 3128; x_wconf 88' lang='lat' dir='ltr'><em>quibus</em></span> <span class='ocrx_word' id='word_1_176' title='bbox 1264 3047 1365 3129; x_wconf 89' lang='lat' dir='ltr'><em>prius</em></span> <span class='ocrx_word' id='word_1_177' title='bbox 1394 3065 1458 3107; x_wconf 90' lang='lat' dir='ltr'><em>non</em></span> <span class='ocrx_word' id='word_1_178' title='bbox 1479 3043 1557 3107; x_wconf 87' lang='lat' dir='ltr'><em>bene</em></span> 
     </span>
     <span class='ocr_line' id='line_1_23' title="bbox 387 3154 1555 3240; baseline -0.001 -21"><span class='ocrx_word' id='word_1_179' title='bbox 387 3156 592 3236; x_wconf 66' lang='lat' dir='ltr'><em>utebantur,</em></span> <span class='ocrx_word' id='word_1_180' title='bbox 617 3177 638 3220; x_wconf 89' lang='lat' dir='ltr'><em>a</em></span> <span class='ocrx_word' id='word_1_181' title='bbox 663 3155 749 3218; x_wconf 86' lang='lat' dir='ltr'><em>malo</em></span> <span class='ocrx_word' id='word_1_182' title='bbox 774 3169 866 3240; x_wconf 89' lang='lat' dir='ltr'><em>opere</em></span> <span class='ocrx_word' id='word_1_183' title='bbox 889 3155 1071 3220; x_wconf 89' lang='lat' dir='ltr'><em>cessabunt.</em></span> <span class='ocrx_word' id='word_1_184' title='bbox 1098 3155 1219 3222; x_wconf 88' lang='lat' dir='ltr'><em>Civilis</em></span> <span class='ocrx_word' id='word_1_185' title='bbox 1240 3169 1347 3220; x_wconf 87' lang='lat' dir='ltr'><em>autem</em></span> <span class='ocrx_word' id='word_1_186' title='bbox 1360 3154 1555 3238; x_wconf 87' lang='lat' dir='ltr'><em>prudentia,</em></span> 
     </span>
     <span class='ocr_line' id='line_1_24' title="bbox 387 3265 1556 3348; baseline -0.003 -16"><span class='ocrx_word' id='word_1_187' title='bbox 387 3287 470 3348; x_wconf 91' lang='lat' dir='ltr'><em>quae</em></span> <span class='ocrx_word' id='word_1_188' title='bbox 499 3285 610 3332; x_wconf 89' lang='lat' dir='ltr'><em>omnes</em></span> <span class='ocrx_word' id='word_1_189' title='bbox 639 3265 716 3331; x_wconf 93' lang='lat' dir='ltr'><em>belli</em></span> <span class='ocrx_word' id='word_1_190' title='bbox 737 3265 891 3332; x_wconf 85' lang='lat' dir='ltr'><em>articulos</em></span> <span class='ocrx_word' id='word_1_191' title='bbox 912 3267 1096 3348; x_wconf 85' lang='lat' dir='ltr'><em>examinat,</em></span> <span class='ocrx_word' id='word_1_192' title='bbox 1121 3266 1201 3332; x_wconf 89' lang='lat' dir='ltr'><em>satis</em></span> <span class='ocrx_word' id='word_1_193' title='bbox 1228 3266 1373 3332; x_wconf 84' lang='lat' dir='ltr'><em>ostendit</em></span> <span class='ocrx_word' id='word_1_194' title='bbox 1391 3267 1556 3332; x_wconf 84' lang='lat' dir='ltr'><em>lenitatem</em></span> 
     </span>
     <span class='ocr_line' id='line_1_25' title="bbox 387 3377 1556 3461; baseline -0.001 -18"><span class='ocrx_word' id='word_1_195' title='bbox 387 3393 443 3444; x_wconf 91' lang='lat' dir='ltr'><em>aut</em></span> <span class='ocrx_word' id='word_1_196' title='bbox 465 3377 562 3443; x_wconf 92' lang='lat' dir='ltr'><em>initio</em></span> <span class='ocrx_word' id='word_1_197' title='bbox 581 3377 780 3459; x_wconf 90' lang='lat' dir='ltr'><em>convenire,</em></span> <span class='ocrx_word' id='word_1_198' title='bbox 794 3377 937 3444; x_wconf 87' lang='lat' dir='ltr'><em>autfini:</em></span> <span class='ocrx_word' id='word_1_199' title='bbox 952 3378 1047 3444; x_wconf 91' lang='lat' dir='ltr'><em>initio</em></span> <span class='ocrx_word' id='word_1_200' title='bbox 1058 3378 1212 3461; x_wconf 87' lang='lat' dir='ltr'><em>quidem,</em></span> <span class='ocrx_word' id='word_1_201' title='bbox 1224 3377 1358 3444; x_wconf 86' lang='lat' dir='ltr'><em>utfama</em></span> <span class='ocrx_word' id='word_1_202' title='bbox 1369 3377 1556 3444; x_wconf 86' lang='lat' dir='ltr'><em>clementiae</em></span> 
     </span>
     <span class='ocr_line' id='line_1_26' title="bbox 387 3490 1556 3574; baseline 0.001 -19"><span class='ocrx_word' id='word_1_203' title='bbox 387 3490 606 3556; x_wconf 89' lang='lat' dir='ltr'><em>sollicitentur</em></span> <span class='ocrx_word' id='word_1_204' title='bbox 626 3490 772 3556; x_wconf 90' lang='lat' dir='ltr'><em>hostium</em></span> <span class='ocrx_word' id='word_1_205' title='bbox 796 3491 913 3556; x_wconf 85' lang='lat' dir='ltr'><em>animi:</em></span> <span class='ocrx_word' id='word_1_206' title='bbox 939 3490 997 3556; x_wconf 89' lang='lat' dir='ltr'><em>fini</em></span> <span class='ocrx_word' id='word_1_207' title='bbox 1019 3510 1123 3571; x_wconf 90' lang='lat' dir='ltr'><em>vero,</em></span> <span class='ocrx_word' id='word_1_208' title='bbox 1147 3505 1185 3556; x_wconf 93' lang='lat' dir='ltr'><em>ut</em></span> <span class='ocrx_word' id='word_1_209' title='bbox 1196 3505 1287 3574; x_wconf 88' lang='lat' dir='ltr'><em>parta</em></span> <span class='ocrx_word' id='word_1_210' title='bbox 1304 3491 1369 3574; x_wconf 83' lang='lat' dir='ltr'><em>jam</em></span> <span class='ocrx_word' id='word_1_211' title='bbox 1382 3491 1556 3556; x_wconf 86' lang='lat' dir='ltr'><em>securitate</em></span> 
     </span>
     <span class='ocr_line' id='line_1_27' title="bbox 386 3601 1557 3686; baseline -0.003 -17"><span class='ocrx_word' id='word_1_212' title='bbox 386 3603 467 3669; x_wconf 90' lang='lat' dir='ltr'><em>victi</em></span> <span class='ocrx_word' id='word_1_213' title='bbox 486 3602 615 3668; x_wconf 85' lang='lat' dir='ltr'><em>facilius</em></span> <span class='ocrx_word' id='word_1_214' title='bbox 632 3603 877 3670; x_wconf 85' lang='lat' dir='ltr'><em>contineantur:</em></span> <span class='ocrx_word' id='word_1_215' title='bbox 902 3603 1017 3669; x_wconf 88' lang='lat' dir='ltr'><em>mediis</em></span> <span class='ocrx_word' id='word_1_216' title='bbox 1030 3618 1136 3669; x_wconf 88' lang='lat' dir='ltr'><em>autem</em></span> <span class='ocrx_word' id='word_1_217' title='bbox 1150 3603 1356 3686; x_wconf 89' lang='lat' dir='ltr'><em>temporibus</em></span> <span class='ocrx_word' id='word_1_218' title='bbox 1369 3618 1401 3668; x_wconf 90' lang='lat' dir='ltr'><em>et</em></span> <span class='ocrx_word' id='word_1_219' title='bbox 1412 3601 1557 3668; x_wconf 86' lang='lat' dir='ltr'><em>fervente</em></span> 
     </span>
     <span class='ocr_line' id='line_1_28' title="bbox 385 3713 1558 3800; baseline -0.003 -19"><span class='ocrx_word' id='word_1_220' title='bbox 385 3716 533 3799; x_wconf 89' lang='lat' dir='ltr'><em>periculo</em></span> <span class='ocrx_word' id='word_1_221' title='bbox 556 3715 640 3781; x_wconf 91' lang='lat' dir='ltr'><em>nihil</em></span> <span class='ocrx_word' id='word_1_222' title='bbox 659 3717 844 3782; x_wconf 89' lang='lat' dir='ltr'><em>consultius</em></span> <span class='ocrx_word' id='word_1_223' title='bbox 865 3731 996 3782; x_wconf 88' lang='lat' dir='ltr'><em>terrore.</em></span> <span class='ocrx_word' id='word_1_224' title='bbox 1040 3715 1110 3800; x_wconf 87' lang='lat' dir='ltr'><em>Jam</em></span> <span class='ocrx_word' id='word_1_225' title='bbox 1132 3733 1211 3780; x_wconf 92' lang='lat' dir='ltr'><em>vero</em></span> <span class='ocrx_word' id='word_1_226' title='bbox 1232 3713 1558 3796; x_wconf 88' lang='lat' dir='ltr'><em>depraedationibus</em></span> 
     </span>
     <span class='ocr_line' id='line_1_29' title="bbox 386 3828 1556 3911; baseline -0.003 -19"><span class='ocrx_word' id='word_1_227' title='bbox 386 3828 518 3911; x_wconf 87' lang='lat' dir='ltr'><em>proprie</em></span> <span class='ocrx_word' id='word_1_228' title='bbox 550 3828 744 3909; x_wconf 91' lang='lat' dir='ltr'><em>videamus,</em></span> <span class='ocrx_word' id='word_1_229' title='bbox 779 3849 937 3910; x_wconf 86' lang='lat' dir='ltr'><em>quaenam</em></span> <span class='ocrx_word' id='word_1_230' title='bbox 970 3828 1150 3908; x_wconf 85' lang='lat' dir='ltr'><em>honestae,</em></span> <span class='ocrx_word' id='word_1_231' title='bbox 1185 3847 1268 3908; x_wconf 90' lang='lat' dir='ltr'><em>quae</em></span> <span class='ocrx_word' id='word_1_232' title='bbox 1300 3839 1413 3890; x_wconf 90' lang='lat' dir='ltr'><em>contra</em></span> <span class='ocrx_word' id='word_1_233' title='bbox 1445 3839 1556 3906; x_wconf 89' lang='lat' dir='ltr'><em>turpes</em></span> 
     </span>
     <span class='ocr_line' id='line_1_30' title="bbox 387 3935 1556 4023; baseline -0.005 -17"><span class='ocrx_word' id='word_1_234' title='bbox 387 3956 486 4023; x_wconf 88' lang='lat' dir='ltr'><em>atque</em></span> <span class='ocrx_word' id='word_1_235' title='bbox 519 3939 653 4006; x_wconf 83' lang='lat' dir='ltr'><em>infames</em></span> <span class='ocrx_word' id='word_1_236' title='bbox 685 3941 852 4006; x_wconf 85' lang='lat' dir='ltr'><em>habendae</em></span> <span class='ocrx_word' id='word_1_237' title='bbox 885 3940 973 4021; x_wconf 91' lang='lat' dir='ltr'><em>sint,</em></span> <span class='ocrx_word' id='word_1_238' title='bbox 1008 3939 1086 4022; x_wconf 91' lang='lat' dir='ltr'><em>quia</em></span> <span class='ocrx_word' id='word_1_239' title='bbox 1120 3938 1307 4005; x_wconf 89' lang='lat' dir='ltr'><em>discrimine</em></span> <span class='ocrx_word' id='word_1_240' title='bbox 1331 3939 1395 4002; x_wconf 95' lang='lat' dir='ltr'><em>hoc</em></span> <span class='ocrx_word' id='word_1_241' title='bbox 1417 3935 1556 4002; x_wconf 87' lang='lat' dir='ltr'><em>confuso</em></span> 
     </span>
     <span class='ocr_line' id='line_1_31' title="bbox 387 4039 1558 4136; baseline -0.005 -18"><span class='ocrx_word' id='word_1_242' title='bbox 387 4052 660 4136; x_wconf 87' lang='lat' dir='ltr'><em>pernitiosissime</em></span> <span class='ocrx_word' id='word_1_243' title='bbox 692 4053 795 4136; x_wconf 88' lang='lat' dir='ltr'><em>vulgo</em></span> <span class='ocrx_word' id='word_1_244' title='bbox 828 4067 973 4132; x_wconf 88' lang='lat' dir='ltr'><em>erratur,</em></span> <span class='ocrx_word' id='word_1_245' title='bbox 1008 4052 1085 4117; x_wconf 91' lang='lat' dir='ltr'><em>dum</em></span> <span class='ocrx_word' id='word_1_246' title='bbox 1118 4067 1175 4117; x_wconf 88' lang='lat' dir='ltr'><em>aut</em></span> <span class='ocrx_word' id='word_1_247' title='bbox 1206 4053 1324 4116; x_wconf 90' lang='lat' dir='ltr'><em>malum</em></span> <span class='ocrx_word' id='word_1_248' title='bbox 1358 4039 1420 4114; x_wconf 89' lang='lat' dir='ltr'><em>sub</em></span> <span class='ocrx_word' id='word_1_249' title='bbox 1444 4049 1558 4114; x_wconf 89' lang='lat' dir='ltr'><em>umbra</em></span> 
     </span>
    </p>
   </div>
   <div class='ocr_carea' id='block_1_3' title="bbox 252 4157 1557 4282">
    <p class='ocr_par' dir='ltr' id='par_1_3' title="bbox 252 4157 1557 4282">
     <span class='ocr_line' id='line_1_32' title="bbox 252 4157 1557 4282; baseline -0.005 -53"><span class='ocrx_word' id='word_1_250' title='bbox 252 4185 373 4282; x_wconf 43' lang='lat' dir='ltr'><em>ppassim</em></span> <span class='ocrx_word' id='word_1_251' title='bbox 388 4165 467 4231; x_wconf 90' lang='lat' dir='ltr'><em>boni</em></span> <span class='ocrx_word' id='word_1_252' title='bbox 490 4165 606 4231; x_wconf 92' lang='lat' dir='ltr'><em>similis</em></span> <span class='ocrx_word' id='word_1_253' title='bbox 635 4161 818 4241; x_wconf 91' lang='lat' dir='ltr'><em>delitescit,</em></span> <span class='ocrx_word' id='word_1_254' title='bbox 852 4176 908 4227; x_wconf 90' lang='lat' dir='ltr'><em>aut</em></span> <span class='ocrx_word' id='word_1_255' title='bbox 932 4161 965 4227; x_wconf 94' lang='lat' dir='ltr'><em>id</em></span> <span class='ocrx_word' id='word_1_256' title='bbox 988 4161 1080 4244; x_wconf 89' lang='lat' dir='ltr'><em>quod</em></span> <span class='ocrx_word' id='word_1_257' title='bbox 1102 4177 1226 4227; x_wconf 92' lang='lat' dir='ltr'><em>rectum</em></span> <span class='ocrx_word' id='word_1_258' title='bbox 1251 4175 1300 4226; x_wconf 89' lang='lat' dir='ltr'><em>est</em></span> <span class='ocrx_word' id='word_1_259' title='bbox 1321 4158 1424 4227; x_wconf 91' lang='lat' dir='ltr'><em>vicini</em></span> <span class='ocrx_word' id='word_1_260' title='bbox 1447 4157 1557 4240; x_wconf 89' lang='lat' dir='ltr'><em>probri</em></span> 
     </span>
    </p>
   </div>
   <div class='ocr_carea' id='block_1_4' title="bbox 389 4349 566 4357">
    <p class='ocr_par' dir='ltr' id='par_1_4' title="bbox 389 4349 566 4357">
     <span class='ocr_line' id='line_1_33' title="bbox 389 4349 566 4357; baseline 0 -1"><span class='ocrx_word' id='word_1_261' title='bbox 389 4349 566 4357; x_wconf 59' lang='grc' dir='ltr'><em>...Μ</em></span> 
     </span>
    </p>
   </div>
   <div class='ocr_carea' id='block_1_5' title="bbox 386 4417 1556 4593">
    <p class='ocr_par' dir='ltr' id='par_1_5' title="bbox 386 4417 1556 4593">
     <span class='ocr_line' id='line_1_34' title="bbox 422 4417 1556 4501; baseline -0.008 -13"><span class='ocrx_word' id='word_1_262' title='bbox 422 4441 526 4500; x_wconf 80' lang='lat' dir='ltr'><em>¹Apul.</em></span> <span class='ocrx_word' id='word_1_263' title='bbox 551 4441 582 4487; x_wconf 89' lang='lat' dir='ltr'><em>de</em></span> <span class='ocrx_word' id='word_1_264' title='bbox 605 4439 699 4501; x_wconf 87' lang='lat' dir='ltr'><em>philos.</em></span> <span class='ocrx_word' id='word_1_265' title='bbox 726 4437 846 4486; x_wconf 88' lang='lat' dir='ltr'><em>Platonis.</em></span> <span class='ocrx_word' id='word_1_266' title='bbox 866 4437 933 4497; x_wconf 89' lang='lat' dir='ltr'><em>[vol.</em></span> <span class='ocrx_word' id='word_1_267' title='bbox 952 4449 974 4484; x_wconf 82' lang='lat' dir='ltr'><em>a.</em></span> <span class='ocrx_word' id='word_1_268' title='bbox 992 4449 1018 4496; x_wconf 85' lang='lat' dir='ltr'><em>p.</em></span> <span class='ocrx_word' id='word_1_269' title='bbox 1034 4434 1102 4498; x_wconf 68' lang='lat'><em>244]</em></span> <span class='ocrx_word' id='word_1_270' title='bbox 1139 4431 1248 4495; x_wconf 70' lang='lat' dir='ltr'><em>&#39;Epist</em></span> <span class='ocrx_word' id='word_1_271' title='bbox 1269 4445 1324 4494; x_wconf 86' lang='lat'><strong>154.</strong></span> <span class='ocrx_word' id='word_1_272' title='bbox 1342 4434 1374 4481; x_wconf 88' lang='lat' dir='ltr'><em>ad</em></span> <span class='ocrx_word' id='word_1_273' title='bbox 1391 4417 1556 4481; x_wconf 83' lang='lat' dir='ltr'><em>Publicolam.</em></span> 
     </span>
     <span class='ocr_line' id='line_1_35' title="bbox 386 4527 1150 4593; baseline -0.008 -13"><span class='ocrx_word' id='word_1_274' title='bbox 386 4531 396 4564; x_wconf 84' lang='lat'>³</span> <span class='ocrx_word' id='word_1_275' title='bbox 414 4533 445 4579; x_wconf 87' lang='lat' dir='ltr'><em>ad</em></span> <span class='ocrx_word' id='word_1_276' title='bbox 461 4531 617 4593; x_wconf 86' lang='lat' dir='ltr'><em>Lotharium.</em></span> <span class='ocrx_word' id='word_1_277' title='bbox 656 4529 667 4560; x_wconf 87' lang='lat'>⁴</span> <span class='ocrx_word' id='word_1_278' title='bbox 685 4542 773 4579; x_wconf 82' lang='lat' dir='ltr'><em>contra</em></span> <span class='ocrx_word' id='word_1_279' title='bbox 790 4528 875 4576; x_wconf 88' lang='lat' dir='ltr'><em>literas</em></span> <span class='ocrx_word' id='word_1_280' title='bbox 893 4527 1018 4576; x_wconf 85' lang='lat' dir='ltr'><em>Petiliani.</em></span> <span class='ocrx_word' id='word_1_281' title='bbox 1036 4527 1081 4575; x_wconf 90' lang='lat' dir='ltr'><em>lib.</em></span> <span class='ocrx_word' id='word_1_282' title='bbox 1099 4540 1122 4574; x_wconf 81' lang='lat' dir='ltr'><em>a.</em></span> <span class='ocrx_word' id='word_1_283' title='bbox 1148 4555 1150 4560; x_wconf 84' lang='lat'><em>·</em></span> 
     </span>
    </p>
   </div>
   <div class='ocr_carea' id='block_1_6' title="bbox 0 0 1783 5692">
    <p class='ocr_par' dir='ltr' id='par_1_6' title="bbox 0 0 1783 5692">
     <span class='ocr_line' id='line_1_36' title="bbox 0 0 1783 5692; baseline 0 0"><span class='ocrx_word' id='word_1_284' title='bbox 0 0 1783 5692; x_wconf 95' lang='lat' dir='ltr'><em> </em></span> 
     </span>
    </p>
   </div>
  </div>
 </body>
</html>
