<?xml version="1.0" encoding="UTF-8"?>
<!DOCTYPE html PUBLIC "-//W3C//DTD XHTML 1.0 Transitional//EN"
    "http://www.w3.org/TR/xhtml1/DTD/xhtml1-transitional.dtd">
<html xmlns="http://www.w3.org/1999/xhtml" xml:lang="en" lang="en">
 <head>
  <title>
</title>
<meta http-equiv="Content-Type" content="text/html;charset=utf-8" />
  <meta name='ocr-system' content='tesseract 3.04.00' />
  <meta name='ocr-capabilities' content='ocr_page ocr_carea ocr_par ocr_line ocrx_word'/>
</head>
<body>
  <div class='ocr_page' id='page_1' title='image "./ledroitdeprised00hamagoog_0111.png"; bbox 0 0 3552 5654; ppageno 0'>
   <div class='ocr_carea' id='block_1_1' title="bbox 535 680 1408 751">
    <p class='ocr_par' dir='ltr' id='par_1_1' title="bbox 535 680 1408 751">
     <span class='ocr_line' id='line_1_1' title="bbox 535 680 1408 751; baseline 0.002 -21"><span class='ocrx_word' id='word_1_1' title='bbox 535 683 582 730; x_wconf 82' lang='lat' dir='ltr'><em>DE</em></span> <span class='ocrx_word' id='word_1_2' title='bbox 605 683 699 751; x_wconf 86' lang='lat' dir='ltr'>JURE</span> <span class='ocrx_word' id='word_1_3' title='bbox 724 681 910 730; x_wconf 83' lang='lat' dir='ltr'><strong>PRAEDAE·</strong></span> <span class='ocrx_word' id='word_1_4' title='bbox 936 681 1016 728; x_wconf 79' lang='lat' dir='ltr'><strong>CAP.</strong></span> <span class='ocrx_word' id='word_1_5' title='bbox 1040 680 1121 729; x_wconf 90' lang='lat' dir='ltr'>VIII.</span> <span class='ocrx_word' id='word_1_6' title='bbox 1368 683 1408 750; x_wconf 87' lang='lat'><em>91</em></span> 
     </span>
    </p>
   </div>
   <div class='ocr_carea' id='block_1_2' title="bbox 239 835 1413 1479">
    <p class='ocr_par' dir='ltr' id='par_1_2' title="bbox 239 835 1413 1479">
     <span class='ocr_line' id='line_1_2' title="bbox 241 835 1412 922; baseline -0.001 -17"><span class='ocrx_word' id='word_1_7' title='bbox 241 855 303 905; x_wconf 85' lang='lat' dir='ltr'><em>out</em></span> <span class='ocrx_word' id='word_1_8' title='bbox 327 859 390 904; x_wconf 89' lang='lat' dir='ltr'><em>non</em></span> <span class='ocrx_word' id='word_1_9' title='bbox 414 837 596 904; x_wconf 82' lang='lat' dir='ltr'><em>occidendis</em></span> <span class='ocrx_word' id='word_1_10' title='bbox 628 835 855 902; x_wconf 84' lang='lat' dir='ltr'><em>animantibus</em></span> <span class='ocrx_word' id='word_1_11' title='bbox 876 840 928 901; x_wconf 83' lang='lat' dir='ltr'><em>ito</em></span> <span class='ocrx_word' id='word_1_12' title='bbox 947 856 979 900; x_wconf 90' lang='lat' dir='ltr'><em>se</em></span> <span class='ocrx_word' id='word_1_13' title='bbox 999 855 1051 902; x_wconf 87' lang='lat' dir='ltr'><em>res</em></span> <span class='ocrx_word' id='word_1_14' title='bbox 1071 835 1193 901; x_wconf 80' lang='lat' dir='ltr'><em>nabet:</em></span> <span class='ocrx_word' id='word_1_15' title='bbox 1217 857 1302 922; x_wconf 87' lang='lat' dir='ltr'><em>quoe</em></span> <span class='ocrx_word' id='word_1_16' title='bbox 1321 839 1412 922; x_wconf 85' lang='lat' dir='ltr'><em>inju-</em></span> 
     </span>
     <span class='ocr_line' id='line_1_3' title="bbox 241 943 1411 1034; baseline 0 -19"><span class='ocrx_word' id='word_1_17' title='bbox 241 955 330 1016; x_wconf 84' lang='lat' dir='ltr'><em>riam</em></span> <span class='ocrx_word' id='word_1_18' title='bbox 352 949 494 1034; x_wconf 83' lang='lat' dir='ltr'><em>fnciunt</em></span> <span class='ocrx_word' id='word_1_19' title='bbox 515 961 577 1012; x_wconf 83' lang='lat' dir='ltr'><em>aut</em></span> <span class='ocrx_word' id='word_1_20' title='bbox 590 946 709 1032; x_wconf 86' lang='lat' dir='ltr'><em>facere</em></span> <span class='ocrx_word' id='word_1_21' title='bbox 727 947 843 1015; x_wconf 78' lang='lat' dir='ltr'><em>uolunt</em></span> <span class='ocrx_word' id='word_1_22' title='bbox 863 948 1014 1033; x_wconf 90' lang='lat' dir='ltr'><em>quisquis</em></span> <span class='ocrx_word' id='word_1_23' title='bbox 1038 943 1194 1011; x_wconf 83' lang='lat' dir='ltr'><em>occiderit</em></span> <span class='ocrx_word' id='word_1_24' title='bbox 1211 963 1321 1034; x_wconf 90' lang='lat' dir='ltr'><em>purus</em></span> <span class='ocrx_word' id='word_1_25' title='bbox 1339 965 1411 1031; x_wconf 86' lang='lat' dir='ltr'><em>est,</em></span> 
     </span>
     <span class='ocr_line' id='line_1_4' title="bbox 241 1045 1413 1147; baseline 0 -21"><span class='ocrx_word' id='word_1_26' title='bbox 241 1061 320 1127; x_wconf 82' lang='lat' dir='ltr'><em>odeo</em></span> <span class='ocrx_word' id='word_1_27' title='bbox 344 1059 474 1147; x_wconf 86' lang='lat' dir='ltr'><em>quidem</em></span> <span class='ocrx_word' id='word_1_28' title='bbox 497 1072 535 1124; x_wconf 83' lang='lat' dir='ltr'><em>ut</em></span> <span class='ocrx_word' id='word_1_29' title='bbox 559 1060 616 1122; x_wconf 86' lang='lat' dir='ltr'><em>boc</em></span> <span class='ocrx_word' id='word_1_30' title='bbox 628 1057 748 1142; x_wconf 87' lang='lat' dir='ltr'><em>fecisse</em></span> <span class='ocrx_word' id='word_1_31' title='bbox 771 1045 871 1143; x_wconf 83' lang='lat' dir='ltr'><em>quom</em></span> <span class='ocrx_word' id='word_1_32' title='bbox 894 1079 958 1124; x_wconf 94' lang='lat' dir='ltr'><em>non</em></span> <span class='ocrx_word' id='word_1_33' title='bbox 978 1059 1165 1142; x_wconf 76' lang='lat' dir='ltr'><em>fecissetis</em></span> <span class='ocrx_word' id='word_1_34' title='bbox 1185 1062 1321 1125; x_wconf 85' lang='lat' dir='ltr'><em>rectius.</em></span> <span class='ocrx_word' id='word_1_35' title='bbox 1366 1061 1413 1126; x_wconf 92' lang='lat' dir='ltr'><em>Et</em></span> 
     </span>
     <span class='ocr_line' id='line_1_5' title="bbox 240 1167 1396 1254; baseline 0.001 -17"><span class='ocrx_word' id='word_1_36' title='bbox 240 1193 320 1238; x_wconf 86' lang='lat' dir='ltr'><em>mox</em></span> <span class='ocrx_word' id='word_1_37' title='bbox 340 1167 351 1204; x_wconf 87' lang='lat'>¹</span> <span class='ocrx_word' id='word_1_38' title='bbox 374 1175 491 1241; x_wconf 81' lang='grc' dir='ltr'><em>κτείνειν</em></span> <span class='ocrx_word' id='word_1_39' title='bbox 520 1174 577 1254; x_wconf 61' lang='grc' dir='ltr'><em>χρὴ</em></span> <span class='ocrx_word' id='word_1_40' title='bbox 605 1174 646 1239; x_wconf 75' lang='lat' dir='ltr'><em>roi</em></span> <span class='ocrx_word' id='word_1_41' title='bbox 674 1171 858 1252; x_wconf 76' lang='lat' dir='ltr'><em>nunciatura</em></span> <span class='ocrx_word' id='word_1_42' title='bbox 883 1174 965 1254; x_wconf 74' lang='lat' dir='ltr'><em>nupti</em></span> <span class='ocrx_word' id='word_1_43' title='bbox 982 1173 1060 1248; x_wconf 72' lang='grc' dir='ltr'><em>δίκην</em></span> <span class='ocrx_word' id='word_1_44' title='bbox 1079 1169 1181 1238; x_wconf 85' lang='grc' dir='ltr'><em>τιίντιι</em></span> <span class='ocrx_word' id='word_1_45' title='bbox 1202 1172 1396 1254; x_wconf 73' lang='lat' dir='ltr'><em>aspiratorie</em></span> 
     </span>
     <span class='ocr_line' id='line_1_6' title="bbox 241 1278 1412 1368; baseline -0.001 -20"><span class='ocrx_word' id='word_1_46' title='bbox 241 1283 299 1348; x_wconf 90' lang='lat' dir='ltr'><em>Eo</em></span> <span class='ocrx_word' id='word_1_47' title='bbox 330 1303 415 1368; x_wconf 88' lang='lat' dir='ltr'><em>qnae</em></span> <span class='ocrx_word' id='word_1_48' title='bbox 434 1293 548 1344; x_wconf 84' lang='lat' dir='ltr'><em>nocent</em></span> <span class='ocrx_word' id='word_1_49' title='bbox 578 1285 680 1344; x_wconf 76' lang='lat' dir='ltr'><em>exiro</em></span> <span class='ocrx_word' id='word_1_50' title='bbox 699 1279 759 1361; x_wconf 84' lang='lat' dir='ltr'><em>jus</em></span> <span class='ocrx_word' id='word_1_51' title='bbox 795 1283 922 1344; x_wconf 89' lang='lat' dir='ltr'><em>omnino</em></span> <span class='ocrx_word' id='word_1_52' title='bbox 957 1278 1101 1345; x_wconf 84' lang='lat' dir='ltr'><em>occidere</em></span> <span class='ocrx_word' id='word_1_53' title='bbox 1131 1291 1233 1364; x_wconf 85' lang='lat' dir='ltr'><em>atque</em></span> <span class='ocrx_word' id='word_1_54' title='bbox 1265 1282 1412 1347; x_wconf 88' lang='lat' dir='ltr'><em>omnibns</em></span> 
     </span>
     <span class='ocr_line' id='line_1_7' title="bbox 239 1389 1412 1479; baseline 0.003 -21"><span class='ocrx_word' id='word_1_55' title='bbox 239 1396 404 1461; x_wconf 70' lang='lat' dir='ltr'><em>convenit.</em></span> <span class='ocrx_word' id='word_1_56' title='bbox 427 1392 557 1458; x_wconf 88' lang='lat' dir='ltr'>Rursus</span> <span class='ocrx_word' id='word_1_57' title='bbox 576 1393 607 1454; x_wconf 88' lang='lat'><em>¹:</em></span> <span class='ocrx_word' id='word_1_58' title='bbox 629 1389 700 1466; x_wconf 76' lang='lat' dir='ltr'><em>inne</em></span> <span class='ocrx_word' id='word_1_59' title='bbox 719 1394 782 1475; x_wconf 73' lang='grc' dir='ltr'><em>περὶ</em></span> <span class='ocrx_word' id='word_1_60' title='bbox 800 1393 931 1460; x_wconf 68' lang='lat' dir='ltr'><em>nundino</em></span> <span class='ocrx_word' id='word_1_61' title='bbox 946 1419 980 1459; x_wconf 88' lang='grc' dir='ltr'><em>τε</em></span> <span class='ocrx_word' id='word_1_62' title='bbox 997 1393 1047 1458; x_wconf 79' lang='lat' dir='ltr'><em>smel</em></span> <span class='ocrx_word' id='word_1_63' title='bbox 1066 1391 1202 1473; x_wconf 79' lang='grc' dir='ltr'><em>ἑρπετίων</em></span> <span class='ocrx_word' id='word_1_64' title='bbox 1217 1393 1412 1479; x_wconf 55' lang='lat' dir='ltr'><em>stapionem</em></span> 
     </span>
    </p>
   </div>
   <div class='ocr_carea' id='block_1_3' title="bbox 240 1500 1412 1697">
    <p class='ocr_par' dir='ltr' id='par_1_3' title="bbox 240 1500 1412 1697">
     <span class='ocr_line' id='line_1_8' title="bbox 240 1500 1411 1586; baseline -0.001 -13"><span class='ocrx_word' id='word_1_65' title='bbox 240 1512 298 1573; x_wconf 81' lang='grc' dir='ltr'><em>τῶν</em></span> <span class='ocrx_word' id='word_1_66' title='bbox 319 1507 480 1586; x_wconf 67' lang='grc' dir='ltr'><em>πολεμίων,</em></span> <span class='ocrx_word' id='word_1_67' title='bbox 507 1501 579 1570; x_wconf 82' lang='grc' dir='ltr'><em>ιὶίτιι</em></span> <span class='ocrx_word' id='word_1_68' title='bbox 598 1504 647 1570; x_wconf 81' lang='lat' dir='ltr'><em>nni</em></span> <span class='ocrx_word' id='word_1_69' title='bbox 673 1506 755 1571; x_wconf 81' lang='grc' dir='ltr'><em>ιιιιτίι</em></span> <span class='ocrx_word' id='word_1_70' title='bbox 782 1504 930 1585; x_wconf 70' lang='lat' dir='ltr'><em>numano</em></span> <span class='ocrx_word' id='word_1_71' title='bbox 948 1504 1026 1569; x_wconf 79' lang='grc' dir='ltr'><em>δοκεῖ</em></span> <span class='ocrx_word' id='word_1_72' title='bbox 1043 1526 1091 1582; x_wconf 75' lang='grc' dir='ltr'><em>μοι</em></span> <span class='ocrx_word' id='word_1_73' title='bbox 1110 1504 1201 1584; x_wconf 68' lang='grc' dir='ltr'><em>χρεὼν</em></span> <span class='ocrx_word' id='word_1_74' title='bbox 1221 1500 1293 1569; x_wconf 72' lang='lat' dir='ltr'><em>tirou</em></span> <span class='ocrx_word' id='word_1_75' title='bbox 1314 1514 1411 1572; x_wconf 78' lang='grc' dir='ltr'><em>ποιεῖν.</em></span> 
     </span>
     <span class='ocr_line' id='line_1_9' title="bbox 245 1610 1412 1697; baseline 0 -19"><span class='ocrx_word' id='word_1_76' title='bbox 245 1610 339 1697; x_wconf 86' lang='lat' dir='ltr'><em>Quae</em></span> <span class='ocrx_word' id='word_1_77' title='bbox 365 1633 442 1681; x_wconf 78' lang='lat' dir='ltr'><em>uero</em></span> <span class='ocrx_word' id='word_1_78' title='bbox 473 1611 512 1677; x_wconf 79' lang='lat' dir='ltr'><em>de</em></span> <span class='ocrx_word' id='word_1_79' title='bbox 542 1610 695 1696; x_wconf 72' lang='lat' dir='ltr'><em>rupibus</em></span> <span class='ocrx_word' id='word_1_80' title='bbox 724 1624 756 1676; x_wconf 84' lang='lat' dir='ltr'><em>et</em></span> <span class='ocrx_word' id='word_1_81' title='bbox 788 1613 933 1675; x_wconf 88' lang='lat' dir='ltr'><em>inimicis</em></span> <span class='ocrx_word' id='word_1_82' title='bbox 962 1611 1167 1696; x_wconf 76' lang='lat' dir='ltr'><em>serpentibus</em></span> <span class='ocrx_word' id='word_1_83' title='bbox 1198 1614 1412 1697; x_wconf 90' lang='lat' dir='ltr'><em>scripsimus,</em></span> 
     </span>
    </p>
   </div>
   <div class='ocr_carea' id='block_1_4' title="bbox 242 1720 1458 3244">
    <p class='ocr_par' dir='ltr' id='par_1_4' title="bbox 242 1720 1458 3244">
     <span class='ocr_line' id='line_1_10' title="bbox 243 1720 1414 1807; baseline -0.003 -17"><span class='ocrx_word' id='word_1_84' title='bbox 243 1723 352 1790; x_wconf 85' lang='lat' dir='ltr'><em>eodem</em></span> <span class='ocrx_word' id='word_1_85' title='bbox 370 1727 407 1788; x_wconf 88' lang='lat' dir='ltr'><em>in</em></span> <span class='ocrx_word' id='word_1_86' title='bbox 423 1721 606 1788; x_wconf 80' lang='lat' dir='ltr'><em>hominibus</em></span> <span class='ocrx_word' id='word_1_87' title='bbox 620 1721 784 1807; x_wconf 84' lang='lat' dir='ltr'><em>facienda</em></span> <span class='ocrx_word' id='word_1_88' title='bbox 802 1721 974 1790; x_wconf 81' lang='lat' dir='ltr'><em>ridentur.</em></span> <span class='ocrx_word' id='word_1_89' title='bbox 997 1720 1044 1785; x_wconf 90' lang='lat' dir='ltr'><em>Et</em></span> <span class='ocrx_word' id='word_1_90' title='bbox 1066 1720 1239 1806; x_wconf 87' lang='lat' dir='ltr'><em>subiungit</em></span> <span class='ocrx_word' id='word_1_91' title='bbox 1258 1722 1290 1788; x_wconf 77' lang='lat' dir='ltr'><em>&#39;s</em></span> <span class='ocrx_word' id='word_1_92' title='bbox 1311 1727 1414 1807; x_wconf 59' lang='lat' dir='ltr'><em>miala-</em></span> 
     </span>
     <span class='ocr_line' id='line_1_11' title="bbox 242 1833 1413 1920; baseline 0 -16"><span class='ocrx_word' id='word_1_93' title='bbox 242 1853 295 1914; x_wconf 78' lang='grc' dir='ltr'><em>λνν</em></span> <span class='ocrx_word' id='word_1_94' title='bbox 315 1837 365 1904; x_wconf 80' lang='lat' dir='ltr'><em>nul</em></span> <span class='ocrx_word' id='word_1_95' title='bbox 397 1838 507 1919; x_wconf 65' lang='grc' dir='ltr'><em>λῃστὴν</em></span> <span class='ocrx_word' id='word_1_96' title='bbox 535 1833 639 1902; x_wconf 86' lang='grc' dir='ltr'><em>τιίντιι</em></span> <span class='ocrx_word' id='word_1_97' title='bbox 657 1835 771 1903; x_wconf 80' lang='grc' dir='ltr'><em>κτείνων</em></span> <span class='ocrx_word' id='word_1_98' title='bbox 792 1859 835 1908; x_wconf 83' lang='grc' dir='ltr'><em>τις</em></span> <span class='ocrx_word' id='word_1_99' title='bbox 857 1836 944 1918; x_wconf 80' lang='grc' dir='ltr'><em>ιίίῷις</em></span> <span class='ocrx_word' id='word_1_100' title='bbox 965 1833 1002 1901; x_wconf 82' lang='grc' dir='ltr'><em>ίιν</em></span> <span class='ocrx_word' id='word_1_101' title='bbox 1021 1833 1156 1910; x_wconf 51' lang='lat' dir='ltr'><em>sinum)</em></span> <span class='ocrx_word' id='word_1_102' title='bbox 1176 1837 1340 1920; x_wconf 65' lang='grc' dir='ltr'><em>αὐτοχειρίῃ</em></span> <span class='ocrx_word' id='word_1_103' title='bbox 1362 1837 1413 1904; x_wconf 78' lang='lat' dir='ltr'><em>nui</em></span> 
     </span>
     <span class='ocr_line' id='line_1_12' title="bbox 243 1941 1414 2030; baseline -0.003 -16"><span class='ocrx_word' id='word_1_104' title='bbox 243 1949 366 2014; x_wconf 72' lang='grc' dir='ltr'><em>κελεύων</em></span> <span class='ocrx_word' id='word_1_105' title='bbox 384 1948 433 2014; x_wconf 80' lang='lat' dir='ltr'><em>nni</em></span> <span class='ocrx_word' id='word_1_106' title='bbox 466 1947 573 2030; x_wconf 72' lang='grc' dir='ltr'><strong><em>ψήφῳ.</em></strong></span> <span class='ocrx_word' id='word_1_107' title='bbox 622 1942 744 2008; x_wconf 88' lang='lat' dir='ltr'><em>Furem</em></span> <span class='ocrx_word' id='word_1_108' title='bbox 777 1955 808 2006; x_wconf 83' lang='lat' dir='ltr'><em>et</em></span> <span class='ocrx_word' id='word_1_109' title='bbox 840 1941 1004 2008; x_wconf 84' lang='lat' dir='ltr'><em>latronem</em></span> <span class='ocrx_word' id='word_1_110' title='bbox 1036 1945 1223 2026; x_wconf 76' lang='lat' dir='ltr'><em>quicunque</em></span> <span class='ocrx_word' id='word_1_111' title='bbox 1243 1945 1414 2029; x_wconf 85' lang='lat' dir='ltr'><em>quomodo-</em></span> 
     </span>
     <span class='ocr_line' id='line_1_13' title="bbox 244 2052 1415 2140; baseline 0.001 -20"><span class='ocrx_word' id='word_1_112' title='bbox 244 2075 371 2140; x_wconf 81' lang='lat' dir='ltr'><em>cunque</em></span> <span class='ocrx_word' id='word_1_113' title='bbox 399 2052 556 2119; x_wconf 85' lang='lat' dir='ltr'><em>ocoiderit</em></span> <span class='ocrx_word' id='word_1_114' title='bbox 585 2057 739 2118; x_wconf 87' lang='lat' dir='ltr'><em>innocens</em></span> <span class='ocrx_word' id='word_1_115' title='bbox 767 2065 836 2133; x_wconf 84' lang='lat' dir='ltr'><em>est,</em></span> <span class='ocrx_word' id='word_1_116' title='bbox 866 2056 934 2121; x_wconf 84' lang='lat' dir='ltr'><em>sire</em></span> <span class='ocrx_word' id='word_1_117' title='bbox 963 2073 1087 2133; x_wconf 85' lang='lat' dir='ltr'><em>manu,</em></span> <span class='ocrx_word' id='word_1_118' title='bbox 1118 2056 1186 2120; x_wconf 81' lang='lat' dir='ltr'><em>siue</em></span> <span class='ocrx_word' id='word_1_119' title='bbox 1202 2054 1324 2136; x_wconf 79' lang='lat' dir='ltr'><em>jussu,</em></span> <span class='ocrx_word' id='word_1_120' title='bbox 1347 2059 1415 2126; x_wconf 78' lang='lat' dir='ltr'><em>siae</em></span> 
     </span>
     <span class='ocr_line' id='line_1_14' title="bbox 245 2161 1414 2253; baseline 0.002 -23"><span class='ocrx_word' id='word_1_121' title='bbox 245 2163 420 2253; x_wconf 83' lang='lat' dir='ltr'><em>suffragio.</em></span> <span class='ocrx_word' id='word_1_122' title='bbox 466 2162 565 2231; x_wconf 86' lang='lat' dir='ltr'><em>Putes</em></span> <span class='ocrx_word' id='word_1_123' title='bbox 588 2183 662 2230; x_wconf 80' lang='lat' dir='ltr'><em>eunt</em></span> <span class='ocrx_word' id='word_1_124' title='bbox 686 2185 704 2229; x_wconf 84' lang='lat' dir='ltr'><em>a</em></span> <span class='ocrx_word' id='word_1_125' title='bbox 728 2165 851 2230; x_wconf 84' lang='lat' dir='ltr'><em>Seneca</em></span> <span class='ocrx_word' id='word_1_126' title='bbox 874 2161 886 2198; x_wconf 70' lang='lat'><strong>⁴</strong></span> <span class='ocrx_word' id='word_1_127' title='bbox 909 2165 1047 2245; x_wconf 87' lang='lat' dir='ltr'><em>lectum,</em></span> <span class='ocrx_word' id='word_1_128' title='bbox 1083 2164 1160 2247; x_wconf 86' lang='lat' dir='ltr'><em>qui,</em></span> <span class='ocrx_word' id='word_1_129' title='bbox 1184 2165 1313 2249; x_wconf 85' lang='lat' dir='ltr'><em>inquit,</em></span> <span class='ocrx_word' id='word_1_130' title='bbox 1340 2187 1414 2232; x_wconf 87' lang='lat' dir='ltr'><em>com</em></span> 
     </span>
     <span class='ocr_line' id='line_1_15' title="bbox 243 2273 1414 2363; baseline 0.002 -23"><span class='ocrx_word' id='word_1_131' title='bbox 243 2281 400 2344; x_wconf 78' lang='lat' dir='ltr'><em>ceruicem</em></span> <span class='ocrx_word' id='word_1_132' title='bbox 424 2279 522 2340; x_wconf 80' lang='lat' dir='ltr'><em>noxio</em></span> <span class='ocrx_word' id='word_1_133' title='bbox 541 2274 697 2363; x_wconf 86' lang='lat' dir='ltr'><em>praecidi</em></span> <span class='ocrx_word' id='word_1_134' title='bbox 718 2275 906 2361; x_wconf 84' lang='lat' dir='ltr'><em>imperabo,</em></span> <span class='ocrx_word' id='word_1_135' title='bbox 938 2295 972 2340; x_wconf 91' lang='lat' dir='ltr'><em>eo</em></span> <span class='ocrx_word' id='word_1_136' title='bbox 1006 2273 1104 2341; x_wconf 79' lang='lat' dir='ltr'><em>uultu</em></span> <span class='ocrx_word' id='word_1_137' title='bbox 1134 2279 1308 2362; x_wconf 86' lang='lat' dir='ltr'><em>animoque</em></span> <span class='ocrx_word' id='word_1_138' title='bbox 1334 2298 1414 2359; x_wconf 92' lang='lat' dir='ltr'><em>ero,</em></span> 
     </span>
     <span class='ocr_line' id='line_1_16' title="bbox 245 2379 1416 2472; baseline -0.001 -21"><span class='ocrx_word' id='word_1_139' title='bbox 245 2407 307 2472; x_wconf 90' lang='lat' dir='ltr'><em>quo</em></span> <span class='ocrx_word' id='word_1_140' title='bbox 334 2389 497 2472; x_wconf 74' lang='lat' dir='ltr'><em>serpentes</em></span> <span class='ocrx_word' id='word_1_141' title='bbox 522 2400 554 2451; x_wconf 84' lang='lat' dir='ltr'><em>ct</em></span> <span class='ocrx_word' id='word_1_142' title='bbox 582 2385 748 2451; x_wconf 84' lang='lat' dir='ltr'><em>animalia</em></span> <span class='ocrx_word' id='word_1_143' title='bbox 776 2398 939 2454; x_wconf 74' lang='lat' dir='ltr'><em>uenenato</em></span> <span class='ocrx_word' id='word_1_144' title='bbox 963 2387 1127 2470; x_wconf 84' lang='lat' dir='ltr'><em>percutio.</em></span> <span class='ocrx_word' id='word_1_145' title='bbox 1173 2385 1219 2449; x_wconf 94' lang='lat' dir='ltr'><em>Et</em></span> <span class='ocrx_word' id='word_1_146' title='bbox 1242 2383 1320 2449; x_wconf 92' lang='lat' dir='ltr'><em>alibi</em></span> <span class='ocrx_word' id='word_1_147' title='bbox 1343 2379 1356 2415; x_wconf 87' lang='lat'>‘</span> <span class='ocrx_word' id='word_1_148' title='bbox 1376 2407 1416 2451; x_wconf 93' lang='lat' dir='ltr'><em>ne</em></span> 
     </span>
     <span class='ocr_line' id='line_1_17' title="bbox 245 2495 1416 2582; baseline -0.003 -18"><span class='ocrx_word' id='word_1_149' title='bbox 245 2500 378 2582; x_wconf 68' lang='lat' dir='ltr'><em>viperas</em></span> <span class='ocrx_word' id='word_1_150' title='bbox 406 2495 536 2581; x_wconf 81' lang='lat' dir='ltr'><em>quidem</em></span> <span class='ocrx_word' id='word_1_151' title='bbox 569 2511 601 2561; x_wconf 85' lang='lat' dir='ltr'><em>ec</em></span> <span class='ocrx_word' id='word_1_152' title='bbox 630 2499 778 2562; x_wconf 85' lang='lat' dir='ltr'><em>natrices</em></span> <span class='ocrx_word' id='word_1_153' title='bbox 798 2509 829 2560; x_wconf 84' lang='lat' dir='ltr'><em>et</em></span> <span class='ocrx_word' id='word_1_154' title='bbox 850 2499 879 2560; x_wconf 94' lang='lat' dir='ltr'><em>si</em></span> <span class='ocrx_word' id='word_1_155' title='bbox 902 2515 970 2580; x_wconf 91' lang='lat' dir='ltr'><em>qua</em></span> <span class='ocrx_word' id='word_1_156' title='bbox 992 2515 1103 2559; x_wconf 87' lang='lat' dir='ltr'><em>morsu</em></span> <span class='ocrx_word' id='word_1_157' title='bbox 1125 2507 1187 2559; x_wconf 84' lang='lat' dir='ltr'><em>out</em></span> <span class='ocrx_word' id='word_1_158' title='bbox 1209 2498 1281 2560; x_wconf 87' lang='lat' dir='ltr'><em>ictu</em></span> <span class='ocrx_word' id='word_1_159' title='bbox 1301 2509 1416 2560; x_wconf 83' lang='lat' dir='ltr'><em>nocent</em></span> 
     </span>
     <span class='ocr_line' id='line_1_18' title="bbox 246 2606 1458 2693; baseline 0 -22"><span class='ocrx_word' id='word_1_160' title='bbox 246 2608 484 2692; x_wconf 80' lang='lat' dir='ltr'><em>affligeremus,</em></span> <span class='ocrx_word' id='word_1_161' title='bbox 507 2609 537 2670; x_wconf 86' lang='lat' dir='ltr'><em>si</em></span> <span class='ocrx_word' id='word_1_162' title='bbox 558 2621 596 2670; x_wconf 84' lang='lat' dir='ltr'><em>uc</em></span> <span class='ocrx_word' id='word_1_163' title='bbox 615 2606 748 2691; x_wconf 85' lang='lat' dir='ltr'><em>reliquo</em></span> <span class='ocrx_word' id='word_1_164' title='bbox 767 2606 1015 2690; x_wconf 84' lang='lat' dir='ltr'><em>mansuefacere</em></span> <span class='ocrx_word' id='word_1_165' title='bbox 1027 2620 1191 2692; x_wconf 89' lang='lat' dir='ltr'><em>possemus</em></span> <span class='ocrx_word' id='word_1_166' title='bbox 1203 2619 1265 2670; x_wconf 85' lang='lat' dir='ltr'><em>nut</em></span> <span class='ocrx_word' id='word_1_167' title='bbox 1277 2608 1414 2693; x_wconf 86' lang='lat' dir='ltr'><em>efficere,</em></span> <span class='ocrx_word' id='word_1_168' title='bbox 1456 2656 1458 2660; x_wconf 85' lang='grc'>-</span> 
     </span>
     <span class='ocr_line' id='line_1_19' title="bbox 246 2715 1416 2802; baseline 0.001 -22"><span class='ocrx_word' id='word_1_169' title='bbox 246 2736 286 2781; x_wconf 88' lang='lat' dir='ltr'><em>ne</em></span> <span class='ocrx_word' id='word_1_170' title='bbox 311 2716 400 2780; x_wconf 89' lang='lat' dir='ltr'><em>nobis</em></span> <span class='ocrx_word' id='word_1_171' title='bbox 420 2715 538 2783; x_wconf 83' lang='lat' dir='ltr'><em>aliisue</em></span> <span class='ocrx_word' id='word_1_172' title='bbox 551 2715 703 2802; x_wconf 88' lang='lat' dir='ltr'><em>periculo</em></span> <span class='ocrx_word' id='word_1_173' title='bbox 727 2729 839 2780; x_wconf 85' lang='lat' dir='ltr'><em>essent.</em></span> <span class='ocrx_word' id='word_1_174' title='bbox 886 2717 981 2801; x_wconf 84' lang='lat' dir='ltr'><em>Ergo</em></span> <span class='ocrx_word' id='word_1_175' title='bbox 1003 2736 1042 2802; x_wconf 80' lang='lat' dir='ltr'><em>ne</em></span> <span class='ocrx_word' id='word_1_176' title='bbox 1064 2717 1188 2780; x_wconf 82' lang='lat' dir='ltr'><em>homini</em></span> <span class='ocrx_word' id='word_1_177' title='bbox 1208 2715 1337 2801; x_wconf 84' lang='lat' dir='ltr'><em>quidem</em></span> <span class='ocrx_word' id='word_1_178' title='bbox 1360 2739 1416 2781; x_wconf 94' lang='lat' dir='ltr'><em>no-</em></span> 
     </span>
     <span class='ocr_line' id='line_1_20' title="bbox 244 2824 1416 2913; baseline 0.001 -21"><span class='ocrx_word' id='word_1_179' title='bbox 244 2827 384 2892; x_wconf 88' lang='lat' dir='ltr'><em>cebimus</em></span> <span class='ocrx_word' id='word_1_180' title='bbox 417 2829 499 2912; x_wconf 90' lang='lat' dir='ltr'><em>quio</em></span> <span class='ocrx_word' id='word_1_181' title='bbox 514 2830 690 2913; x_wconf 76' lang='lat' dir='ltr'><em>peccauit,</em></span> <span class='ocrx_word' id='word_1_182' title='bbox 724 2824 781 2891; x_wconf 82' lang='lat' dir='ltr'><em>sed</em></span> <span class='ocrx_word' id='word_1_183' title='bbox 807 2847 846 2890; x_wconf 90' lang='lat' dir='ltr'><em>ne</em></span> <span class='ocrx_word' id='word_1_184' title='bbox 871 2839 992 2911; x_wconf 81' lang='lat' dir='ltr'><em>peccet.</em></span> <span class='ocrx_word' id='word_1_185' title='bbox 1037 2826 1091 2890; x_wconf 86' lang='lat' dir='ltr'><em>Ex</em></span> <span class='ocrx_word' id='word_1_186' title='bbox 1122 2825 1173 2890; x_wconf 87' lang='lat' dir='ltr'><em>his</em></span> <span class='ocrx_word' id='word_1_187' title='bbox 1204 2841 1336 2908; x_wconf 90' lang='lat' dir='ltr'><em>apparet</em></span> <span class='ocrx_word' id='word_1_188' title='bbox 1354 2847 1416 2909; x_wconf 77' lang='lat' dir='ltr'><em>pu.-</em></span> 
     </span>
     <span class='ocr_line' id='line_1_21' title="bbox 245 2936 1415 3020; baseline 0 -17"><span class='ocrx_word' id='word_1_189' title='bbox 245 2938 356 3003; x_wconf 89' lang='lat' dir='ltr'><em>niendi</em></span> <span class='ocrx_word' id='word_1_190' title='bbox 388 2955 501 3004; x_wconf 87' lang='lat' dir='ltr'><em>causas</em></span> <span class='ocrx_word' id='word_1_191' title='bbox 535 2957 604 3003; x_wconf 89' lang='lat' dir='ltr'><em>esse</em></span> <span class='ocrx_word' id='word_1_192' title='bbox 636 2938 800 3002; x_wconf 88' lang='lat' dir='ltr'><em>naturales</em></span> <span class='ocrx_word' id='word_1_193' title='bbox 823 2951 855 3002; x_wconf 89' lang='lat' dir='ltr'><em>et</em></span> <span class='ocrx_word' id='word_1_194' title='bbox 885 2955 925 3001; x_wconf 87' lang='lat' dir='ltr'><em>ex</em></span> <span class='ocrx_word' id='word_1_195' title='bbox 948 2956 983 3001; x_wconf 87' lang='lat' dir='ltr'><em>ea</em></span> <span class='ocrx_word' id='word_1_196' title='bbox 1006 2936 1076 3020; x_wconf 85' lang='lat' dir='ltr'><em>lege</em></span> <span class='ocrx_word' id='word_1_197' title='bbox 1097 2936 1294 3018; x_wconf 85' lang='lat' dir='ltr'><em>procedere,</em></span> <span class='ocrx_word' id='word_1_198' title='bbox 1319 2959 1415 3020; x_wconf 89' lang='lat' dir='ltr'><em>quam</em></span> 
     </span>
     <span class='ocr_line' id='line_1_22' title="bbox 245 3047 1415 3135; baseline 0 -21"><span class='ocrx_word' id='word_1_199' title='bbox 245 3068 307 3114; x_wconf 93' lang='lat' dir='ltr'><em>nos</em></span> <span class='ocrx_word' id='word_1_200' title='bbox 333 3048 469 3132; x_wconf 80' lang='lat' dir='ltr'><em>prImam</em></span> <span class='ocrx_word' id='word_1_201' title='bbox 499 3047 743 3132; x_wconf 84' lang='lat' dir='ltr'><em>descripsimus.</em></span> <span class='ocrx_word' id='word_1_202' title='bbox 790 3047 884 3135; x_wconf 91' lang='lat' dir='ltr'><em>Quid</em></span> <span class='ocrx_word' id='word_1_203' title='bbox 913 3067 1011 3132; x_wconf 87' lang='lat' dir='ltr'><em>erg0‚</em></span> <span class='ocrx_word' id='word_1_204' title='bbox 1046 3067 1153 3114; x_wconf 89' lang='lat' dir='ltr'><em>noune</em></span> <span class='ocrx_word' id='word_1_205' title='bbox 1180 3048 1337 3131; x_wconf 90' lang='lat' dir='ltr'><em>puniendi</em></span> <span class='ocrx_word' id='word_1_206' title='bbox 1356 3069 1415 3132; x_wconf 90' lang='lat' dir='ltr'><em>po-</em></span> 
     </span>
     <span class='ocr_line' id='line_1_23' title="bbox 245 3159 1418 3244; baseline 0 -18"><span class='ocrx_word' id='word_1_207' title='bbox 245 3175 345 3226; x_wconf 90' lang='lat' dir='ltr'><em>testas</em></span> <span class='ocrx_word' id='word_1_208' title='bbox 377 3159 576 3244; x_wconf 84' lang='lat' dir='ltr'><em>reipublicae</em></span> <span class='ocrx_word' id='word_1_209' title='bbox 604 3159 737 3243; x_wconf 87' lang='lat' dir='ltr'><em>propria</em></span> <span class='ocrx_word' id='word_1_210' title='bbox 769 3159 843 3224; x_wconf 76' lang='lat' dir='ltr'><em>est?</em></span> <span class='ocrx_word' id='word_1_211' title='bbox 889 3160 960 3225; x_wconf 91' lang='lat' dir='ltr'><em>Imo</em></span> <span class='ocrx_word' id='word_1_212' title='bbox 990 3178 1068 3226; x_wconf 91' lang='lat' dir='ltr'><em>vero</em></span> <span class='ocrx_word' id='word_1_213' title='bbox 1090 3173 1166 3226; x_wconf 90' lang='lat' dir='ltr'><em>uta</em></span> <span class='ocrx_word' id='word_1_214' title='bbox 1189 3159 1355 3242; x_wconf 89' lang='lat' dir='ltr'><em>republica</em></span> <span class='ocrx_word' id='word_1_215' title='bbox 1377 3162 1418 3226; x_wconf 89' lang='lat' dir='ltr'><em>ad</em></span> 
     </span>
    </p>
   </div>
   <div class='ocr_carea' id='block_1_5' title="bbox 153 3269 1415 3356">
    <p class='ocr_par' dir='ltr' id='par_1_5' title="bbox 153 3269 1415 3356">
     <span class='ocr_line' id='line_1_24' title="bbox 153 3269 1415 3356; baseline 0.002 -22"><span class='ocrx_word' id='word_1_216' title='bbox 153 3331 156 3334; x_wconf 85' lang='lat'>.</span> <span class='ocrx_word' id='word_1_217' title='bbox 246 3272 490 3356; x_wconf 86' lang='lat' dir='ltr'><em>magistratum,</em></span> <span class='ocrx_word' id='word_1_218' title='bbox 512 3271 560 3336; x_wconf 86' lang='lat' dir='ltr'><em>ita</em></span> <span class='ocrx_word' id='word_1_219' title='bbox 580 3272 621 3336; x_wconf 85' lang='lat' dir='ltr'><em>ad</em></span> <span class='ocrx_word' id='word_1_220' title='bbox 639 3270 871 3354; x_wconf 86' lang='lat' dir='ltr'><em>rempublicam</em></span> <span class='ocrx_word' id='word_1_221' title='bbox 888 3271 944 3356; x_wconf 84' lang='lat' dir='ltr'><em>jus</em></span> <span class='ocrx_word' id='word_1_222' title='bbox 965 3291 1059 3336; x_wconf 89' lang='lat' dir='ltr'><em>omne</em></span> <span class='ocrx_word' id='word_1_223' title='bbox 1075 3291 1093 3335; x_wconf 86' lang='lat' dir='ltr'><em>a</em></span> <span class='ocrx_word' id='word_1_224' title='bbox 1111 3269 1247 3354; x_wconf 88' lang='lat' dir='ltr'><em>singulis</em></span> <span class='ocrx_word' id='word_1_225' title='bbox 1260 3271 1415 3354; x_wconf 89' lang='lat' dir='ltr'><em>devenit,</em></span> 
     </span>
    </p>
   </div>
   <div class='ocr_carea' id='block_1_6' title="bbox 246 3380 1418 4246">
    <p class='ocr_par' dir='ltr' id='par_1_6' title="bbox 246 3380 1418 4246">
     <span class='ocr_line' id='line_1_25' title="bbox 247 3380 1418 3468; baseline 0.001 -21"><span class='ocrx_word' id='word_1_226' title='bbox 247 3385 433 3464; x_wconf 89' lang='lat' dir='ltr'><em>collatoque</em></span> <span class='ocrx_word' id='word_1_227' title='bbox 445 3401 621 3460; x_wconf 88' lang='lat' dir='ltr'><em>consensu,</em></span> <span class='ocrx_word' id='word_1_228' title='bbox 643 3397 682 3447; x_wconf 93' lang='lat' dir='ltr'><em>ut</em></span> <span class='ocrx_word' id='word_1_229' title='bbox 703 3382 743 3447; x_wconf 83' lang='lat' dir='ltr'><em>ad</em></span> <span class='ocrx_word' id='word_1_230' title='bbox 765 3383 908 3468; x_wconf 85' lang='lat' dir='ltr'><em>regulam</em></span> <span class='ocrx_word' id='word_1_231' title='bbox 929 3381 1057 3448; x_wconf 87' lang='lat' dir='ltr'><em>tertiam</em></span> <span class='ocrx_word' id='word_1_232' title='bbox 1077 3380 1281 3448; x_wconf 88' lang='lat' dir='ltr'><em>ostendimus</em></span> <span class='ocrx_word' id='word_1_233' title='bbox 1304 3380 1338 3464; x_wconf 80' lang='lat'><em>⁶,</em></span> <span class='ocrx_word' id='word_1_234' title='bbox 1359 3403 1418 3465; x_wconf 70' lang='lat' dir='ltr'><em>pu</em></span> 
     </span>
     <span class='ocr_line' id='line_1_26' title="bbox 247 3490 1416 3582; baseline -0.001 -22"><span class='ocrx_word' id='word_1_235' title='bbox 247 3509 346 3560; x_wconf 89' lang='lat' dir='ltr'><em>testas</em></span> <span class='ocrx_word' id='word_1_236' title='bbox 356 3493 488 3576; x_wconf 90' lang='lat' dir='ltr'><em>publica</em></span> <span class='ocrx_word' id='word_1_237' title='bbox 500 3493 680 3560; x_wconf 86' lang='lat' dir='ltr'><em>constituta</em></span> <span class='ocrx_word' id='word_1_238' title='bbox 699 3509 757 3560; x_wconf 90' lang='lat' dir='ltr'><em>est.</em></span> <span class='ocrx_word' id='word_1_239' title='bbox 782 3495 892 3582; x_wconf 88' lang='lat' dir='ltr'><em>Quare</em></span> <span class='ocrx_word' id='word_1_240' title='bbox 904 3513 979 3558; x_wconf 88' lang='lat' dir='ltr'><em>cum</em></span> <span class='ocrx_word' id='word_1_241' title='bbox 992 3490 1166 3559; x_wconf 85' lang='lat' dir='ltr'><em>transferre</em></span> <span class='ocrx_word' id='word_1_242' title='bbox 1185 3511 1280 3558; x_wconf 89' lang='lat' dir='ltr'><em>nemo</em></span> <span class='ocrx_word' id='word_1_243' title='bbox 1297 3494 1416 3577; x_wconf 86' lang='lat' dir='ltr'><em>possit,</em></span> 
     </span>
     <span class='ocr_line' id='line_1_27' title="bbox 247 3593 1416 3689; baseline 0 -19"><span class='ocrx_word' id='word_1_244' title='bbox 247 3605 337 3687; x_wconf 89' lang='lat' dir='ltr'><em>quod</em></span> <span class='ocrx_word' id='word_1_245' title='bbox 353 3624 420 3670; x_wconf 91' lang='lat' dir='ltr'><em>non</em></span> <span class='ocrx_word' id='word_1_246' title='bbox 436 3605 566 3684; x_wconf 87' lang='lat' dir='ltr'><em>habuit,</em></span> <span class='ocrx_word' id='word_1_247' title='bbox 583 3605 637 3689; x_wconf 87' lang='lat' dir='ltr'><em>jus</em></span> <span class='ocrx_word' id='word_1_248' title='bbox 654 3605 737 3671; x_wconf 93' lang='lat' dir='ltr'><em>illud</em></span> <span class='ocrx_word' id='word_1_249' title='bbox 754 3603 924 3687; x_wconf 87' lang='lat' dir='ltr'><em>antiquius</em></span> <span class='ocrx_word' id='word_1_250' title='bbox 934 3623 1034 3687; x_wconf 87' lang='lat' dir='ltr'><em>penes</em></span> <span class='ocrx_word' id='word_1_251' title='bbox 1050 3593 1195 3686; x_wconf 82' lang='lat' dir='ltr'><em>privatos</em></span> <span class='ocrx_word' id='word_1_252' title='bbox 1206 3602 1307 3669; x_wconf 88' lang='lat' dir='ltr'><em>fuisse</em></span> <span class='ocrx_word' id='word_1_253' title='bbox 1320 3623 1416 3688; x_wconf 90' lang='lat' dir='ltr'><em>quam</em></span> 
     </span>
     <span class='ocr_line' id='line_1_28' title="bbox 246 3715 1416 3800; baseline -0.003 -18"><span class='ocrx_word' id='word_1_254' title='bbox 246 3735 345 3800; x_wconf 86' lang='lat' dir='ltr'><em>penes</em></span> <span class='ocrx_word' id='word_1_255' title='bbox 365 3715 598 3798; x_wconf 89' lang='lat' dir='ltr'><em>rempublicam</em></span> <span class='ocrx_word' id='word_1_256' title='bbox 619 3735 751 3782; x_wconf 89' lang='lat' dir='ltr'><em>necesse</em></span> <span class='ocrx_word' id='word_1_257' title='bbox 780 3715 920 3782; x_wconf 88' lang='lat' dir='ltr'><em>videtur.</em></span> <span class='ocrx_word' id='word_1_258' title='bbox 966 3715 1030 3779; x_wconf 88' lang='lat' dir='ltr'><em>Est</em></span> <span class='ocrx_word' id='word_1_259' title='bbox 1052 3728 1085 3778; x_wconf 89' lang='lat' dir='ltr'><em>et</em></span> <span class='ocrx_word' id='word_1_260' title='bbox 1105 3715 1170 3779; x_wconf 91' lang='lat' dir='ltr'><em>hoc</em></span> <span class='ocrx_word' id='word_1_261' title='bbox 1192 3729 1416 3799; x_wconf 86' lang='lat' dir='ltr'><em>argumentum</em></span> 
     </span>
     <span class='ocr_line' id='line_1_29' title="bbox 247 3825 1417 3908; baseline -0.001 -16"><span class='ocrx_word' id='word_1_262' title='bbox 247 3827 280 3892; x_wconf 90' lang='lat' dir='ltr'><em>in</em></span> <span class='ocrx_word' id='word_1_263' title='bbox 304 3848 372 3892; x_wconf 87' lang='lat' dir='ltr'><em>earn</em></span> <span class='ocrx_word' id='word_1_264' title='bbox 395 3845 461 3892; x_wconf 88' lang='lat' dir='ltr'><em>rem</em></span> <span class='ocrx_word' id='word_1_265' title='bbox 483 3825 747 3892; x_wconf 79' lang='lat' dir='ltr'><em>efficacIssimum.</em></span> <span class='ocrx_word' id='word_1_266' title='bbox 793 3825 995 3908; x_wconf 89' lang='lat' dir='ltr'><em>Respublica</em></span> <span class='ocrx_word' id='word_1_267' title='bbox 1025 3844 1091 3889; x_wconf 92' lang='lat' dir='ltr'><em>non</em></span> <span class='ocrx_word' id='word_1_268' title='bbox 1120 3839 1245 3891; x_wconf 89' lang='lat' dir='ltr'><em>tantum</em></span> <span class='ocrx_word' id='word_1_269' title='bbox 1266 3825 1417 3891; x_wconf 91' lang='lat' dir='ltr'><em>subditos</em></span> 
     </span>
     <span class='ocr_line' id='line_1_30' title="bbox 246 3935 1416 4020; baseline -0.003 -16"><span class='ocrx_word' id='word_1_270' title='bbox 246 3939 309 4004; x_wconf 92' lang='lat' dir='ltr'><em>sibi</em></span> <span class='ocrx_word' id='word_1_271' title='bbox 333 3939 376 4006; x_wconf 93' lang='lat' dir='ltr'><em>ob</em></span> <span class='ocrx_word' id='word_1_272' title='bbox 398 3935 594 4003; x_wconf 88' lang='lat' dir='ltr'><em>maleficium</em></span> <span class='ocrx_word' id='word_1_273' title='bbox 618 3937 733 4020; x_wconf 89' lang='lat' dir='ltr'><em>punit,</em></span> <span class='ocrx_word' id='word_1_274' title='bbox 758 3936 932 4001; x_wconf 88' lang='lat' dir='ltr'><em>sedetiam</em></span> <span class='ocrx_word' id='word_1_275' title='bbox 956 3948 1136 4001; x_wconf 85' lang='lat' dir='ltr'><em>extraneos.</em></span> <span class='ocrx_word' id='word_1_276' title='bbox 1171 3935 1208 3999; x_wconf 92' lang='lat' dir='ltr'><em>In</em></span> <span class='ocrx_word' id='word_1_277' title='bbox 1227 3936 1288 4000; x_wconf 89' lang='lat' dir='ltr'><em>hos</em></span> <span class='ocrx_word' id='word_1_278' title='bbox 1309 3950 1416 4002; x_wconf 89' lang='lat' dir='ltr'><em>autem</em></span> 
     </span>
     <span class='ocr_line' id='line_1_31' title="bbox 246 4043 1418 4134; baseline -0.003 -20"><span class='ocrx_word' id='word_1_279' title='bbox 246 4064 438 4134; x_wconf 88' lang='lat' dir='ltr'><em>potestatem</em></span> <span class='ocrx_word' id='word_1_280' title='bbox 449 4068 516 4115; x_wconf 88' lang='lat' dir='ltr'><em>non</em></span> <span class='ocrx_word' id='word_1_281' title='bbox 535 4048 633 4113; x_wconf 86' lang='lat' dir='ltr'><em>habet</em></span> <span class='ocrx_word' id='word_1_282' title='bbox 651 4048 724 4132; x_wconf 89' lang='lat' dir='ltr'><em>jure</em></span> <span class='ocrx_word' id='word_1_283' title='bbox 736 4045 851 4127; x_wconf 84' lang='lat' dir='ltr'><em>civili,</em></span> <span class='ocrx_word' id='word_1_284' title='bbox 866 4059 904 4112; x_wconf 93' lang='lat' dir='ltr'><em>ut</em></span> <span class='ocrx_word' id='word_1_285' title='bbox 920 4045 1012 4127; x_wconf 90' lang='lat' dir='ltr'><em>quud</em></span> <span class='ocrx_word' id='word_1_286' title='bbox 1030 4043 1118 4110; x_wconf 88' lang='lat' dir='ltr'><em>cives</em></span> <span class='ocrx_word' id='word_1_287' title='bbox 1138 4057 1263 4109; x_wconf 88' lang='lat' dir='ltr'><em>tantum</em></span> <span class='ocrx_word' id='word_1_288' title='bbox 1283 4065 1323 4110; x_wconf 88' lang='lat' dir='ltr'><em>ex</em></span> <span class='ocrx_word' id='word_1_289' title='bbox 1339 4066 1418 4111; x_wconf 89' lang='lat' dir='ltr'><em>con·</em></span> 
     </span>
     <span class='ocr_line' id='line_1_32' title="bbox 247 4155 1417 4246; baseline -0.003 -19"><span class='ocrx_word' id='word_1_290' title='bbox 247 4181 346 4227; x_wconf 89' lang='lat' dir='ltr'><em>sensu</em></span> <span class='ocrx_word' id='word_1_291' title='bbox 364 4160 499 4246; x_wconf 88' lang='lat' dir='ltr'><em>obliget.</em></span> <span class='ocrx_word' id='word_1_292' title='bbox 526 4158 633 4224; x_wconf 90' lang='lat' dir='ltr'><em>Habet</em></span> <span class='ocrx_word' id='word_1_293' title='bbox 654 4158 755 4243; x_wconf 86' lang='lat' dir='ltr'><em>igitur</em></span> <span class='ocrx_word' id='word_1_294' title='bbox 773 4178 812 4223; x_wconf 87' lang='lat' dir='ltr'><em>ex</em></span> <span class='ocrx_word' id='word_1_295' title='bbox 826 4158 899 4242; x_wconf 85' lang='lat' dir='ltr'><em>jure</em></span> <span class='ocrx_word' id='word_1_296' title='bbox 912 4170 1045 4222; x_wconf 86' lang='lat' dir='ltr'><em>naturae</em></span> <span class='ocrx_word' id='word_1_297' title='bbox 1056 4175 1115 4222; x_wconf 88' lang='lat' dir='ltr'><em>seu</em></span> <span class='ocrx_word' id='word_1_298' title='bbox 1128 4155 1287 4240; x_wconf 88' lang='lat' dir='ltr'><em>gentium.</em></span> <span class='ocrx_word' id='word_1_299' title='bbox 1311 4156 1417 4240; x_wconf 90' lang='lat' dir='ltr'><em>Atqui</em></span> 
     </span>
    </p>
   </div>
   <div class='ocr_carea' id='block_1_7' title="bbox 248 4359 437 4370">
    <p class='ocr_par' dir='ltr' id='par_1_7' title="bbox 248 4359 437 4370">
     <span class='ocr_line' id='line_1_33' title="bbox 248 4359 437 4370; baseline 0 -1"><span class='ocrx_word' id='word_1_300' title='bbox 248 4359 437 4370; x_wconf 79' lang='lat'>--——-—..</span> 
     </span>
    </p>
   </div>
   <div class='ocr_carea' id='block_1_8' title="bbox 253 4476 1417 4630">
    <p class='ocr_par' dir='ltr' id='par_1_8' title="bbox 253 4476 1417 4630">
     <span class='ocr_line' id='line_1_34' title="bbox 284 4476 1417 4545; baseline -0.001 -18"><span class='ocrx_word' id='word_1_301' title='bbox 284 4479 501 4545; x_wconf 85' lang='lat' dir='ltr'><em>¹[ibid.n.17.]</em></span> <span class='ocrx_word' id='word_1_302' title='bbox 538 4477 752 4542; x_wconf 75' lang='lat' dir='ltr'><em>²[ibid.n.1s.]</em></span> <span class='ocrx_word' id='word_1_303' title='bbox 788 4477 1001 4542; x_wconf 82' lang='lat' dir='ltr'><em>³[ibid.n.19.]</em></span> <span class='ocrx_word' id='word_1_304' title='bbox 1037 4477 1096 4526; x_wconf 82' lang='lat' dir='ltr'><em>⁴de</em></span> <span class='ocrx_word' id='word_1_305' title='bbox 1114 4476 1299 4524; x_wconf 86' lang='lat' dir='ltr'><em>iral.1.c.16.</em></span> <span class='ocrx_word' id='word_1_306' title='bbox 1332 4476 1378 4524; x_wconf 80' lang='lat'><em>⁵1.</em></span> <span class='ocrx_word' id='word_1_307' title='bbox 1395 4491 1417 4526; x_wconf 86' lang='lat'><em>2.</em></span> 
     </span>
     <span class='ocr_line' id='line_1_35' title="bbox 253 4565 593 4630; baseline 0.006 -14"><span class='ocrx_word' id='word_1_308' title='bbox 253 4583 274 4616; x_wconf 88' lang='lat' dir='ltr'><em>e.</em></span> <span class='ocrx_word' id='word_1_309' title='bbox 291 4565 330 4626; x_wconf 74' lang='lat'><em>31.</em></span> <span class='ocrx_word' id='word_1_310' title='bbox 365 4569 593 4630; x_wconf 59' lang='lat' dir='ltr'><em>bv.c.2.supra.</em></span> 
     </span>
    </p>
   </div>
   <div class='ocr_carea' id='block_1_9' title="bbox 0 0 1791 5654">
    <p class='ocr_par' dir='ltr' id='par_1_9' title="bbox 0 0 1791 5654">
     <span class='ocr_line' id='line_1_36' title="bbox 0 0 1791 5654; baseline 0 0"><span class='ocrx_word' id='word_1_311' title='bbox 0 0 1791 5654; x_wconf 95' lang='lat' dir='ltr'><em> </em></span> 
     </span>
    </p>
   </div>
  </div>
 </body>
</html>
