3546 5654
356 662 417 721 218
647 677 693 721 us
718 673 811 742 June
838 675 1025 724 rannone.
1052 676 1130 723 cnr.
1156 677 1223 724 xm.

357 833 437 917 tigit
469 828 507 894 id
534 833 672 914 quisque
703 842 824 895 teneat.
884 830 1009 895 Contra
1041 846 1148 896 autem
1182 831 1398 915 Thucydides
1429 836 1527 898 ¹eam

356 956 497 1020 terram,
520 959 604 1020 quae
629 939 661 1005 in
681 939 846 1006 divisione
869 943 994 1024 populo
1018 943 1102 1009 nulli
1118 943 1274 1023 obvenit,
1295 947 1441 1028 dipteron,
1466 945 1530 1010 hoc

357 1067 406 1116 est
437 1050 639 1116 indefinitam
667 1065 699 1116 et
721 1050 881 1117 limitibus
904 1053 1005 1118 nullis
1026 1052 1303 1137 circumscriptam
1328 1070 1434 1122 vocat.

400 1163 453 1227 Ex
465 1162 516 1228 his
529 1183 613 1244 quae
626 1165 783 1230 hactenus
795 1161 994 1244 dictasunt,
1017 1164 1085 1231 duo
1097 1164 1236 1249 intelligi
1246 1182 1399 1248 possunt.
1433 1167 1529 1233 Prius

357 1287 405 1339 est
429 1293 482 1338 eas
503 1293 577 1354 res,
595 1293 678 1356 quae
700 1273 854 1357 occupari
874 1294 940 1338 non
962 1291 1102 1357 possunt
1114 1292 1170 1341 aut
1181 1292 1339 1360 occupata
1350 1297 1528 1360 numquam

356 1400 456 1466 sunt,
481 1383 605 1450 nullius
626 1385 775 1468 proprias
796 1404 867 1451 esse
890 1405 987 1468 posse
1009 1386 1042 1466 ⁸,
1065 1387 1143 1468 quia
1163 1387 1269 1454 omnis
1290 1389 1472 1472 proprietas
1490 1389 1529 1454 ab

356 1495 571 1580 occupatione
589 1496 743 1579 coeperit.
789 1498 939 1562 Alterum
958 1517 1039 1564 vero
1063 1517 1115 1564 cas
1137 1519 1188 1565 res
1210 1519 1348 1581 omnes,
1373 1519 1459 1582 quae
1485 1500 1529 1566 ita

356 1627 374 1672 a
397 1623 512 1672 natura
541 1622 743 1689 comparatae
768 1622 873 1687 suut,
895 1622 933 1673 ut
953 1607 1065 1690 aliquo
1087 1623 1200 1674 utente
1221 1611 1437 1678 nihilominus
1458 1609 1530 1676 aliis

358 1718 532 1799 quibusvis
562 1717 603 1782 ad
632 1737 728 1783 usum
750 1717 936 1801 promiscue
960 1719 1148 1803 sufficiant,
1173 1724 1244 1806 ejus
1267 1722 1432 1805 hodieque
1453 1743 1529 1787 con·

357 1829 492 1896 ditionis
525 1849 595 1895 esse
627 1844 660 1894 et
690 1844 851 1912 perpetuo
884 1848 955 1896 esse
987 1831 1129 1913 debere,
1162 1833 1257 1917 cujus
1285 1833 1430 1914 fuerint,
1454 1854 1528 1899 cum

357 1941 540 2024 primumn
567 1955 683 2006 natura
714 1941 863 2023 proditae
893 1955 981 2006 sunt.
1029 1941 1103 2006 Hoc
1135 1943 1290 2009 Cicer0³
1319 1945 1445 2010 voluit:
1479 1943 1530 2009 Ac

358 2053 521 2117 latissime
551 2049 681 2137 quidem
700 2065 821 2138 patens
845 2053 1029 2118 hominibus
1050 2057 1142 2117 inter
1163 2058 1248 2140 ipsos
1271 2057 1416 2120 omnibus
1439 2059 1531 2121 inter

358 2183 462 2227 omnes
495 2165 632 2227 societas
664 2164 744 2227 hacc
776 2175 848 2244 est,
880 2166 916 2227 in
947 2184 1014 2247 qua
1047 2167 1189 2228 omnium
1216 2185 1355 2246 rerum,
1379 2185 1462 2250 quas
1486 2163 1534 2231 ad

357 2294 553 2338 communem
587 2294 680 2338 usum
713 2287 843 2338 natura
870 2278 1016 2360 garrula,
1040 2289 1086 2339 est
1114 2275 1281 2342 seruanda
1301 2284 1529 2341 communitas.

358 2387 444 2451 Sunt
477 2401 584 2451 autem
617 2405 730 2452 omnes
753 2405 805 2451 res
834 2388 934 2472 hujus
962 2386 1112 2471 generis,
1139 2385 1171 2452 iu
1194 2385 1317 2468 quibus
1339 2386 1409 2452 sine
1432 2387 1530 2452 detri-

357 2515 467 2562 mento
512 2497 645 2562 alterius
687 2497 779 2563 alteri
820 2498 1019 2565 commodari
1050 2512 1173 2580 potest.
1227 2497 1315 2563 Hinc
1348 2498 1431 2562 illud
1461 2518 1530 2563 esse

357 2606 438 2672 dicit
469 2607 604 2673 Cicero:
640 2609 720 2672 Non
747 2611 927 2694 prohibere
958 2629 1049 2694 aqua
1076 2609 1273 2694 profluente.
1330 2608 1415 2674 Nam
1446 2629 1531 2691 aqua

357 2721 523 2803 profluens
555 2741 621 2802 qua
654 2720 752 2800 talis,
781 2739 847 2786 non
878 2740 943 2802 qua
977 2720 1096 2784 flumen
1131 2735 1201 2800 est,
1235 2719 1321 2784 inter
1344 2720 1530 2786 communia

356 2833 502 2899 omnium
525 2853 542 2897 a
562 2831 806 2918 jurisconsultis
827 2829 968 2896 refertur
989 2845 1021 2896 et
1042 2851 1060 2895 1
1080 2846 1177 2913 poeta
1200 2832 1233 2895 *ε

432 2945 524 3017 Quid
536 2944 721 3029 prohibetis
743 2944 880 3027 aquas?
905 2961 982 3006 usus
1004 2945 1182 3006 11111111111111
1203 2961 1372 3026 aquarum
1394 2957 1466 3007 est:

434 3057 506 3121 Nec
529 3053 624 3118 solem
642 3057 818 3139 proprium
843 3066 993 3132 uatum,
1019 3074 1075 3118 nec
1099 3052 1312 3136 1111111111,

434 3167 506 3231 Nec
529 3179 640 3230 tenues
663 3163 795 3229 undas:
819 3168 856 3229 in
874 3164 1013 3250 publica
1036 3184 1177 3228 munera
1197 3167 1284 3231 111111.

400 3277 492 3343 Dicit
514 3279 593 3343 haec
615 3295 681 3341 non
705 3295 774 3342 esse
795 3289 910 3342 natura
931 3274 1086 3358 propria,
1110 3275 1197 3340 sicut
1214 3274 1530 3357 Ulpianus⁵natura

357 3389 510 3456 omnibus
541 3401 674 3471 patere,
699 3402 768 3452 tum
801 3387 879 3469 quia
908 3386 1049 3468 primum
1074 3406 1092 3450 a
1114 3400 1229 3452 natura
1249 3385 1378 3468 prodita
1400 3401 1477 3451 sunt
1498 3400 1531 3452 et

358 3500 391 3565 in
420 3498 544 3566 nullius
574 3498 680 3564 adhuc
711 3497 891 3562 dominium
920 3511 1165 3580 pervenerunt,
1193 3512 1231 3561 ut
1253 3497 1404 3580 loquitur
1425 3497 1530 3562 Nera-

356 3612 424 3678 tius
440 3609 476 3691 ‘‚
500 3626 570 3677 tum
595 3610 695 3692 quia,
720 3623 757 3674 ut
782 3609 899 3674 Cicero
922 3610 933 3650 ⁷
957 3608 1061 3688 dicit,
1085 3623 1237 3674 anatum
1260 3608 1301 3672 ad
1322 3627 1422 3673 usum
1442 3627 1531 3672 com·

357 3743 488 3788 munem
512 3720 621 3806 genita
647 3720 812 3786 videntur.
855 3719 991 3784 Publica
1015 3733 1122 3784 autem
1145 3734 1266 3800 vocat,
1289 3719 1443 3785 tralatitia
1465 3718 1531 3802 sig·

358 3834 545 3900 nificatione
576 3841 609 3915 ⁸,
642 3851 708 3897 non
740 3851 823 3914 quae
856 3832 896 3895 ad
919 3832 1079 3915 populum
1104 3831 1271 3914 aliquem,
1297 3831 1353 3897 sed
1384 3850 1466 3912 quae
1489 3830 1530 3895 ad

357 3947 546 4014 societatem
566 3945 739 4010 humanam
759 3942 946 4026 pertinent,
971 3963 1055 4024 quae
1077 3943 1211 4025 publica
1231 3942 1316 4026 juris
1338 3941 1483 4027 gentium
1496 3941 1529 4005 in

361 4136 550 4148 .—-----

393 4257 400 4289 ¹
426 4259 443 4304 l.
471 4269 492 4303 1.
517 4253 554 4318 [c.
582 4253 649 4317 139.]
685 4251 695 4284 ²
722 4255 750 4300 V.
776 4255 851 4300 Duar.
876 4252 902 4299 111
927 4252 966 4300 111.
990 4252 1016 4299 ff.
1044 4254 1075 4300 <le
1099 4264 1148 4298 111.
1175 4251 1229 4300 div.
1256 4261 1280 4298 et
1299 4251 1366 4309 qual.
1386 4247 1431 4312 [D.
1453 4260 1473 4295 1.
1493 4247 1529 4308 8.]

359 4349 411 4396 ³d.
429 4348 505 4394 libro.
525 4345 560 4409 [c.
581 4347 618 4394 16.
637 4349 659 4403 §-
679 4343 732 4406 51.]
768 4342 778 4375 ⁴
797 4343 873 4391 Ovid.
892 4344 996 4391 Metam.
1015 4345 1031 4390 l.
1050 4344 1074 4390 6.
1095 4339 1146 4404 [vs.
1165 4354 1221 4402 349.
1240 4339 1308 4404 sqq]
1346 4340 1356 4370 ⁵
1375 4342 1391 4387 l.
1402 4339 1531 4388 venditor.

358 4440 384 4486 n.
403 4452 494 4486 comm.
511 4439 596 4497 praed.
614 4437 657 4498 [D.
673 4439 696 4483 8.
712 4448 736 4495 4.
756 4434 806 4495 13.]
841 4433 852 4465 ⁶
870 4436 886 4480 l.
902 4435 972 4493 quod
989 4433 1014 4480 iu
1031 4432 1128 4480 littore.
1146 4431 1171 4479 ff.
1190 4434 1221 4480 de
1231 4443 1287 4491 acq.
1297 4445 1345 4478 rer.
1356 4432 1424 4478 dom.
1435 4430 1480 4491 [D.
1491 4441 1532 4489 4¹·

362 4543 384 4579 1.
404 4529 455 4591 14]
491 4526 502 4561 ⁷
519 4530 578 4576 loco
596 4527 684 4576 citato.
718 4524 729 4555 ⁸
746 4526 776 4571 V.
795 4526 877 4572 Coun.
894 4526 992 4572 Comm.
1011 4523 1062 4571 civ.
1081 4524 1098 4569 l.
1115 4535 1138 4578 3.
1156 4535 1179 4570 c.
1198 4535 1220 4569 a.
1239 4523 1372 4569 Donellus.
1391 4523 1408 4567 l.
1426 4534 1451 4581 4.
1466 4533 1489 4568 1.
1508 4533 1530 4566 a.
