3552 5654
536 591 582 638 DE
606 591 700 657 Juuu
726 592 910 640 Punuunu.
936 592 1017 639 CAP.
1040 592 1123 638 vul.
1347 593 1404 638 111

236 747 338 832 igitur
354 745 505 830 privandi
530 760 624 825 sunt,
649 745 676 813 si
699 746 799 813 modo
823 765 962 828 aequum
985 764 1052 812 non
1075 759 1124 812 est
1144 765 1224 828 nos,
1245 766 1320 812 cum
1342 745 1409 830 juri

235 873 348 925 nostro
368 841 570 938 insistimus,
589 857 660 942 ejus
679 857 725 925 rei
744 876 866 940 poenas
887 855 988 922 ferre:
1004 877 1111 940 neque
1122 856 1350 941 distinguenda
1362 870 1410 922 est

235 969 444 1036 subditorum
466 967 638 1050 conditio,
663 987 736 1034 cum
758 968 819 1035 hae
838 970 950 1053 leges,
978 982 1016 1035 ut
1048 967 1223 1050 aliquoties
1255 966 1409 1050 repetivi-

236 1093 327 1159 mus3
350 1078 493 1143 animum
514 1078 715 1145 adversantis
737 1097 803 1144 non
824 1079 1000 1162 respiciant
1020 1079 1078 1144 sed
1098 1077 1236 1144 factum.
1261 1077 1326 1143 Sed
1344 1097 1409 1144 nou

236 1190 316 1273 ipsis
347 1189 506 1256 duntaxat
533 1188 746 1272 extorqueri,
776 1209 890 1256 verum
915 1205 947 1256 et
968 1189 1064 1256 nobis
1086 1189 1212 1256 easdem
1234 1209 1285 1256 res
1306 1189 1411 1272 appli-

236 1300 302 1366 cari
331 1319 428 1383 posse
460 1301 505 1366 ita
536 1300 728 1385 colligitur,
761 1301 839 1382 quia
870 1299 939 1367 sive
972 1299 1101 1364 abillis
1131 1298 1273 1366 subditis
1301 1315 1410 1382 raptae

236 1426 333 1492 sunt,
368 1432 452 1493 quos
485 1426 543 1478 aut
573 1413 616 1477 ob
648 1431 769 1476 noxam
800 1431 891 1477 suam
913 1426 970 1477 aut
990 1429 1120 1476 causam
1142 1410 1292 1492 quamvis
1315 1411 1409 1478 aliam

237 1523 415 1590 obstrictos
445 1522 542 1590 nobis
573 1521 727 1606 privatim
758 1522 939 1603 habemus,
974 1521 1057 1588 nihil
1081 1534 1130 1587 est
1156 1519 1280 1606 justius
1312 1541 1409 1604 quam

238 1635 335 1701 armis
357 1634 460 1718 repeti
485 1634 577 1717 quod
598 1633 692 1714 aliter
712 1653 778 1700 non
801 1648 936 1719 potest,
959 1632 1030 1699 sive
1053 1632 1235 1716 respublica
1257 1648 1306 1698 est
1325 1653 1409 1715 quae

238 1744 272 1812 in
295 1765 356 1812 nos
380 1745 548 1828 deliquit¹
581 1760 637 1812 aut
669 1745 733 1812 alio
767 1745 899 1812 nomine
923 1744 956 1810 in
989 1765 1060 1810 aere
1092 1760 1141 1810 est
1172 1760 1309 1826 nostro,
1334 1764 1408 1810 cum

234 1857 299 1941 jam
323 1871 450 1925 constet
471 1857 679 1924 subditorum
702 1859 788 1937 bona
818 1877 879 1940 pro
912 1856 1078 1940 republica
1108 1856 1245 1941 obligari
1266 1855 1301 1937 ²,
1326 1876 1410 1938 quo·

237 1967 346 2035 minus
364 1983 397 2034 ct
415 1969 494 2034 haec
514 1967 547 2032 in
567 1970 711 2035 solutum
732 1968 803 2050 capi
823 1967 952 2051 possint
971 1967 1055 2033 nihil
1075 1981 1182 2034 vetat:
1207 1967 1283 2032 dum
1304 1971 1409 2034 tamen

238 2079 378 2162 amplius
400 2079 483 2145 nihil
507 2093 676 2161 sumatur,
710 2099 806 2162 quam
838 2079 934 2144 nobis
956 2078 1102 2144 debitum
1126 2093 1195 2159 est,
1229 2077 1263 2143 in
1286 2098 1354 2162 quo
1377 2093 1409 2144 et

238 2191 430 2257 damnorum
464 2191 630 2258 restitutio
666 2205 698 2255 et
730 2205 897 2256 sumtuum
932 2188 1130 2255 continetur.
1177 2187 1267 2254 Haec
1301 2202 1408 2272 autem

228 2319 336 2370 causa
368 2301 463 2366 ctiam
496 2316 573 2384 post
604 2300 775 2368 victoriam
808 2315 917 2366 manet
935 2298 970 2381 ³,
1004 2319 1078 2366 cum
1097 2298 1186 2382 prior
1206 2298 1262 2363 illa
1281 2299 1409 2365 sublata

238 2427 309 2494 est,
334 2412 375 2477 ad
396 2411 534 2493 periculi
561 2410 852 2495 propulsationem.
898 2410 1020 2493 Neque
1048 2409 1132 2476 enim
1153 2410 1217 2476 alio
1237 2409 1301 2476 fine
1324 2411 1409 2475 bella

238 2522 404 2606 gerimus,
430 2541 528 2602 quam
548 2535 586 2586 ut
601 2522 657 2605 jus
675 2535 822 2588 nostrum
838 2520 978 2587 victoria
994 2523 1246 2604 consequamur.
1270 2520 1407 2588 Livius:

239 2631 306 2695 Ubi
338 2635 446 2695 omnia
480 2635 509 2695 ci
542 2635 600 2716 qui
630 2634 736 2696 armis
761 2631 839 2716 plus
860 2645 968 2716 potest
1000 2631 1114 2698 dedita
1137 2647 1236 2713 sunt,
1260 2653 1345 2720 quae
1366 2653 1408 2698 cx

238 2744 281 2806 iit
314 2741 434 2806 habere
465 2744 597 2822 victor,
631 2742 749 2827 quibus
781 2741 929 2816 multare
960 2762 1009 2806 eos
1038 2741 1143 2824 uelit,
1176 2746 1279 2828 ipsius
1294 2745 1354 2828 jus
1376 2757 1408 2808 ct

237 2851 422 2934 arbitrium
454 2865 512 2917 est.
559 2851 682 2920 Omnes
713 2851 814 2936 igitur
845 2851 969 2918 subditi
993 2866 1026 2918 et
1048 2871 1172 2936 semper
1194 2853 1326 2936 spoliari
1349 2873 1409 2936 po-

237 2977 369 3046 terunt,
399 2962 506 3053 occidi
535 2984 601 3030 nou
631 2963 720 3030 item.
766 2963 853 3029 Nam
876 2963 905 3028 si
925 2962 1107 3047 periculum
1128 2979 1277 3032 nostrum
1297 2965 1406 3049 adspi-

236 3075 357 3154 cimus,
379 3075 474 3142 multi
491 3090 569 3142 suut
586 3075 645 3159 qui
663 3075 698 3142 vi
717 3076 864 3159 corporis
880 3075 976 3142 nobis
994 3076 1079 3144 nihil
1096 3076 1242 3153 obstant,
1267 3097 1407 3160 quorum

236 3185 312 3253 ideo
332 3186 525 3271 corporibus
558 3187 624 3253 vim
650 3186 792 3269 aliquam
814 3186 926 3253 inferri
948 3187 1033 3254 nihil
1053 3187 1232 3274 profuerit:
1257 3203 1290 3254 at
1312 3187 1407 3255 bonis

237 3317 331 3365 nemo
354 3319 420 3364 nou
441 3298 587 3369 hostium
609 3298 705 3366 nobis
726 3313 841 3380 nocet,
865 3312 903 3364 ut
923 3299 1149 3366 maximenon
1170 3300 1261 3366 velit.
1286 3299 1345 3364 Sin
1367 3299 1408 3364 ad

234 3409 289 3494 jus
311 3409 426 3476 crediti
449 3409 696 3491 convertimur,
720 3409 963 3495 obligatasunt
985 3431 1045 3498 pro
1069 3411 1234 3496 republica
1256 3410 1407 3478 subdito-

237 3540 308 3586 rum
332 3521 440 3602 bona,
463 3540 529 3586 non
553 3535 659 3587 autern
683 3541 822 3604 corpora
840 3520 861 3588 ³.
885 3521 985 3588 Unde
1009 3537 1041 3588 et
1061 3522 1093 3589 in
1113 3521 1314 3606 repressaliis
1332 3540 1405 3587 cum

238 3631 360 3715 ereptio
388 3631 435 3696 rei
458 3631 686 3714 permittatur,
710 3631 905 3714 prohibetur
924 3632 1062 3699 offensio
1082 3651 1239 3718 personae
1258 3639 1282 3698 ⁴.
1329 3633 1407 3698 Non

235 3744 323 3810 valet
344 3741 446 3828 igitur
464 3741 598 3806 ductum
616 3743 740 3807 arebus
754 3742 794 3808 ad
802 3760 958 3824 personas
971 3760 1206 3836 argumentum.
1229 3743 1308 3810 Non
1321 3744 1406 3810 enim

234 3853 290 3921 cui
311 3853 421 3920 minus
442 3852 569 3934 aliquid
596 3851 674 3918 licet
695 3852 804 3918 statim
830 3866 864 3917 et
883 3854 976 3934 quod
1000 3854 1104 3937 majus
1125 3869 1175 3920 est
1191 3853 1403 3936 permittitur.

236 3965 347 4050 Hujus
371 3977 478 4030 autem
502 3961 680 4030 sententiae
703 3981 899 4044 quamquam
923 3963 1063 4029 rationes
1084 3963 1192 4031 minus
1215 3964 1303 4046 apud
1325 3964 1407 4029 alios

236 4079 420 4160 exploratae
445 4088 544 4152 sunt,
577 4086 726 4140 auctores
748 4072 906 4140 habemus
929 4089 962 4139 et
982 4074 1155 4160 theologos
1177 4094 1289 4142 omnes
1310 4089 1341 4140 et
1361 4078 1407 4140 le·

234 4225 427 4239 m

269 4295 362 4345 ¹Viot.
378 4310 403 4344 n.
423 4298 462 4352 56·
496 4292 554 4345 ¹V.
572 4297 647 4356 paulo
665 4293 788 4356 superius.
821 4293 918 4346 ⁸Vict.
935 4311 960 4346 n.
977 4310 1017 4354 50·
1035 4309 1060 4346 et
1079 4311 1117 4357 57.
1151 4281 1211 4346 Ὗ.
1229 4297 1332 4374 hyalam
1349 4300 1366 4345 l.
1385 4310 1406 4346 r.

236 4401 259 4436 c.
272 4400 297 4448 4.
309 4399 335 4434 n.
354 4387 378 4435 ό.
412 4385 506 4436 ‘Bam
524 4389 556 4435 de
573 4400 682 4447 repress.
696 4389 719 4436 8.
736 4387 819 4448 princ.
836 4401 861 4437 n.
882 4402 904 4438 r.
921 4389 982 4437 Silv.
1001 4389 1027 4438 in
1045 4405 1070 4440 v.
1088 4388 1272 4450 Repressaliae.
1290 4389 1316 4437 in
1324 4388 1405 4450 princ.

236 4476 262 4524 in
281 4491 336 4537 req.
354 4479 378 4524 6.
397 4480 502 4528 Covarr.
521 4479 546 4529 in
565 4493 588 4529 c.
605 4492 747 4540 peccatum.
765 4483 787 4538 ς.
805 4494 830 4543 9.
847 4495 872 4529 n.
889 4495 914 4542 4.
931 4481 957 4530 in
975 4479 1033 4530 fine.
