3546 5654
531 710 578 756 DE
601 709 695 776 JURE
721 707 907 754 PRAEDAE.
933 707 1013 752 cnP.
1038 705 1102 751 x11.
1337 706 1398 767 213

231 873 313 954 quia
345 865 442 934 nullu
480 863 588 929 subest
619 881 722 926 causa
746 841 857 946 justa
880 858 981 940 belli,
1013 879 1087 923 cum
1116 859 1216 946 Jesus
1247 857 1401 924 Christus

231 1001 293 1044 rex
324 999 464 1066 regum,
495 979 551 1040 cui
585 974 670 1040 duta
702 986 749 1038 est
776 985 923 1057 potestas
956 975 992 1036 in
1022 970 1111 1035 caelo
1147 984 1177 1034 et
1212 973 1248 1035 in
1282 984 1402 1048 terro,

231 1093 360 1155 miserit
391 1087 439 1154 ad
468 1084 662 1172 capiendam
691 1087 921 1168 possessionem
946 1080 1087 1163 mundi,
1107 1101 1175 1174 non
1199 1079 1320 1145 milites
1343 1100 1403 1144 ar·

231 1214 343 1265 mutae
374 1197 542 1277 militiae,
575 1193 633 1261 sed
656 1207 789 1259 sanctos
807 1193 1085 1280 praedicatores,
1111 1195 1197 1256 sicut
1221 1210 1290 1259 ores
1312 1193 1404 1254 inter

232 1309 337 1395 lupos.
384 1307 480 1373 Unde
512 1327 568 1371 nec
600 1309 637 1370 in
670 1304 875 1370 Testamenta
906 1306 1036 1384 reteri,
1060 1303 1118 1368 ubi
1141 1315 1279 1366 armata
1302 1321 1404 1364 manu

226 1423 381 1505 possessio
416 1432 492 1484 erat
531 1415 693 1502 cupienda
728 1429 843 1481 terrae
881 1413 1091 1498 infidelium,
1135 1412 1299 1479 indictum
1335 1412 1404 1498 lego

233 1530 353 1595 bellum
377 1530 483 1594 alicui
501 1541 642 1614 propter
665 1527 749 1607 hoc,
773 1525 862 1611 quod
882 1539 1067 1591 nonerunt
1086 1522 1223 1608 fideles,
1247 1522 1304 1588 sed
1323 1526 1405 1607 quia

234 1641 389 1705 nolebant
411 1640 495 1706 dare
518 1641 729 1717 transitum,
752 1638 807 1705 rel
828 1640 910 1722 quia
933 1657 982 1702 eos
1006 1634 1239 1722 offenderant,
1263 1646 1301 1699 ut
1324 1633 1406 1697 Ma·

234 1750 411 1831 dianitue,
443 1750 498 1818 rel
528 1763 566 1814 ut
599 1760 839 1833 recuperarent
871 1767 957 1829 suo,
991 1746 1109 1813 diuina
1144 1746 1310 1831 largitate
1343 1745 1407 1809 sibi

234 1881 397 1925 concessa.
456 1857 551 1925 Unde
581 1861 784 1946 gratissime
812 1871 1051 1942 peccaremus,
1085 1861 1115 1922 si
1143 1854 1242 1940 fidem
1280 1858 1407 1920 Christi

231 1973 317 2060 Jesu
344 1986 406 2057 per
438 1972 523 2035 hanc
555 1971 645 2038 riam
678 1967 844 2054 ampliare
866 1967 1157 2048 contenderemus,
1192 1988 1249 2031 nec
1272 1986 1407 2032 essemus

169 2115 177 2118 ·
235 2082 379 2168 legitimi
410 2081 535 2175 domini
567 2079 728 2160 illorum,
758 2079 815 2145 scd
835 2099 959 2165 magna
983 2079 1168 2144 latrocinia
1190 2082 1408 2142 committere-

235 2213 307 2256 mus
331 2206 362 2257 et
386 2206 576 2256 teneremur
598 2189 647 2255 ad
667 2193 935 2270 restitutionem,
970 2202 1081 2275 utpote
1112 2189 1233 2274 injusti
1265 2187 1408 2253 debella·

188 2323 191 2330 ’
236 2317 325 2368 tores
348 2316 410 2366 aut
434 2314 654 2387 occupatores.
701 2299 867 2366 Mittendi
889 2313 992 2364 essent
1015 2298 1063 2365 ad
1083 2301 1138 2364 hos
1156 2299 1408 2384 praedicatores

236 2414 312 2478 boni
334 2416 427 2493 riri,
456 2415 516 2496 qui
539 2413 637 2478 rerba
660 2425 692 2476 et
716 2409 859 2496 exemplo
882 2424 1111 2478 converterent
1133 2429 1183 2474 eos
1206 2409 1254 2474 ad
1275 2409 1408 2473 Deum:

237 2537 268 2588 et
292 2544 355 2587 non
379 2526 438 2606 qui
461 2542 510 2586 eos
534 2526 742 2607 opprimant,
768 2521 926 2606 spolient,
950 2520 1204 2602 scandalizent,
1229 2521 1409 2605 subjiciant

237 2648 269 2698 et
291 2633 390 2726 duplo
417 2632 592 2698 Gehennae
610 2630 699 2714 filios
715 2633 856 2716 faciant
879 2654 968 2697 more
991 2633 1265 2698 Pharisaeorum.
1311 2631 1357 2696 Et
1375 2631 1409 2696 in

237 2746 320 2810 hanc
355 2742 492 2809 formam
527 2743 679 2810 audimus
711 2763 806 2826 saepe
829 2763 845 2808 a
871 2758 986 2808 senatu
1018 2743 1052 2808 in
1076 2741 1236 2825 Hispania
1260 2757 1293 2807 et
1314 2744 1409 2835 theo·

237 2855 323 2940 logis
354 2853 530 2937 praecipue
561 2854 790 2919 Dominicanis
823 2853 989 2919 decretum
1023 2853 1127 2919 fuisse
1149 2854 1182 2935 ¹,
1216 2855 1285 2920 sola
1316 2854 1410 2919 verbi

236 2965 478 3049 praedicatione
510 2984 577 3031 non
609 2966 696 3030 bello
729 2965 946 3031 Americanos
976 2966 1016 3030 ad
1047 2964 1146 3030 fidem
1169 2965 1409 3030 traducendos:

238 3078 421 3143 libertatern
447 3076 564 3158 etianr,
598 3097 683 3158 quae
706 3077 772 3144 illis
796 3096 835 3142 eo
859 3076 991 3142 nomine
1016 3091 1126 3160 erepta
1150 3091 1257 3158 esset,
1281 3075 1410 3141 restitui

238 3188 376 3269 debere,
401 3188 636 3270 quodaPaulo
650 3186 790 3268 Terti0,
814 3187 978 3253 Pontifice
993 3203 1025 3253 et
1037 3189 1160 3253 Carolo
1173 3187 1324 3274 Quinto,
1348 3187 1412 3252 Im·

212 3293 213 3296 ’
237 3314 385 3383 peratore
407 3314 439 3364 et
462 3298 695 3382 Hispaniarum
708 3319 783 3383 rege
795 3300 1042 3382 comprobatum
1057 3299 1189 3366 dicitur.
1216 3298 1412 3364 Omittimus

236 3411 301 3495 jam
335 3411 515 3478 Lusitanos
537 3411 568 3474 in
593 3410 760 3493 plerisque
783 3410 932 3493 partibus
957 3411 1149 3496 religionem
1174 3411 1258 3477 nihil
1281 3430 1412 3493 promo·

238 3540 336 3602 vere;
371 3539 412 3586 ne
445 3539 574 3603 operam
610 3520 742 3601 quidem
777 3520 876 3601 dare,
912 3541 986 3588 cunr
1021 3520 1084 3585 soli
1106 3523 1201 3587 lucro
1226 3521 1411 3606 invigilent.

239 3632 309 3696 Into
333 3645 365 3695 et
388 3630 472 3695 illud
495 3631 541 3696 ibi
565 3651 680 3697 verunt
714 3652 808 3712 esse,
845 3631 936 3713 quod
949 3632 999 3726 ¹de
1023 3630 1181 3715 Hispanis
1203 3631 1237 3698 in
1260 3633 1413 3698 America

240 3743 408 3824 Hispanus
428 3741 440 3778 ²
459 3741 614 3824 scripsit,
647 3761 713 3808 non
746 3742 925 3824 miracula,
961 3762 1027 3808 non
1063 3743 1155 3825 signa
1186 3743 1315 3825 audiri,
1346 3762 1413 3808 non

240 3853 387 3936 exempla
406 3852 494 3918 vitae
512 3852 707 3935 religiosae,
732 3872 817 3934 quae
836 3853 878 3918 ad
897 3853 1040 3918 eamdem
1062 3853 1159 3918 fidem
1178 3854 1259 3919 alios
1279 3869 1414 3936 possent

240 3965 426 4047 impellere,
462 3962 519 4028 sed
542 3964 644 4028 multa
668 3962 842 4045 scandala,
877 3965 981 4028 multa
1004 3963 1173 4045 facinora,
1208 3968 1328 4030 multas
1352 3965 1411 4029 im-

240 4075 388 4158 pietates.
434 4073 544 4160 Quare
577 4093 649 4137 curn
676 4087 708 4137 et
730 4073 895 4155 possessio
920 4089 952 4138 et
975 4075 1092 4139 titulus
1124 4073 1254 4139 deficiat
1282 4094 1413 4157 posses-

242 4186 369 4267 sionis,
403 4205 510 4268 neque
542 4203 593 4249 res
626 4182 835 4265 ditionesque
867 4184 1021 4250 indorum
1056 4207 1115 4268 pro
1148 4186 1268 4252 talibus
1301 4187 1413 4252 haberi

246 4402 443 4414 —————=0

278 4541 285 4572 ¹
305 4543 334 4589 V.
356 4545 414 4605 Joh.
438 4547 500 4593 Met.
527 4545 553 4592 in
571 4547 651 4606 praef.
669 4549 701 4596 ad
719 4548 846 4597 Osoniunt.
881 4546 976 4598 ²Vict.
995 4547 1021 4598 in
1039 4553 1127 4598 relect.
1149 4565 1168 4599 1.
1188 4549 1219 4599 de
1238 4551 1316 4600 Indis.
1334 4555 1355 4610 ξ.
1374 4555 1413 4608 38.
