3546 5654
357 675 420 736 224
653 673 699 718 DE
726 672 816 736 Juuu
846 672 1032 719 Pannona.
1059 670 1128 717 CAP
1162 671 1229 716 ΧΠ.

356 847 395 892 ex
419 825 695 910 occupationibus
726 827 949 909 populorum,
981 840 1020 891 ut
1046 824 1173 908 privata
1196 823 1341 890 dominia
1365 845 1406 892 ex
1429 847 1528 894 occu·

354 936 544 1022 parionibus
575 936 791 1023 singulorum.
837 937 934 1003 Vidit
965 938 1029 1002 hoc
1060 937 1181 1003 Celsus
1201 939 1235 1018 ¹,
1260 936 1317 1017 qui
1339 939 1424 1004 clare
1449 939 1528 1004 satis

356 1048 530 1132 distinguit
564 1049 648 1115 inter
681 1049 814 1130 littora,
857 1069 942 1131 quac
980 1049 1125 1130 populus
1160 1048 1331 1114 Romanus
1366 1069 1528 1133 occupare

355 1159 489 1242 potuit,
514 1159 559 1226 ita
580 1151 687 1226 tamen
712 1175 749 1225 ut
772 1159 848 1228 usui
872 1159 1037 1226 communi
1058 1178 1125 1225 non
1146 1173 1340 1241 noceretur,
1366 1175 1398 1225 et
1419 1181 1523 1241 mare,

356 1271 448 1352 quod
467 1271 602 1336 omnino
622 1271 793 1355 pristinam
813 1286 960 1337 naturam
984 1269 1133 1336 retinuit.
1158 1270 1232 1336 Nec
1257 1272 1324 1336 ulla
1346 1272 1399 1337 lex
1418 1272 1522 1336 diver·

355 1400 426 1446 sum
450 1381 584 1448 indicat.
609 1383 704 1470 Quae
726 1381 1322 1467 verolegcsacontrariaesententiae
1335 1383 1522 1462 auctoribus

355 1493 497 1560 citantur
516 1492 550 1573 ¹,
582 1508 639 1560 aut
668 1494 707 1558 de
734 1493 851 1560 insulis
877 1495 1083 1575 loquuntur,
1112 1512 1195 1573 quas
1214 1495 1336 1559 clarum
1357 1509 1408 1560 est
1426 1513 1524 1560 occu·

354 1603 424 1688 pari
445 1605 612 1686 potuisse,
636 1619 693 1670 aut
711 1605 751 1670 de
763 1620 881 1688 portu,
906 1603 964 1684 qui
975 1622 1040 1668 non
1051 1603 1234 1670 communis
1245 1619 1307 1682 cst,
1327 1605 1386 1670 sed
1395 1605 1525 1688 proprie

354 1715 519 1798 publicus.
545 1715 614 1802 Qui
632 1734 710 1781 vero
731 1715 846 1781 dicunt
864 1735 950 1780 mare
969 1714 1106 1796 aliquod
1125 1735 1194 1782 esse
1214 1715 1339 1798 imperii
1359 1715 1523 1797 Romani,

355 1827 492 1892 dictum
506 1847 603 1893 suum
632 1826 677 1892 ita
704 1826 982 1909 interpretantur,
1015 1840 1053 1891 ut
1080 1825 1191 1892 dicant
1209 1827 1263 1910 jus
1281 1825 1364 1890 illud
1381 1825 1415 1891 in
1436 1846 1523 1891 mare

354 1940 439 2005 ultra
472 1938 709 2022 protectionem
743 1953 776 2003 et
803 1937 1067 2023 jurisdictionem
1104 1956 1171 2003 non
1203 1937 1396 2019 procedere:
1432 1937 1523 2018 quod

355 2050 403 2116 illi
423 2051 479 2136 jus
502 2070 520 2114 a
542 2049 741 2133 proprietate
772 2048 1004 2132 distinguunt,
1028 2068 1088 2114 nec
1111 2047 1198 2114 forte
1217 2049 1299 2138 satis
1322 2047 1524 2120 animadver-

354 2176 430 2227 tunt
461 2161 496 2227 id
528 2161 657 2244 ipsum,
697 2160 788 2243 quod
826 2161 971 2243 populus
1009 2161 1179 2226 Romanus
1214 2161 1334 2226 classes
1363 2159 1524 2242 pracsidio

354 2273 578 2358 navigantium
599 2272 773 2356 disponere
796 2270 928 2353 potuit,
954 2285 987 2337 et
1009 2270 1229 2353 deprehensos
1251 2271 1286 2336 in
1307 2269 1389 2335 mari
1404 2271 1525 2353 piratas

353 2383 490 2468 punire,
514 2403 581 2450 non
603 2403 642 2448 ex
660 2382 818 2465 proprio,
842 2383 900 2449 sed
919 2403 959 2448 ex
969 2381 1218 2465 communijure
1229 2381 1409 2463 accidisse,
1434 2382 1525 2464 quod

353 2510 385 2560 et
413 2496 493 2561 aliae
523 2495 644 2560 liberae
663 2508 774 2579 gentes
794 2494 827 2558 in
846 2514 933 2558 mare
951 2494 1082 2560 habent.
1129 2492 1217 2558 Illud
1235 2491 1364 2564 interim
1385 2490 1525 2558 fatemur

352 2605 500 2690 potuisse
528 2606 612 2671 inter
640 2620 752 2691 gentes
782 2605 911 2687 aliquas
940 2603 1140 2694 convenire,
1178 2619 1216 2670 ut
1242 2603 1328 2686 capti
1362 2603 1395 2667 in
1427 2603 1524 2668 maris

281 2754 284 2759 ·
353 2719 414 2783 hac
442 2732 499 2782 aut
526 2715 581 2782 illa
605 2731 694 2799 parte
718 2718 817 2802 hujus
840 2732 898 2782 aut
920 2715 1010 2782 illius
1031 2714 1230 2798 reipublicae
1248 2715 1410 2800 judicium
1434 2714 1524 2782 subi·

352 2843 446 2910 rent,
476 2843 576 2910 atque
600 2827 645 2894 ita
667 2828 708 2893 ad
730 2826 993 2893 commoditatem
1017 2826 1266 2911 distinguendae
1285 2825 1526 2912 jurisdictionis
1548 2851 1551 2854 ·

353 2939 387 3004 in
418 2939 498 3005 mari
530 2938 611 3006 fines
643 2938 802 3004 describi:
828 2938 928 3019 ¹quod
959 2937 1048 3021 ipsos
1083 2938 1216 3020 quidem
1245 2958 1312 3002 eam
1336 2937 1399 3004 sibi
1421 2939 1524 3022 legem

352 3049 495 3117 ferentes
527 3048 668 3134 deligat,
700 3063 734 3114 at
766 3048 848 3115 alios
880 3050 1024 3132 populos
1058 3068 1124 3113 non
1159 3049 1259 3130 item,
1284 3068 1393 3130 neque
1416 3051 1525 3114 locum

353 3161 492 3246 alicujus
524 3159 692 3244 proprium
725 3158 829 3239 facit,
862 3159 977 3226 sedin
1000 3176 1155 3244 personas
1186 3159 1448 3226 contrahentium
1470 3159 1526 3242 jus

352 3271 525 3362 constituit
543 3270 565 3336 ⁸.
611 3270 706 3357 Quae
730 3270 920 3352 distinctio,
946 3286 983 3337 ut
1006 3271 1146 3336 naturali
1169 3269 1287 3336 rationi
1310 3283 1525 3336 consentanea

353 3398 424 3465 est,
449 3381 493 3448 ita
515 3380 842 3465 Ulpiani⁴responso
866 3382 1008 3463 quodam
1032 3381 1284 3465 comprobatur,
1309 3380 1367 3462 qui
1391 3394 1522 3464 rogatus

352 3513 392 3559 an
416 3495 555 3559 duorum
586 3492 795 3576 praediorum
828 3492 1063 3558 maritimorum
1097 3493 1248 3559 dominus
1271 3490 1362 3557 alteri
1387 3510 1522 3572 eorum,

353 3605 444 3686 quod
478 3604 656 3684 venderet,
691 3603 882 3670 servitutem
918 3604 1082 3688 potuisset
1114 3603 1303 3687 imponere,
1326 3623 1368 3668 ne
1390 3601 1465 3667 inde
1489 3602 1522 3668 in

353 3821 549 3833 ια’-ι·-ι--ιι

386 3964 431 4012 ¹l.
457 3964 553 4012 littora.
578 3963 603 4010 ff.
627 3977 659 4011 ne
684 3961 747 4022 qnid
765 3961 797 4026 *in
822 3964 882 4010 loco
908 3961 979 4021 publ.
1005 3963 1050 4024 [D.
1075 3975 1115 4024 43.
1143 3967 1165 4010 8.
1190 3963 1226 4023 3.]
1263 3961 1524 4012 ²l.iosul;1e.ff.de

352 4054 465 4112 judiciis.
486 4055 529 4115 [D.
549 4053 669 4116 5·.1·9·]
690 4056 707 4100 l.
727 4054 825 4100 Caesar.
844 4051 870 4099 ff.
889 4055 919 4100 de
937 4053 1008 4112 publ.
1028 4051 1073 4116 [D.
1093 4067 1133 4115 39.
1151 4067 1176 4114 4.
1198 4055 1248 4115 15.]
1269 4057 1309 4102 Gl.
1327 4054 1353 4101 in
1368 4055 1385 4100 l.
1395 4054 1525 4112 quaedam.

352 4148 379 4194 ff.
404 4149 434 4195 dc
459 4160 507 4193 rer.
533 4145 586 4193 div.
613 4143 657 4207 [D.
686 4158 706 4192 1.
732 4146 755 4190 8.
781 4142 816 4206 a]
844 4155 868 4190 ct
893 4143 929 4191 ibi
952 4145 1004 4191 Bal.
1023 4157 1047 4192 et
1067 4147 1107 4192 Gl.
1125 4145 1151 4192 in
1169 4148 1191 4202 §-
1213 4159 1234 4192 ι.
1254 4146 1313 4192 lnst.
1332 4145 1364 4191 de
1382 4157 1431 4190 rer.
1449 4143 1525 4190 divis.

355 4238 387 4298 [l.
406 4251 429 4285 a.
451 4237 484 4297 1.]
504 4248 528 4283 ct
547 4235 573 4283 in
592 4235 616 4282 d.
634 4236 651 4282 l.
669 4235 765 4282 littora.
799 4233 810 4265 ³
828 4236 880 4281 Bal.
898 4234 924 4282 in
943 4249 965 4282 c.
987 4249 1007 4283 r.
1026 4235 1052 4283 in
1070 4249 1109 4294 pr.
1129 4235 1155 4282 in
1173 4249 1196 4282 a.
1214 4237 1265 4281 col.
1285 4234 1355 4292 quib.
1376 4235 1525 4281 modfeud.

352 4327 432 4375 amitt.
456 4327 531 4374 Adde
554 4328 571 4373 l.
593 4324 692 4373 unicam
716 4326 746 4372 C.
769 4326 800 4372 de
819 4324 942 4374 classicis.
962 4326 1004 4386 [C.
1026 4339 1063 4372 11.
1084 4325 1136 4385 13.]
1156 4336 1180 4372 et
1199 4327 1263 4383 llng.
1282 4324 1308 4370 in
1327 4327 1344 4371 l.
1363 4337 1431 4371 sanc.
1449 4323 1475 4370 ff.
1495 4326 1525 4372 cle

352 4416 461 4474 injuriis.
488 4415 530 4480 [D.
553 4427 594 4476 47.
615 4427 653 4462 ro.
674 4413 724 4477 14.]
760 4414 806 4463 ⁴1.
824 4415 945 4464 venditor
963 4415 1045 4464 fundi.
1062 4415 1088 4463 ff.
1108 4427 1199 4463 comm.
1217 4415 1302 4474 praed.
1324 4413 1369 4476 [D.
1387 4418 1410 4462 8.
1428 4428 1453 4475 4.
1474 4413 1524 4477 13.]

353 4509 426 4557 Adde
444 4505 573 4578 beaveri.
593 4506 622 4568 [l.
640 4506 677 4567 4.]
697 4519 729 4553 eo
747 4505 786 4553 tit.
