3530 5656
512 689 560 734 DE
583 688 677 756 JURE
703 685 888 734 PRAEDAE·
915 687 997 736 CAl’.
1022 689 1078 735 111.
1189 759 1194 764 Ι
1271 757 1274 764 Ι
1364 689 1403 751 33

232 867 305 913 cum
320 858 443 929 partem
460 857 632 924 utramque
649 841 828 908 necessario
845 862 977 926 peccare
992 857 1162 924 statuunt,
1186 842 1268 908 nihil
1285 856 1333 908 est
1349 839 1405 905 ab·

232 958 372 1025 surdius.
416 955 477 1040 Jus
504 953 588 1020 enim
612 969 766 1035 naturae,
797 954 860 1020 hoc
892 969 941 1021 est
968 953 1050 1020 illud
1074 954 1166 1037 quod
1187 953 1282 1020 initio
1308 953 1404 1018 rebus

233 1069 349 1136 creatis
367 1067 408 1133 ad
422 1067 603 1132 earumdem
622 1065 900 1133 conservationem
918 1065 1010 1132 Deus
1027 1065 1188 1148 inseruit,
1205 1087 1278 1132 cum
1294 1064 1406 1132 divina

232 1183 384 1248 voluntas
400 1176 612 1245 immutabilis
634 1193 666 1244 et
682 1191 809 1244 aeterna
828 1177 891 1259 sit,
914 1197 1040 1262 semper
1057 1193 1088 1243 et
1104 1177 1228 1260 ubique
1243 1178 1297 1262 jus
1314 1175 1404 1257 est¹‚

231 1308 271 1358 ut
291 1293 440 1357 Socrates
453 1291 485 1355 in
498 1289 616 1356 Minoe
628 1288 794 1355 concludit
806 1289 838 1355 ²:
862 1309 1008 1372 semper,
1022 1304 1060 1355 ut
1071 1289 1158 1373 apud
1170 1289 1364 1372 Sophoclem
1376 1292 1406 1352 ³:

493 1409 523 1472 οὐ
541 1402 601 1486 yda
615 1429 643 1470 τι
658 1407 705 1469 νῦν
720 1429 754 1470 τε
770 1406 893 1487 κάχθὲς,
913 1407 986 1472 ἀλλ’
1002 1407 1049 1472 del
1070 1431 1140 1472 ποτε

491 1516 526 1598 ζῇ
542 1518 650 1580 ταῦτα.

490 1623 569 1688 Non
587 1621 652 1688 illa
675 1644 762 1688 nunc
781 1637 882 1706 sunt,
906 1637 968 1691 aut
989 1625 1031 1690 ab
1051 1626 1200 1690 hesterno
1223 1621 1299 1688 die:

492 1734 661 1821 Perpetua
684 1733 825 1802 durant.

278 1845 435 1928 Ubique,
460 1860 498 1911 ut
517 1846 606 1928 apud
627 1844 880 1928 Empedoclem:

486 1963 570 2028 ailad
585 1962 618 2026 τὸ
642 1961 695 2041 μὲν
715 1960 831 2028 πάντων
851 1961 967 2042 νόμιμον
985 1959 1032 2027 aa
1052 1959 1276 2043 τέθρυμέδοντος

493 2072 596 2153 αἰθέρος
615 2071 730 2147 siverdus
750 2072 891 2144 cinerat,
914 2072 961 2138 aad
982 2071 1139 2138 τ’θπλθτου
1157 2071 1234 2146 aeine.

495 2180 562 2268 Jus
581 2178 672 2246 illud
686 2201 851 2245 commune
868 2183 958 2267 riget
981 2179 1112 2266 lateque
1124 2181 1260 2265 patenti

492 2289 636 2356 Aethere
653 2305 684 2355 et
700 2294 856 2356 immensa
869 2295 1014 2376 positum
1035 2290 1157 2356 tellure
1178 2303 1323 2356 tenetur.

280 2402 342 2469 Est
362 2416 470 2468 autem
490 2404 546 2487 ius
566 2401 643 2467 belli
665 2403 719 2486 jus
741 2402 906 2485 quoddam
926 2417 1059 2469 naturae
1081 2400 1260 2467 secundum
1280 2420 1410 2482 eaquae

237 2513 335 2579 modo
357 2513 520 2594 diximus,
544 2513 635 2594 quod
654 2527 687 2578 et
702 2513 867 2598 Josephus
889 2520 901 2556 ⁴
920 2530 1005 2581 recte
1031 2511 1197 2596 exprimit:
1219 2517 1334 2600 φύσεως
1352 2517 1412 2597 γὰρ

236 2627 318 2708 νόμος
333 2627 447 2708 ἰσχυρὸς
466 2628 494 2691 ἐν
510 2623 605 2692 ἅπασι
621 2627 653 2691 τὸ
672 2627 722 2708 ζῆν
742 2628 856 2694 ἐθέλειν.
881 2631 928 2695 διὰ
942 2635 1024 2695 τοῦτο
1044 2629 1095 2694 anei
1107 2631 1172 2701 τοὺς
1183 2632 1311 2713 φανερῶς
1320 2629 1414 2711 aisper-

236 2738 476 2819 palabronnam
494 2735 594 2801 τούτου
616 2735 769 2815 πολεμίους
790 2738 947 2816 ἡγούμεθα.
994 2735 1059 2799 Est
1078 2739 1163 2800 enim
1188 2751 1335 2801 naturae
1358 2734 1412 2799 lex

239 2845 322 2922 illa,
352 2847 496 2928 quaein
526 2843 670 2908 omnibus
697 2843 809 2926 ualet,
842 2858 880 2909 ut
911 2844 1016 2912 velint
1041 2849 1169 2924 virere,
1193 2846 1291 2932 idque
1307 2850 1412 2931 ipsum

238 2969 284 3018 est
316 2969 521 3040 quapropter
554 2976 624 3036 eos,
657 2957 717 3039 qui
743 2954 918 3039 mantfeste
943 2959 1016 3023 uita
1034 2977 1089 3020 nos
1107 2957 1223 3024 uolunt
1247 2958 1411 3042 spoliare,
1506 2936 1509 2940 ’

238 3069 342 3131 hostes
364 3088 536 3132 censemus.
583 3066 628 3131 Et
649 3065 695 3130 sic
716 3065 866 3133 videmus
885 3081 1008 3132 caetera
1028 3068 1124 3135 etiam
1147 3068 1320 3136 animantia
1346 3088 1412 3133 non

238 3199 298 3260 pro
326 3179 394 3244 vita
419 3178 597 3259 duntaxat,
630 3177 688 3244 sed
712 3198 772 3261 pro
803 3177 1022 3263 conjugibus,
1047 3195 1085 3244 ut
1112 3182 1155 3247 ita
1181 3183 1319 3263 loquar,
1352 3199 1412 3262 pro

239 3291 372 3371 sobole,
396 3311 455 3373 pro
475 3290 608 3358 sedibus
630 3310 756 3373 proque
779 3288 941 3356 alimentis
953 3304 1086 3358 naturae
1099 3293 1239 3374 quodam
1254 3291 1412 3358 instinctu

238 3401 403 3468 dimicare.
449 3400 484 3466 Si
513 3421 590 3487 ergo
617 3404 671 3486 Jus
698 3415 748 3466 est
776 3421 924 3484 semper,
957 3403 1052 3468 etiam
1075 3419 1150 3486 post
1174 3403 1362 3469 Christum:
1384 3401 1413 3467 si

240 3513 382 3595 ubique,
407 3511 502 3579 etiam
526 3512 610 3579 inter
630 3512 836 3580 Christianos
860 3519 881 3578 ⁵.
927 3514 1016 3579 Idem
1047 3514 1141 3580 aliter
1164 3514 1259 3581 etiarn
1281 3516 1413 3582 demon·
1426 3533 1572 3602 nmaprss

199 3709 204 3720 .
240 3623 406 3691 strabitur.
452 3625 554 3691 Quod
577 3625 723 3690 omnium
746 3624 892 3708 gentium
914 3644 1077 3692 consensu
1098 3625 1276 3694 universali
1298 3647 1413 3710 appro-
1427 3591 1463 3690 ii:
1482 3600 1569 3690 iiiia

240 3735 366 3815 batur,
387 3735 421 3799 id
447 3735 601 3801 omnibus
630 3735 731 3817 inque
754 3755 867 3801 omnes
885 3737 940 3819 jus
963 3751 1023 3801 est.
1072 3736 1135 3802 Est
1158 3753 1266 3803 autem
1289 3739 1411 3805 bellum

239 3848 309 3931 ejus
322 3845 470 3931 generis,
495 3846 573 3927 quia
605 3846 696 3926 quod
712 3845 768 3929 jus
789 3861 839 3912 est
857 3861 990 3912 naturae
1015 3847 1100 3914 idem
1122 3863 1172 3914 est
1189 3850 1244 3934 jus
1265 3851 1411 3935 gentium

223 3957 437 4048 necessario,
475 3956 647 4021 accedente
677 3955 804 4022 scilicet
823 3956 969 4022 ratione:
994 3960 1205 4039 quamobrem
1224 3961 1310 4026 bella
1328 3961 1414 4026 Her-

273 4227 281 4259 ¹
299 4244 324 4278 v.
344 4229 422 4278 Arist.
439 4229 515 4276 Rhet.
533 4230 549 4276 l.
570 4241 591 4276 1.
610 4240 632 4275 c.
653 4239 691 4284 ra.
709 4238 733 4276 et
754 4240 793 4283 15·
812 4229 851 4290 [p.
872 4241 944 4287 1373.
963 4244 986 4278 2.
1005 4244 1043 4280 vs.
1061 4243 1085 4289 7.
1103 4243 1128 4279 et
1145 4245 1171 4292 p.
1192 4229 1262 4289 1375.
1285 4247 1305 4281 1.
1319 4233 1412 4294 vsar]

240 4321 271 4368 de
287 4333 351 4368 mor.
369 4322 400 4368 ad
417 4319 519 4368 Nicom.
537 4321 554 4367 l.
574 4329 596 4374 s.
616 4331 638 4366 c.
658 4331 695 4367 ιο.
716 4316 754 4382 [p.
777 4331 848 4382 1134.
867 4333 890 4368 2.
908 4334 946 4370 vs.
966 4322 1017 4383 18.]
1038 4322 1093 4370 Cic.
1112 4325 1143 4372 de
1160 4323 1256 4372 invent.
1266 4325 1282 4372 1.
1293 4337 1316 4371 2.
1328 4324 1363 4385 [e.
1374 4335 1414 4382 53.

239 4413 261 4467 ξ.
281 4410 346 4472 161.]
366 4412 426 4458 Inst.
444 4408 544 4467 dejure
562 4421 613 4458 nat.
630 4412 652 4468 5.
669 4422 728 4469 pen.
747 4408 773 4458 in
788 4410 910 4461 v.divina
925 4415 1040 4473 quadam.
1060 4414 1092 4475 [Ι.
1114 4427 1134 4462 1.
1153 4428 1177 4462 n.
1194 4417 1216 4473 §-
1229 4415 1279 4476 11.]
1291 4415 1381 4464 Thom.
1394 4429 1415 4465 1.

243 4513 266 4548 2.
287 4515 311 4560 q.
339 4515 381 4562 94.
404 4513 449 4549 art.
477 4515 499 4558 s.
534 4498 632 4550 ²Plato
651 4502 716 4551 Min.
737 4501 774 4566 [p.
792 4503 849 4560 316.
867 4503 904 4564 b.]
946 4500 1059 4566 ³Antig.
1079 4502 1129 4568 [vs.
1145 4505 1215 4567 4⁵⁶·]
1251 4503 1297 4554 ⁴1.
1314 4517 1337 4562 3.
1355 4519 1377 4553 c.
1392 4508 1415 4554 8.

241 4591 300 4652 [Ed.
315 4591 486 4653 Havercamp.
503 4593 556 4641 vol.
575 4606 598 4641 a.
617 4606 644 4653 p.
663 4593 732 4656 247.]
768 4592 886 4642 ὃἹἹιοιιι.
906 4607 927 4643 1.
944 4608 967 4644 a.
983 4610 1008 4656 q.
1024 4607 1065 4658 93.
1081 4607 1127 4645 art.
1145 4598 1168 4645 ό.
1187 4609 1212 4646 et
1230 4612 1255 4659 q.
1270 4611 1310 4660 94.
1328 4607 1374 4650 art.
1392 4611 1417 4658 3.

1263 4712 1282 4775 3
