3536 5692
360 612 422 688 318
665 627 712 672 nn
736 625 829 691 Jonn
853 625 1035 671 annonas.
1061 625 1140 672 cnr.
1165 627 1224 672 nu.

354 779 464 844 Nemo
498 794 605 846 autem
641 781 705 845 hoc
739 799 857 864 negare
892 795 1026 862 potest,
1069 799 1144 848 curn
1180 779 1335 862 Epicurei
1366 788 1374 820 ¹
1407 781 1528 863 etiam,

353 890 471 956 summi
495 892 739 958 commodorum
763 911 897 958 suorum
918 889 1129 972 defensores,
1155 891 1266 956 dicant
1284 898 1335 960 οὐκ
1352 891 1424 960 εἶναι
1445 896 1530 970 ἡδέως

351 1005 402 1088 ζῆν
424 1003 492 1070 ἄνευ
513 1012 563 1072 τοῦ
587 1013 683 1095 καλῶς
706 1006 754 1070 arri
778 1006 891 1078 δικαίως
914 1005 983 1088 ζῆν,
1007 1024 1070 1066 non
1088 1017 1181 1088 posse
1184 1002 1335 1086 jucunde
1347 1005 1440 1082 rivi,
1464 1007 1531 1067 nisi

353 1127 383 1177 et
417 1115 546 1178 honeste
577 1127 608 1177 ct
631 1115 725 1198 juste
755 1119 906 1181 vivatur.
952 1114 1131 1198 Praecipue
1156 1129 1263 1181 autem
1287 1135 1361 1180 cum
1386 1116 1527 1181 honesto

353 1223 509 1308 conjungi
533 1239 618 1290 amat
639 1225 764 1291 utilitas
789 1225 866 1305 illa,
900 1246 983 1306 quae
1005 1225 1186 1291 communis
1211 1241 1243 1291 et
1265 1226 1396 1308 publica
1423 1241 1472 1293 est
1493 1225 1527 1306 ²,

354 1357 450 1418 quam
472 1350 503 1402 et
519 1335 1007 1421 jurisprudentes³plerumque
1027 1337 1217 1421 respiciunt.
1264 1337 1408 1403 Primum
1430 1338 1529 1422 igitur

355 1449 444 1528 sicut
476 1448 582 1513 omnis
611 1449 706 1533 justa
733 1448 908 1531 acquisitio
942 1450 1033 1516 utilis
1062 1460 1114 1518 'est
1138 1464 1169 1514 et
1191 1469 1230 1514 ex
1254 1469 1367 1514 eorum
1392 1469 1528 1534 genere,

354 1581 438 1642 quae
461 1559 657 1625 severissimi
679 1561 952 1644 philosophorum
972 1566 1141 1646 προηγμένα
1160 1574 1303 1640 vocant,
1328 1561 1423 1642 quasi
1442 1561 1529 1626 dicas

349 1676 568 1758 praeposita,
603 1671 678 1752 quia
713 1673 849 1737 divitiae
884 1675 1060 1737 multarum
1095 1692 1202 1736 rerum
1226 1686 1303 1736 sunt
1326 1671 1529 1751 effectrices,

356 1782 400 1847 ita
433 1797 464 1846 et
495 1783 635 1865 praeda,
670 1803 753 1864 quae
788 1783 865 1848 dum
896 1785 984 1873 justa
1013 1799 1044 1849 et
1067 1784 1203 1848 honesta
1236 1783 1301 1863 sit,
1337 1783 1528 1864 neutiquam

356 1895 534 1977 spernenda
558 1909 629 1976 est,

484 2011 516 2075 οὐ
539 2011 598 2090 γὰρ
620 2009 770 2088 ἀπόβλητ’
793 2009 856 2074 ἐστὶ
880 2011 945 2074 θεῶν
967 2010 1092 2090 ἐρικυδέα
1114 2011 1186 2088 δῶρα
1208 2012 1251 2072 *.·

486 2115 579 2180 Nam
605 2138 660 2180 nec
685 2116 893 2202 despicienda
917 2117 1026 2182 Deum
1050 2131 1127 2181 runt
1151 2117 1272 2182 inclita
1297 2113 1395 2183 dona.

376 2227 611 2294 ‘Ostendimus
632 2235 642 2267 ⁶
664 2227 748 2293 enim
781 2227 889 2294 Deum
923 2229 1007 2294 inter
1034 2243 1182 2310 caetera,
1207 2248 1290 2309 quae
1313 2227 1377 2311 piis
1402 2226 1530 2292 confert

355 2339 515 2406 beneficia
538 2355 570 2404 et
592 2343 655 2406 hoc
678 2360 859 2406 numerare.
908 2341 1012 2407 Utilis
1037 2355 1084 2405 est
1108 2339 1208 2424 igitur
1231 2341 1285 2405 vel
1308 2340 1368 2404 hac
1391 2337 1529 2403 maxime

355 2451 395 2516 de
427 2471 547 2534 causa,
582 2451 673 2534 quod
706 2451 760 2518 isti
792 2452 850 2533 qui
882 2451 927 2517 sic
952 2453 1090 2518 honeste
1114 2453 1357 2534 locupletantur
1379 2451 1531 2533 pluribus

356 2563 451 2628 etiam
485 2564 638 2645 prodesse
670 2579 833 2646 possunt,
868 2579 899 2629 et
933 2563 1011 2646 quia
1042 2563 1251 2646 reipublicae
1275 2563 1422 2628 interest
1442 2563 1531 2634 cives

357 2675 476 2742 habere
496 2677 682 2757 opulentos.
708 2673 797 2740 Tum
819 2690 979 2757 quatenus
1000 2695 1072 2758 pars
1094 2675 1230 2758 praedae
1247 2676 1286 2740 ad
1299 2674 1528 2757 rempublicam

355 2787 507 2869 pervenit
530 2788 623 2852 nullo
648 2787 718 2871 ejus
742 2801 877 2869 sumtu,
903 2787 1115 2854 utilissimum
1139 2789 1203 2852 hoc
1227 2801 1275 2851 est
1297 2784 1369 2851 istis
1392 2786 1531 2851 maxime

357 2898 470 2963 aerarii
494 2898 585 2980 quod
608 2914 672 2963 tam
697 2897 787 2984 gravi
808 2900 895 2965 bello
916 2899 1065 2965 atteritur
1083 2897 1343 2978 difficultatibus.
1390 2897 1530 2962 Romani

357 3010 516 3092 plurimos
545 3030 603 3093 per
635 3029 737 3076 annos
769 3010 809 3074 ad
839 3012 1015 3077 continuos
1041 3012 1200 3076 bellorum
1223 3031 1303 3076 usus
1326 3010 1431 3075 coacti
1454 3023 1532 3074 sunt

357 3121 480 3186 tributa
514 3121 686 3202 conferre,
721 3122 812 3204 quod
840 3122 899 3188 etsi
925 3123 1123 3189 diuturnitas
1146 3123 1215 3204 ipsa
1239 3142 1335 3206 grave
1359 3121 1531 3200 effecerat,

356 3248 463 3298 tamen
494 3235 689 3300 necessitate
721 3235 931 3300 tolerabatur.
979 3235 1043 3300 Sed
1072 3233 1160 3300 victa
1185 3233 1382 3298 Macedonia
1405 3247 1529 3297 tantum
1589 3287 1591 3296 .

357 3365 395 3408 ex
429 3345 547 3427 praeda
579 3345 612 3410 in
645 3345 801 3411 aerarium
834 3347 972 3412 relatum
1006 3360 1076 3426 est,
1106 3361 1143 3411 ut
1166 3366 1208 3410 ex
1233 3365 1270 3410 eo
1295 3345 1383 3410 cives
1407 3342 1532 3410 fuerint

356 3456 540 3537 immunes,
574 3477 634 3522 nec
666 3457 706 3520 ad
738 3458 932 3524 collationes
964 3459 1048 3524 ullas
1079 3472 1194 3540 postea
1229 3471 1435 3522 vocarentur.
1483 3456 1532 3520 lta

357 3589 440 3650 quae
471 3581 581 3633 secuta
610 3584 688 3635 sunt
710 3569 796 3634 belia
820 3567 1019 3636 devictarum
1046 3569 1190 3652 gentium
1215 3567 1370 3651 impensis
1394 3567 1532 3633 admini-

357 3695 454 3745 strata
487 3693 573 3746 sunt.
620 3680 694 3763 Ego
728 3679 810 3762 quid
841 3681 973 3747 Batavis
1006 3681 1039 3746 in
1071 3696 1239 3763 posterum
1269 3680 1462 3763 sperandum
1487 3677 1530 3744 sit

356 3813 422 3859 non
442 3793 642 3877 praejudico.
666 3792 754 3859 Illud
773 3814 886 3859 omnes
905 3793 1122 3872 fatebuntur,
1147 3806 1308 3874 quatenus
1328 3791 1399 3859 lieri
1419 3805 1532 3873 potest

357 3905 472 3970 utilius
495 3905 616 3971 aerario
642 3925 681 3970 ex
703 3905 849 3971 hostium
876 3926 972 3987 quam
998 3905 1119 3970 civium
1145 3903 1361 3970 facultatibus
1373 3902 1532 3970 succurri.

210 4034 332 4134 fferam
358 4016 491 4100 Optime
523 4017 712 4100 philosophi
731 4015 743 4050 ⁶
763 4018 796 4082 in
828 4016 921 4083 utilis
944 4017 1196 4100 pertractatione
1219 4015 1392 4098 praecipue
1414 4015 1533 4081 docent

392 4217 398 4247 ¹
418 4217 444 4265 in
463 4218 572 4278 epistola
591 4217 672 4265 Cassii
690 4219 721 4266 ad
740 4218 824 4265 Cicer.
844 4217 930 4265 Famil.
949 4197 995 4264 ribss
1016 4229 1054 4272 15.
1074 4217 1148 4276 epist.
1170 4230 1208 4279 ¹9·
1243 4215 1253 4248 ²
1271 4216 1350 4263 Arist.
1366 4217 1443 4263 Rhet.
1453 4215 1498 4262 lib.
1510 4228 1531 4262 1.

359 4322 381 4355 c.
398 4309 421 4356 6.
440 4319 464 4356 et
483 4322 507 4369 9.
529 4305 566 4370 [p.
588 4308 659 4365 1362.
676 4308 701 4355 b.
720 4321 757 4357 vs.
777 4311 817 4355 28.
835 4320 860 4356 et
878 4323 905 4368 p.
926 4307 999 4364 1366.
1017 4307 1042 4354 b.
1061 4321 1099 4356 vs.
1118 4306 1154 4371 5.]
1190 4305 1235 4354 ³1.
1254 4321 1277 4355 a.
1296 4309 1326 4356 de
1343 4318 1425 4354 const.
1449 4305 1532 4353 Princ.

359 4397 402 4461 [D.
421 4414 442 4447 1.
457 4397 495 4462 4.]
531 4398 693 4446 ⁴H0merus.
712 4399 803 4446 Illib.
821 4412 843 4455 3.
863 4411 902 4448 vs.
921 4399 962 4454 65.
995 4395 1051 4446 ⁵in
1071 4397 1121 4446 fine
1139 4411 1195 4458 cap.
1214 4411 1251 4458 14.
1285 4396 1532 4445 inrisenhetmib.

361 4504 381 4538 r.
401 4504 423 4538 c.
443 4494 465 4538 8.
486 4491 524 4550 [p.
546 4490 617 4546 1365.
637 4491 662 4537 b.
679 4503 717 4538 vs.
735 4489 787 4552 aa]
