3546 5654
373 659 435 718 208
679 674 725 720 ua
749 674 842 740 Junu
870 673 1055 721 annuunt.
1080 674 1159 721 car.
1184 675 1251 720 xrr.

371 827 452 892 alter
486 826 590 909 ipsius
624 827 754 893 nomine
785 828 941 911 possedit.
996 828 1128 895 Habent
1163 828 1287 895 insulae
1323 828 1427 910 istae,
1463 852 1544 914 quas

371 936 533 1019 dicimus,
557 952 589 1004 et
608 958 734 1021 semper
750 940 935 1005 babuerunt
949 960 1029 1005 suos
1048 961 1158 1026 reges,
1179 961 1270 1006 suam
1290 942 1546 1023 rempublicam,

371 1066 446 1113 suas
475 1050 584 1133 leges,
618 1069 677 1115 sua
704 1051 797 1134 J'ura:
821 1050 992 1117 Lusitanis
1021 1067 1206 1127 mercatus,
1231 1067 1268 1116 ut
1296 1052 1369 1119 aliis
1393 1053 1547 1136 gentibus

370 1159 581 1225 conceditur:
603 1160 715 1243 itaque
744 1177 778 1227 et
805 1162 929 1228 tributa
952 1182 1025 1226 eum
1048 1162 1219 1245 pendunt,
1245 1178 1277 1226 et
1297 1163 1353 1246 jus
1375 1165 1542 1229 mercandi

369 1291 387 1337 a
409 1269 617 1354 Principibus
650 1287 806 1354 exorant,
830 1273 981 1338 dominos
1004 1293 1038 1340 se
1063 1292 1130 1338 non
1155 1291 1225 1340 esse
1249 1273 1305 1340 sed
1335 1288 1372 1339 ut
1393 1290 1544 1340 externos

370 1383 522 1448 advenire
552 1382 630 1449 satis
662 1398 843 1450 testantur:
875 1404 915 1448 ne
947 1384 1098 1455 habitant
1130 1384 1263 1466 quidem
1287 1385 1351 1451 nisi
1383 1385 1540 1468 precario·

371 1493 417 1559 Et
447 1513 645 1577 quamquam
679 1496 719 1561 ad
750 1495 931 1561 dominium
962 1495 1079 1560 titulus
1112 1514 1178 1560 non
1207 1496 1370 1577 sufficiat,
1404 1497 1480 1578 quia
1514 1511 1546 1561 et

370 1605 539 1689 possessio
565 1606 767 1688 requiritur,
791 1627 867 1672 cum
890 1607 980 1674 aliud
1003 1607 1046 1673 sir
1065 1627 1131 1671 rem
1153 1607 1292 1684 habere,
1316 1607 1407 1672 aliud
1426 1609 1481 1692 jus
1504 1609 1545 1672 ad

369 1736 435 1781 rem
459 1718 743 1800 consequendam,
768 1733 874 1784 tamen
893 1737 934 1784 ne
954 1717 1089 1784 titulum
1113 1717 1247 1799 quidem
1277 1718 1414 1785 dominii
1438 1718 1471 1786 in
1492 1739 1543 1784 eas

369 1843 476 1910 partes
500 1828 669 1894 Lusitanis
693 1830 796 1894 ullum
820 1848 890 1894 esse
910 1828 1052 1906 affirm0,
1077 1848 1176 1910 quem
1196 1849 1263 1895 non
1286 1829 1368 1912 ipsis
1389 1829 1545 1910 eripuerit

369 1937 540 2004 doctorum
562 1939 746 2021 etquidem
771 1940 993 2023 Hispanorum
1015 1939 1184 2006 sententia.
1225 1940 1369 2006 Primum
1386 1940 1412 2005 si
1432 1939 1543 2004 dicent

368 2049 569 2115 inventionis
585 2050 727 2133 praemio
749 2070 802 2116 eas
823 2065 923 2116 terras
941 2050 1004 2117 sibi
1023 2051 1180 2131 cessisse,
1200 2071 1258 2115 nec
1271 2051 1327 2134 J‘us
1346 2070 1406 2115 nec
1426 2069 1540 2114 verum

368 2159 486 2226 dicent.
509 2161 659 2226 Invenire
688 2161 772 2227 enim
790 2180 856 2227 non
874 2161 957 2228 illud
980 2176 1049 2241 est,
1074 2161 1178 2226 oculis
1198 2180 1377 2244 usurpare,
1403 2161 1459 2225 sed
1483 2181 1540 2243 ap-

367 2272 591 2355 prehendere,
616 2287 654 2337 ut
677 2272 839 2339 Gordiani
857 2272 994 2355 epistola
1019 2285 1028 2318 ¹
1052 2272 1255 2338 ostenditur:
1277 2270 1363 2338 unde
1385 2290 1539 2355 gramma·

368 2383 425 2448 tici
449 2381 461 2418 ²
495 2383 640 2449 invenire
670 2399 703 2448 et
732 2404 893 2468 occupare
920 2404 980 2467 pro
1008 2382 1118 2450 verbis
1146 2398 1274 2466 ponunt
1300 2382 1385 2448 idem
1414 2381 1538 2466 signifi-

367 2493 536 2560 cantibus:
564 2509 597 2560 et
622 2509 691 2562 tota
720 2495 880 2560 Latinitas
904 2497 915 2532 ⁸
939 2497 1030 2578 quod
1059 2495 1169 2578 adepti
1194 2511 1330 2573 sumus,
1354 2493 1388 2556 id
1408 2493 1535 2558 demum

368 2605 531 2673 invenisse
553 2627 615 2673 nos
638 2606 741 2688 dicit,
766 2607 821 2673 cui
844 2607 1035 2691 oppositum
1059 2619 1109 2672 est
1130 2606 1278 2689 perdere.
1302 2603 1394 2691 Quin
1418 2619 1449 2669 et
1472 2604 1540 2686 ipsa

367 2719 522 2786 naturalis
545 2719 652 2800 ratio,
677 2733 709 2784 et
731 2721 840 2804 legum
864 2719 984 2784 diserta
1007 2719 1127 2799 verba,
1153 2732 1185 2781 et
1208 2715 1423 2781 eruditiorum
1444 2715 1541 2781 inter-

366 2829 505 2914 pretatio
535 2834 547 2870 ⁴
577 2830 748 2897 manifeste
778 2829 924 2897 ostendit
951 2829 992 2895 ad
1025 2829 1159 2895 titulum
1193 2826 1330 2893 dominii
1363 2828 1540 2910 parandum

366 2962 435 3008 earn
459 2942 587 3008 demum
610 2942 756 3009 sufficere
777 2941 1021 3022 inventionem,
1037 2959 1122 3021 quae
1145 2959 1219 3004 eum
1240 2938 1447 3020 possessione
1464 2958 1542 3004 con·

363 3053 477 3137 juncta
504 3067 554 3117 est
576 3058 607 3133 ⁵,
636 3052 695 3118 ubi
727 3051 851 3118 scilieet
883 3071 933 3117 res
968 3050 1107 3116 mobiles
1143 3049 1451 3132 apprehenduntur,
1487 3064 1543 3114 aut

366 3163 551 3228 immobiles
572 3162 721 3227 terminis
743 3177 842 3243 atque
866 3161 1015 3228 custodia
1038 3159 1230 3243 saepiuntur
1253 3157 1281 3223 ⁸:
1311 3161 1401 3242 quod
1424 3160 1457 3225 in
1481 3162 1541 3226 hae

366 3273 473 3357 specie
501 3273 566 3338 dici
595 3275 687 3340 nullo
713 3273 811 3339 modo
834 3287 956 3356 potest.
1003 3273 1090 3338 Nam
1113 3271 1273 3355 praesidia
1297 3271 1364 3336 illie
1388 3272 1541 3337 Lusitani

365 3386 455 3449 nulla
478 3385 609 3451 habent.
655 3384 748 3472 Quid
778 3384 869 3466 quod
900 3403 941 3450 ne
973 3383 1130 3467 reperisse
1159 3382 1291 3464 quidem
1315 3383 1439 3448 Indiam
1473 3385 1541 3448 ullo

365 3496 464 3561 modo
494 3495 558 3560 diei
586 3511 725 3579 possunt
747 3494 925 3577 Lusitani,
949 3516 1033 3576 quae
1055 3509 1107 3560 tot
1129 3515 1146 3560 a
1170 3493 1310 3559 saeculis
1330 3492 1436 3558 fuerat
1459 3496 1540 3559 cele-

365 3607 525 3673 berrima?
547 3607 618 3691 Jam
641 3608 680 3673 ab
705 3605 835 3672 Horatii
858 3607 869 3647 ⁷
894 3622 1039 3689 tempore

520 3720 667 3806 Impiger
689 3732 852 3784 extremos
875 3721 988 3782 currit
1011 3729 1178 3781 mercator
1202 3713 1249 3780 ad
1271 3714 1369 3781 Indos

520 3831 589 3895 Per
611 3852 705 3895 mare
722 3832 917 3918 pauperiem
935 3827 1083 3913 fugiens.

365 4025 518 4037 μ--ο--ω
527 4026 564 4034 ι·-

399 4155 444 4203 ¹1.
460 4154 481 4204 si
500 4157 663 4203 Barsatoram.
688 4155 717 4201 C.
742 4155 773 4201 de
789 4150 992 4208 fidejussoribus.
1013 4147 1056 4212 [C.
1075 4151 1097 4196 8.
1115 4162 1157 4209 41.
1175 4148 1225 4212 13.]
1262 4145 1357 4195 'Nom
1376 4149 1456 4194 Marc.
1476 4160 1498 4194 c.
1514 4161 1539 4206 4.

274 4245 276 4250 '
364 4247 391 4294 in
409 4262 434 4295 v.
453 4248 594 4306 occupare.
628 4243 687 4290 ⁸V.
703 4245 859 4291 Consanum.
878 4224 1052 4297 commjur'ts
1070 4241 1165 4290 civilis.
1184 4242 1201 4287 l.
1221 4253 1243 4297 3.
1262 4253 1285 4287 c.
1305 4251 1328 4295 3.
1344 4239 1370 4285 in
1389 4236 1448 4286 fine.
1479 4237 1539 4285 ⁴V.

364 4340 509 4386 Donellum.
531 4339 562 4385 de
586 4333 642 4392 jure
664 4335 746 4384 civili.
770 4336 787 4380 l.
809 4348 832 4395 4.
856 4347 879 4382 c.
907 4347 945 4380 10.
981 4332 1070 4381 ‘inst
1092 4334 1123 4381 de
1142 4345 1190 4380 rer.
1209 4331 1261 4380 div.
1281 4334 1301 4388 5.
1320 4331 1383 4378 illud
1398 4330 1538 4389 quaesitum

364 4426 657 4491 cst.[1.2.1.§.13.]
692 4424 737 4470 ⁶1.
757 4436 779 4480 3.
797 4427 819 4482 ξ.
837 4423 962 4472 Neratius.
981 4423 1006 4471 in
1024 4424 1043 4471 f.
1059 4423 1084 4470 ff.
1103 4425 1133 4472 de
1152 4435 1207 4482 aeq.
1224 4433 1293 4481 poss.
1314 4421 1356 4481 [D.
1374 4435 1415 4481 4¹·
1436 4435 1459 4468 a.
1477 4433 1500 4476 3.
1517 4425 1538 4479 ς.

365 4518 401 4581 3.]
436 4516 447 4554 ⁷
465 4519 546 4578 Epist.
564 4520 580 4565 l.
599 4530 619 4564 r.
639 4530 659 4563 1.
680 4516 731 4576 [vs.
750 4527 791 4575 4⁵·
810 4514 859 4574 sep]
