3536 5692
357 617 420 678 304
651 617 698 664 DE
721 617 1026 683 JURE,PRAEDAE.
1052 617 1233 664 CAP.X1V.

355 768 435 834 Tam
472 771 618 836 omnibus
652 775 819 857 ignoscere
859 770 1044 837 crudelitas
1079 785 1148 854 est,
1193 793 1293 857 quam
1326 774 1428 840 null'.
1484 775 1528 840 Et

355 882 538 966 Augustini
560 886 569 918 ¹
590 883 797 965 pereruditus
810 883 843 947 in
865 883 949 948 hanc
969 903 1035 948 rem
1057 898 1106 948 est
1126 885 1236 948 locus:
1271 883 1424 950 Reddere
1444 887 1527 952 bona

349 1008 414 1079 pro
438 995 552 1076 bonis,
586 1009 616 1060 et
636 1009 699 1082 pro
723 995 822 1060 malis
845 995 961 1076 mala,
997 996 1076 1059 haec
1100 993 1163 1060 dno
1187 995 1401 1062 mediocrium
1426 1012 1526 1062 sunt:

349 1109 449 1190 prins
468 1111 696 1192 propinquum
718 1108 808 1172 bonis
827 1110 978 1175 conuenit
999 1111 1099 1172 etiam
1121 1108 1243 1187 molis,
1267 1107 1357 1192 quod
1375 1107 1527 1174 Christus

355 1238 419 1281 noa
451 1221 594 1304 arguit,
628 1218 686 1284 sed
709 1218 788 1304 plus
824 1232 972 1303 oportere
1008 1217 1115 1299 dicit,
1151 1223 1233 1302 quia
1256 1231 1287 1283 et
1320 1220 1444 1284 ethnici
1471 1222 1527 1285 lsoc

347 1327 514 1412 faciunt:
544 1332 712 1415 posterius
739 1332 964 1415 propinquam
996 1328 1094 1393 malis
1118 1335 1269 1398 conuenit
1293 1344 1404 1395 tamen
1427 1336 1527 1395 etiam

354 1440 469 1505 lonis:
506 1439 591 1505 unde
625 1453 657 1504 et
692 1440 910 1506 immodum
946 1440 1069 1505 ultioni
1103 1445 1237 1505 statuit.
1293 1441 1339 1506 Et
1373 1461 1449 1506 mox
1484 1443 1529 1507 ita

355 1552 548 1635 explicatut
560 1552 669 1633 dicat,
693 1553 833 1638 injusta
847 1553 995 1632 ultione,
1020 1573 1104 1636 quae
1112 1550 1155 1634 fit
1167 1551 1341 1617 dilectione
1344 1555 1526 1639 justitiae,

355 1686 418 1728 non
440 1663 657 1729 delectatione
678 1663 809 1730 alienae
821 1668 997 1745 miseriae,
1023 1685 1086 1727 non
1099 1663 1196 1729 reddi
1208 1664 1333 1729 malum
1340 1681 1404 1751 pro
1417 1645 1525 1748 meld,

355 1775 412 1840 sed
422 1777 556 1859 justum
574 1790 639 1860 pro
664 1776 811 1860 injusto,
844 1776 901 1839 lsoc
925 1789 997 1854 est,
1033 1774 1166 1857 inquit,
1191 1777 1307 1840 bonam
1327 1791 1390 1861 pro
1414 1778 1526 1842 malo:

356 1887 446 1968 quod
481 1886 576 1952 etiam
612 1887 705 1951 Deus
736 1887 840 1970 judex
874 1885 965 1951 facit.
1011 1887 1061 1951 Ut
1096 1906 1172 1970 ergo
1207 1902 1359 1969 appareat
1392 1889 1525 1969 quando

355 2000 493 2063 honesta
526 1998 570 2062 sit
604 1999 709 2080 ulti0‚
753 1999 886 2080 quando
930 2013 1037 2063 autem
1071 1997 1293 2064 misericordia
1329 1999 1526 2081 conveniat,

355 2110 604 2194 distinguendae
627 2109 781 2176 videntur
803 2129 961 2192 personae
983 2125 1053 2174 tum
1077 2129 1160 2190 quae
1180 2107 1327 2190 faciunt,
1351 2126 1421 2175 tum
1442 2132 1527 2192 quae
1631 2119 1633 2128 '

353 2222 524 2306 patiuntur
544 2221 710 2307 injuriam.
757 2221 813 2287 Ad
834 2221 997 2304 patientes
1016 2220 1108 2302 quod
1127 2221 1266 2301 attinet,
1290 2221 1318 2285 si
1338 2242 1526 2288 communes

355 2335 421 2400 sint
453 2355 527 2399 cum
560 2334 659 2400 sociis
691 2348 747 2399 aut
779 2354 854 2399 cum
878 2333 1003 2416 patria,
1029 2348 1154 2397 certum
1178 2347 1227 2397 est
1249 2352 1316 2397 non
1340 2353 1445 2415 aeque
1467 2354 1522 2400 nos

353 2445 466 2512 faciles
498 2465 568 2514 esse
601 2465 697 2529 posse
729 2445 763 2509 in
790 2444 996 2510 remittendis
1018 2444 1161 2526 publicis
1184 2459 1242 2510 aut
1265 2445 1404 2525 alienis,
1429 2461 1526 2528 atque

355 2557 388 2622 in
410 2557 532 2624 nostris
556 2557 695 2642 injuriis.
742 2557 830 2623 Inter
851 2556 1107 2641 jurisconsultos
1131 2556 1268 2621 celebris
1282 2557 1524 2637 estsententia‚

353 2667 459 2734 foveri
492 2671 531 2734 ab
565 2690 603 2735 eo
627 2669 846 2754 injuriosum,
879 2669 937 2751 qui
961 2668 1081 2754 injuria
1103 2667 1256 2734 affectum
1281 2688 1348 2734 non
1371 2685 1481 2734 tuetur
1500 2666 1521 2732 ².

355 2782 429 2865 Ipse
461 2781 673 2866 Augustinus
693 2787 723 2846 ³:
749 2780 937 2846 ostenditur
969 2801 1033 2844 non
1063 2800 1127 2845 esse
1149 2785 1309 2845 immunes
1333 2802 1355 2845 a
1381 2779 1522 2859 scelere,

354 2897 413 2978 qui
430 2898 668 2979 permiserunt.
695 2889 761 2976 Qui
784 2892 906 2958 desinit
930 2892 1087 2972 obviare,
1111 2905 1329 2977 compotem,
1352 2895 1522 2957 consentit.

355 3005 441 3070 Nam
466 3020 503 3070 ut
525 3005 610 3070 idem
635 3004 712 3069 alibi
733 3007 764 3067 ⁴:
803 3005 882 3068 Noa
906 3018 952 3068 cst
976 3006 1184 3068 innocentiae
1201 3003 1369 3088 parcendo
1394 3007 1524 3085 sinere,

355 3121 452 3183 utin
476 3115 601 3181 malum
621 3120 764 3202 grauius
788 3115 976 3181 incidatur.
1005 3115 1159 3179 Pertinet
1172 3135 1250 3200 ergo
1263 3114 1310 3180 ad
1319 3118 1526 3179 innocentiae

355 3230 489 3316 officium
515 3249 578 3292 aon
599 3227 702 3292 solum
726 3230 850 3291 nemini
873 3241 993 3291 metum
1018 3226 1172 3309 inferre,
1195 3226 1523 3294 oeromectomcaht·

355 3340 429 3404 lere
446 3353 609 3424 peccota,
632 3337 687 3405 uel
691 3340 816 3423 punire
822 3350 1018 3422 peccatum,
1044 3351 1082 3401 ut
1095 3351 1156 3401 aut
1168 3341 1236 3422 ipse
1259 3341 1318 3422 qui
1335 3339 1434 3422 prius
1452 3334 1522 3400 odio

354 3452 498 3516 habctrsr
509 3499 520 3532 ‚
532 3453 732 3536 corrigatur
745 3453 967 3535 experimento
979 3496 991 3530 ,
1003 3462 1065 3514 aut
1077 3448 1142 3513 alii
1153 3463 1354 3514 terreantur
1366 3446 1523 3532 exemplo.

354 3562 552 3628 Ambrosius
572 3557 584 3591 ⁵
604 3561 700 3626 etiam
724 3562 863 3626 multum
884 3560 1025 3644 exagitat
1043 3579 1227 3644 perversam
1248 3559 1524 3636 misericordiam,

356 3696 441 3759 quae
464 3678 651 3738 innocentes
674 3672 786 3738 tradit
810 3675 937 3753 exitio,
961 3671 1038 3737 dum
1064 3671 1188 3737 liberat
1211 3671 1391 3738 multorum
1415 3672 1524 3734 exitia

355 3790 568 3873 cogitantem.
616 3785 695 3849 Non
727 3788 763 3849 in
788 3783 959 3868 ferenda,
994 3783 1103 3866 inquit
1121 3785 1157 3863 ⁶,
1191 3783 1247 3849 sed
1275 3786 1311 3847 in
1335 3779 1524 3869 depellenda

355 3900 489 3984 injuria
520 3899 577 3963 lea
610 3901 752 3965 uirtutis
775 3911 833 3964 est.
881 3893 948 3980 Qui
971 3900 1056 3961 enim
1080 3917 1143 3960 non
1167 3896 1301 3982 repellit
1324 3917 1345 3960 a
1369 3897 1451 3958 socio
1474 3895 1526 3956 in-

353 4101 545 4112 ——nn—-—-

323 4191 1528 4268 ⁵1mmmMmmmawnmemffifflmmffimssmpmm

358 4291 1527 4364 mnj²efflmmemmmfflmfflmwmmmfflmmm

355 4384 1528 4449 umanum³mwmm⁴mffimffistmmummmm.

354 4481 684 4536 “mffifflssoffi
