3536 5692
509 692 555 737 un
578 691 672 757 Junr,
699 691 884 738 rannone.
910 691 992 737 cnr.
1018 691 1099 737 x111.
1321 684 1379 742 281

452 843 549 928 Quod
567 859 698 924 restat,
719 859 749 909 et
769 866 824 908 nos
850 844 913 908 Dis
934 848 1097 924 minores,
1123 859 1159 909 ut
1181 846 1293 928 decet,

454 955 643 1034 Geramus,
668 969 914 1022 attererentur
937 953 1083 1019 Atridas
1107 954 1211 1036 duos,

455 1063 577 1148 Queis,
600 1087 673 1128 cum
697 1078 842 1150 regentes
862 1069 953 1145 sint,
978 1069 1070 1143 nefas
1090 1088 1153 1130 non
1174 1067 1286 1133 cedere
1306 1083 1362 1133 est.

258 1175 484 1258 Justissimum
509 1175 594 1239 enim
619 1190 690 1255 est,
715 1189 753 1239 ut
775 1175 965 1240 Alcibiades
985 1175 1090 1257 dixit,
1114 1177 1181 1260 ὅπερ
1204 1182 1322 1258 ὣέξοιτό
1342 1209 1386 1255 τις

218 1297 326 1369 σχῆμα
353 1299 407 1364 τῆς
436 1290 605 1360 πολιτείας,
632 1295 716 1353 τοῦτο
744 1289 937 1370 ξυνδιασώζειν
958 1290 988 1361 ¹,
1012 1287 1075 1351 hoc
1097 1301 1164 1362 est,
1189 1309 1282 1372 quem
1313 1294 1386 1374 quis

218 1399 383 1478 acceperit
416 1395 619 1481 reipublicae
652 1408 803 1476 statum,
838 1395 977 1461 adeum
1008 1397 1207 1464 servandum
1235 1404 1386 1464 conniti:

218 1506 309 1586 quod
332 1507 508 1590 Augustus
537 1505 601 1571 viri
632 1505 781 1587 civisque
815 1506 891 1572 boni
923 1506 1064 1571 officium
1089 1526 1158 1574 esse
1182 1507 1333 1574 definivit
1355 1507 1385 1574 ²:

217 1618 402 1700 sapienter,
424 1638 484 1682 nec
506 1617 615 1683 minus
637 1637 725 1682 vere.
749 1617 834 1682 Nam
859 1632 891 1682 et
913 1618 982 1699 ipse
1006 1617 1064 1699 qui
1084 1617 1137 1683 via
1159 1633 1208 1683 est
1224 1633 1256 1685 et
1266 1621 1388 1686 veritas

213 1728 358 1811 Judaeos
389 1748 455 1793 non
489 1728 572 1794 illud
606 1728 793 1809 inquirere,
819 1748 887 1810 quo
908 1728 981 1812 jure
1005 1729 1147 1794 Romani
1171 1729 1386 1796 Palaestinam

196 1830 202 1840 ”
218 1853 457 1921 occupassent,
501 1838 560 1905 sed
594 1838 863 1920 quandoquidem
899 1838 961 1921 ipsi
997 1838 1029 1904 in
1065 1840 1216 1906 Romano
1251 1840 1387 1924 imperio

216 1948 388 2028 viverent,
421 1969 533 2032 parere
565 1948 665 2034 jussit
699 1949 918 2029 Caesaribus,
954 1950 1012 2031 qui
1048 1965 1119 2017 tum
1154 1951 1225 2035 ejus
1258 1951 1388 2035 imperii

216 2061 449 2143 potiebantur,
484 2061 574 2142 quod
608 2079 761 2125 nummus
785 2061 946 2126 Caesarea
968 2061 1107 2147 imagine
1132 2061 1281 2146 signatus
1303 2062 1387 2129 indi-

217 2172 311 2236 cabat
331 2170 355 2236 ³.
403 2171 586 2236 Ordinibus
614 2186 722 2236 autem
746 2191 811 2236 non
834 2171 957 2237 idcirco
979 2187 1105 2238 tantum
1129 2193 1240 2256 parere
1263 2175 1387 2240 subditi

220 2283 362 2361 debent,
397 2282 474 2363 quia
505 2301 594 2346 nunc
627 2281 661 2346 id
691 2281 836 2366 regimen
869 2297 1035 2364 receptum
1059 2298 1131 2362 est,
1154 2304 1268 2349 verum
1292 2286 1387 2350 etiam

219 2391 297 2473 quia
331 2392 420 2456 istud
453 2391 624 2473 imperium
653 2392 727 2475 jure
761 2391 926 2456 communi
949 2391 1076 2456 nititur.
1123 2392 1280 2458 Hollandi
1304 2395 1387 2460 enlm

219 2518 252 2568 et
275 2503 334 2584 qui
357 2507 431 2567 c‘um
455 2501 520 2566 illis
550 2500 707 2567 foederati
736 2517 813 2568 sunt
836 2502 957 2582 hodie,
981 2502 1064 2567 nulli
1087 2503 1221 2569 omnino
1245 2505 1387 2588 Principi

219 2614 413 2695 obsequium
434 2612 571 2690 debent,
595 2632 669 2677 cum
689 2611 795 2678 omnis
815 2613 899 2694 apud
920 2612 994 2677 illos
1014 2613 1217 2696 principatus
1238 2635 1255 2680 a
1272 2631 1388 2682 mutuo

221 2738 423 2792 sacramento
446 2725 550 2789 soleat
573 2723 703 2787 initium
723 2743 859 2790 sumere.
884 2723 964 2788 Post
975 2738 1110 2788 mortem
1124 2741 1232 2790 autem
1244 2727 1389 2811 Philippi

222 2835 366 2902 Secundi
389 2837 501 2900 nullus
525 2849 573 2901 est
596 2834 752 2917 Princeps
777 2833 810 2899 in
833 2834 928 2918 cujus
940 2834 1037 2899 verba
1050 2836 1243 2920 juraverint.
1267 2839 1388 2919 Neque

219 2967 299 3012 vero
331 2946 505 3029 Philippus
539 2945 678 3012 Tertius
706 2946 770 3030 jus¹
793 2945 930 3026 aliquod
961 2946 1120 3026 retinuit,
1144 2947 1203 3027 qui
1225 2967 1266 3015 se·
1282 2949 1388 3014 videri

218 3062 292 3136 vult
315 3057 403 3140 omqi
428 3059 598 3142 Belgarum
622 3056 758 3140 imperio
782 3056 970 3136 abdicasse,
1000 3076 1107 3139 neque
1131 3058 1290 3125 Albertus
1313 3080 1388 3126 cum

219 3171 360 3254 coniuge
384 3170 459 3251 plus
483 3168 663 3250 quidquam
688 3167 805 3232 babere
827 3182 959 3250 potest,
992 3157 1088 3249 quam
1112 3170 1303 3236 volentibus
1326 3171 1389 3236 Or-

221 3280 353 3346 dinibus
373 3279 510 3361 accepit,
534 3299 608 3344 cum
625 3278 758 3344 minime
778 3279 953 3344 obscurum
975 3279 1032 3357 sit,
1054 3298 1094 3344 ne
1112 3295 1235 3363 partem
1257 3283 1389 3364 quidem

221 3394 319 3457 ullam
351 3390 466 3474 populi
499 3389 634 3455 invitam
667 3409 762 3472 posse
786 3388 818 3455 in
843 3388 976 3456 alterius
1001 3390 1158 3456 ditionem
1182 3391 1347 3460 transferri
1367 3399 1388 3460 ⁴.

220 3502 530 3588 Quomodocunque
565 3515 670 3566 autem
707 3501 863 3584 Princeps
896 3500 1031 3582 deficit,
1066 3502 1150 3568 nihil
1185 3517 1234 3570 est
1267 3506 1390 3572 certius

221 3633 318 3695 quam
344 3627 449 3678 totum
473 3612 642 3695 imperium
668 3611 785 3676 deferri
808 3613 849 3676 ad
871 3613 1126 3695 rempublicam,
1162 3616 1302 3696 quaein
1326 3616 1390 3682 Or-

221 3725 313 3790 dines
345 3743 424 3788 suos
455 3723 629 3788 distributa
662 3737 733 3802 est,
766 3723 837 3802 sive
868 3739 911 3788 ut
935 3723 1156 3790 Covarruvias
1176 3730 1187 3761 ⁵
1208 3726 1325 3807 docet,
1350 3728 1391 3793 ad

220 3835 393 3918 optimates
425 3848 523 3913 atque
554 3852 726 3915 proceres,
763 3833 820 3914 qui
856 3833 1053 3915 reipublicae
1093 3854 1212 3918 corpus
1245 3837 1391 3904 referunt

221 3963 253 4013 et
294 3960 379 4011 recte
424 3943 566 4009 Ordines
609 3943 774 4008 dicuntur.
830 3943 959 4007 Parum
999 3947 1083 4007 enim
1119 3945 1247 4028 refert,
1282 3947 1392 4029 inquit

220 4059 343 4124 Paulus
373 4056 653 4141 jurisconsultus,
690 4053 780 4120 Ordo
812 4058 982 4140 quippiam
1009 4055 1155 4137 fecerit,
1192 4078 1236 4120 an
1273 4062 1301 4122 is
1335 4064 1391 4124 cui

257 4341 400 4399 ¹Thucyd.
421 4339 465 4387 lib.
484 4341 507 4388 6.
534 4340 569 4400 [c.
589 4339 641 4400 89.]
662 4338 687 4386 in
712 4351 775 4386 orat.
801 4340 832 4386 ad
855 4340 946 4386 Laced.
980 4323 1124 4385 lutaciob.
1149 4339 1195 4386 lib.
1218 4354 1240 4388 2.
1260 4346 1308 4392 Sat.
1327 4361 1350 4394 c.
1366 4364 1390 4410 4.

221 4430 341 4479 ’Mattn
365 4445 387 4478 c.
411 4444 451 4478 aa.
475 4444 513 4478 vs.
532 4444 571 4478 21.
590 4433 671 4478 Marc.
687 4444 709 4478 c.
731 4443 768 4477 ια.
784 4443 822 4477 vs.
842 4430 997 4486 17.Luc.c.
1017 4443 1057 4477 20.
1075 4443 1113 4477 vs.
1130 4443 1169 4484 25.
1203 4431 1307 4493 ⁴Vasq.
1327 4451 1350 4484 c.
1367 4454 1389 4496 5,

223 4535 341 4570 controv.
361 4522 451 4570 illustr.
466 4535 513 4580 per
530 4533 621 4571 totum.
641 4523 719 4580 Ayala
737 4520 781 4569 lib.
803 4534 824 4568 1.
842 4535 865 4568 c.
882 4522 905 4568 6.
921 4533 946 4567 n.
961 4534 985 4580 9.
1020 4521 1030 4550 ⁶
1049 4522 1130 4568 Pract.
1148 4534 1243 4580 quaest.
1258 4537 1281 4572 c.
1299 4539 1319 4574 r.
1333 4542 1357 4576 n.
1366 4546 1390 4592 4.
