3530 5656
395 673 437 737 54
710 673 756 720 us
780 673 874 739 June
899 671 1082 722 sunnone.
1108 675 1187 722 cns.
1212 675 1261 722 ιν.

396 844 504 898 tentos
538 849 617 895 esse.
674 828 746 894 Nec
780 826 851 894 aliis
873 847 910 894 ea
928 829 1088 894 sententia
1107 848 1204 911 quarn
1228 829 1359 896 rusticis
1383 847 1416 898 et
1432 833 1572 918 hospiti-

395 943 457 1008 bus
478 940 604 1024 parcit‚
629 939 660 1004 iu
695 957 780 1021 quos
811 937 948 1005 nimium
981 940 1109 1006 crebrae
1136 953 1214 1006 surrt
1236 940 1377 1008 militum
1410 942 1571 1029 iniuriae,

396 1067 434 1120 ut
456 1070 569 1118 omnes
601 1051 642 1116 ad
671 1067 746 1116 eunt
776 1051 885 1116 locum
906 1049 1098 1133 interpretes
1111 1057 1120 1092 ¹
1135 1052 1356 1118 consentiunt.
1402 1053 1465 1120 Est
1486 1057 1571 1122 enim

396 1165 459 1230 hoc
480 1162 691 1246 periniquum
714 1159 848 1244 spoliari
868 1179 1012 1245 paganos
1035 1161 1263 1244 immerentes,
1288 1163 1347 1246 qui
1370 1163 1484 1232 adsui
1515 1168 1571 1234 de·

396 1273 577 1340 sensionem
612 1287 645 1338 et
669 1270 940 1338 sustentationem
961 1271 1102 1338 militum
1123 1291 1223 1338 onera
1246 1274 1426 1356 publicitus
1448 1275 1571 1343 indicta

395 1384 587 1452 sustineant.
634 1383 699 1450 Sed
730 1381 813 1447 nihil
842 1381 905 1448 hoc
939 1381 981 1448 ad
1012 1401 1063 1448 res
1094 1381 1239 1449 hostium
1269 1385 1430 1467 pertinet,
1464 1407 1571 1471 neque

395 1497 489 1562 aliam
521 1494 713 1562 sententiam
745 1493 867 1574 habet,
902 1511 998 1576 quam
1033 1493 1123 1576 quod
1145 1509 1219 1560 ante
1242 1495 1424 1578 publicanis
1447 1497 1571 1565 dictum

396 1623 488 1688 erat,
511 1625 552 1672 ne
574 1605 657 1689 quid
679 1605 817 1688 amplius
838 1605 1005 1689 exigerent
1025 1623 1121 1687 quam
1141 1606 1215 1690 jure
1238 1607 1454 1676 constitutum
1476 1627 1570 1678 esset.

393 1718 488 1803 Juste
508 1717 634 1802 igitur,
666 1715 693 1782 si
726 1715 919 1800 imperantes
951 1715 997 1780 ita
1029 1713 1253 1801 decreverint,
1277 1719 1394 1800 praeda
1410 1739 1457 1785 vex
1477 1721 1571 1787 hoste

396 1828 437 1895 ad
459 1827 595 1894 militem
617 1826 787 1910 perveniet
809 1819 1003 1910 diceturque
1026 1841 1059 1894 et
1080 1826 1159 1892 haec
1177 1847 1251 1910 pars
1271 1849 1341 1896 esse
1353 1831 1484 1912 salarii,
1506 1833 1570 1897 hoc

396 1953 444 2005 cst
463 1939 707 2023 praemiorum,
731 1958 815 2022 quae
834 1937 953 2004 milites
970 1940 1058 2024 juste
1081 1940 1238 2020 consequi
1253 1939 1376 2008 Paulus
1397 1936 1570 2009 'testatum

395 2050 476 2116 Non
499 2049 589 2116 aliud
611 2068 687 2134 ergo
708 2048 875 2133 Jobannes
897 2049 949 2114 his
972 2047 1031 2130 qui
1058 2047 1092 2112 in
1110 2047 1234 2132 Judaea
1258 2049 1440 2120 militabant
1472 2073 1568 2135 quam

396 2160 594 2228 exercitibus
616 2160 685 2228 suis
705 2160 904 2228 Aurelianus
924 2157 935 2192 ²
955 2157 1078 2225 edixit:
1111 2157 1256 2225 Annona
1284 2181 1346 2226 sna
1373 2166 1510 2249 quisque
1532 2177 1571 2228 nt

394 2286 565 2340 contentus
588 2286 691 2337 essct:
715 2271 755 2338 de
770 2269 903 2356 pracda
926 2272 1052 2352 hostis,
1077 2288 1140 2334 non
1162 2269 1202 2336 de
1224 2270 1382 2356 lacrymis
1399 2277 1572 2359 prouinci-

239 2408 304 2453 ae..
318 2407 353 2452 m
396 2381 502 2448 alium
525 2385 662 2452 uiueret.
710 2381 810 2448 Omni
832 2395 939 2454 autem
961 2382 1035 2465 jure
1052 2380 1203 2464 praedam
1227 2401 1295 2449 esse
1315 2383 1437 2466 justam
1460 2385 1570 2452 eadem

237 2472 286 2560 b'z‘:
302 2463 375 2508 ‘'m‘'
397 2493 572 2559 auctoritas
607 2493 753 2575 evincit,
787 2511 870 2574 quae
904 2493 944 2558 de
975 2492 1063 2558 bello
1095 2491 1181 2558 idem
1215 2493 1379 2575 probavit.
1435 2493 1571 2561 Restam

237 2569 582 2688 saisiti‘iissanctorum
615 2603 760 2672 virorum
785 2603 953 2686 exemplar
984 2619 1123 2684 quorum
1155 2599 1306 2686 princeps
1336 2601 1433 2670 facile
1464 2606 1569 2672 Abra-

238 2678 324 2738 ‘'ph'‘
398 2716 513 2782 hamus
536 2721 547 2760 ⁴
570 2718 673 2783 multa
706 2715 801 2782 nobis
833 2727 1021 2800 argumenta
1052 2713 1252 2797 suppeditat.
1309 2713 1453 2782 Primum
1483 2717 1568 2782 eninr

398 2847 471 2894 cum
505 2847 557 2896 res
585 2827 736 2895 hostibus
770 2843 935 2910 possessas
966 2823 1001 2890 vi
1036 2823 1144 2890 aufert
1166 2826 1202 2907 ⁸,
1236 2825 1314 2891 satis
1337 2827 1480 2893 ostendit
1502 2846 1570 2895 non
1637 2891 1642 2898 .

397 2939 515 3006 debere
538 2954 576 3005 ut
597 2939 737 3004 alienum
760 2937 903 3022 relinqui
924 2937 980 3018 id,
1003 2935 1094 3018 quod
1107 2936 1224 3002 hostes
1235 2935 1404 3019 detinent,
1429 2937 1571 3019 ideoque

397 3050 461 3115 hoc
483 3049 603 3115 factum
625 3065 711 3115 recte
734 3049 946 3115 imitabimur.
991 3046 1152 3132 Agnoscit
1185 3045 1302 3113 deinde
1325 3048 1474 3130 praedam
1494 3069 1570 3114 cum

387 3159 470 3243 ¹ejus
501 3173 624 3243 partem
658 3159 816 3226 decimam
850 3160 905 3226 dat
935 3157 1121 3240 sacerdoti,
1145 3172 1184 3225 ut
1207 3157 1241 3223 in
1264 3144 1415 3242 Epistola
1438 3160 1478 3224 ad
1501 3160 1570 3224 He·

397 3270 663 3338 braeos⁸diserte
683 3271 876 3354 explicatur.
900 3269 987 3336 Illud
1007 3285 1114 3335 autem
1136 3268 1243 3352 ipsum
1268 3268 1307 3333 de
1329 3271 1465 3352 praedae
1481 3270 1570 3336 deci·
1628 3325 1634 3336 .

396 3401 447 3446 ma
470 3381 557 3465 apud
579 3381 655 3448 alias
677 3382 772 3448 etiam
794 3396 905 3466 gentes
925 3375 1093 3447 invenitur
1115 3383 1138 3446 ².
1160 3378 1216 3444 Ad
1235 3379 1387 3446 ultimum
1407 3383 1462 3465 jus
1477 3401 1570 3464 prae·

396 3492 455 3558 dae
490 3493 633 3576 apertius
666 3493 802 3576 probare
832 3511 900 3558 non
932 3491 1067 3574 potuit,
1091 3493 1196 3572 ‘quam
1220 3509 1295 3558 cum
1319 3491 1477 3573 quaedam
1500 3493 1570 3576 ejus

396 3604 616 3670 consumenda
636 3603 793 3672 ministris
820 3603 889 3669 suis
912 3602 1025 3684 dedit,
1050 3599 1299 3668 auxiliatoribus
1322 3621 1400 3666 vero
1423 3615 1529 3685 partes
1552 3623 1569 3666 e

397 3714 559 3781 manubiis
592 3714 747 3800 assignari
781 3714 891 3781 voluit
911 3711 935 3780 ⁸.
958 3712 1080 3796 Neque
1109 3711 1194 3776 euim
1221 3727 1287 3777 erat
1309 3712 1336 3776 is
1362 3712 1570 3778 Abrahamus

398 3825 456 3907 qui
479 3825 569 3891 daret
596 3825 777 3909 quidquam
800 3824 891 3908 quod
912 3825 1049 3890 honeste
1070 3822 1173 3906 accipi
1198 3842 1263 3888 non
1285 3836 1407 3906 posset.
1453 3824 1570 3889 Caete-

397 3956 469 4002 rum
490 3937 580 4020 quod
603 3957 620 4003 e
643 3937 758 4021 spoliis
778 3936 943 4019 reliquum
968 3947 1036 4000 erat
1061 3946 1127 3999 nou
1147 3933 1241 4016 quasi
1264 3933 1373 4000 minus
1393 3935 1467 4018 jure
1496 3955 1569 4017 par-

397 4062 466 4113 tum
490 4048 678 4128 recusavit,
702 4050 765 4113 hoc
782 4049 889 4131 ipsum
912 4045 997 4111 enim
1018 4057 1127 4128 aperte
1150 4041 1268 4110 fuisset
1293 4044 1481 4127 professus:
1513 4065 1570 4111 ne·

431 4303 489 4351 ¹V.
508 4302 588 4361 Caiet.
615 4305 641 4352 in
667 4318 755 4354 summ.
779 4318 854 4366 pecc.
879 4305 944 4352 Belli
972 4306 1068 4351 damna.
1092 4304 1165 4351 Ferd.
1180 4302 1253 4351 Diae.
1270 4304 1301 4351 ad
1318 4304 1383 4351 Duc.
1401 4304 1464 4363 Reg.
1482 4316 1533 4363 reg.
1547 4317 1570 4351 2.

397 4393 567 4443 innocentiae.
601 4383 690 4444 icor.
711 4409 732 4444 1.
749 4410 773 4458 9.
792 4408 815 4453 7.
849 4395 984 4455 ³Vopisc.
1001 4396 1087 4442 Aurel.
1108 4393 1143 4454 [c.
1160 4391 1196 4454 7.]
1232 4392 1374 4441 ⁴Historia
1390 4405 1427 4441 est
1446 4395 1509 4441 Gen.
1530 4407 1568 4454 14.

396 4484 648 4542 ⁵lbld.15.et16.
682 4485 830 4536 ‘Ibidem
855 4497 879 4534 et
905 4485 982 4534 llcbr.
1009 4497 1032 4541 7.
1059 4498 1082 4544 4.
1117 4481 1201 4532 ⁷Liv.
1220 4483 1236 4531 l.
1265 4494 1287 4539 5.
1317 4482 1352 4548 [c.
1380 4482 1431 4548 as]
1468 4483 1479 4515 ⁸
1504 4485 1568 4532 Gen.

402 4587 438 4634 14·
458 4588 497 4634 24.
