3530 5656
772 640 955 682 PRAEFATIO·
1415 637 1446 676 xl

276 816 359 887 plura
387 813 509 885 excipit.
558 812 655 870 Multa
688 811 817 880 viderat,
845 815 951 870 multos
983 812 1060 869 vitae
1088 826 1169 869 casus
1201 820 1340 883 expertus
1368 819 1446 865 erat:

276 919 375 990 itaque
403 933 493 990 opus,
520 914 599 990 quod
626 915 739 988 iuvenis
771 917 942 990 scripserat,
974 916 1098 973 mutavit
1120 925 1208 988 prout
1238 924 1364 972 mutatus
1385 912 1446 986 eJus

277 1022 307 1079 in
329 1021 426 1078 multis
446 1021 556 1078 animus
575 1020 750 1093 postulabat.
792 1021 833 1078 At
854 1019 889 1077 de
910 1020 982 1094 iuris
1004 1020 1156 1092 principiis
1177 1031 1206 1075 et
1227 1019 1339 1090 origine
1350 1015 1447 1074 eadem

277 1125 428 1181 sentiebat.

316 1227 575 1284 ECommentario
595 1224 630 1283 de
652 1225 716 1299 jure
736 1224 857 1300 praedae
875 1228 980 1285 clarius
1002 1243 1086 1299 quam
1108 1241 1144 1282 ex
1166 1227 1260 1281 altero
1280 1238 1368 1296 opere
1386 1237 1447 1278 eer-

276 1331 386 1403 nimus,
418 1347 493 1403 quae
522 1330 671 1403 scriptoris
700 1333 760 1387 laus
785 1332 822 1387 sit
852 1332 929 1387 circa
957 1331 1002 1403 jus
1029 1330 1159 1403 gentium
1188 1339 1217 1385 et
1244 1326 1291 1400 jus
1318 1337 1446 1383 naturae.

276 1435 374 1507 Vulgo
400 1435 523 1492 Grotius
551 1434 600 1490 has
628 1432 796 1507 disciplinas
825 1431 991 1491 condidisse
1019 1432 1137 1491 dicitur.
1182 1432 1225 1489 At
1250 1431 1272 1487 si
1299 1429 1348 1501 qui
1371 1445 1446 1485 nova

276 1553 340 1595 eum
361 1537 433 1610 juris
454 1536 587 1610 dogmata
604 1537 783 1609 excogitasse
804 1547 928 1610 putant,
949 1539 996 1593 vel
1018 1534 1165 1608 docuisse,
1187 1551 1260 1608 quae
1282 1551 1366 1593 nemo
1380 1544 1447 1591 ante

276 1658 340 1698 eurn
360 1639 516 1708 docuerat,
538 1641 568 1697 hi
589 1644 675 1712 longe
694 1657 709 1696 a
730 1656 802 1697 vero
822 1641 937 1697 absunt.
978 1640 1068 1697 Nulla
1089 1640 1148 1696 fere
1169 1637 1301 1712 dogmata
1323 1639 1447 1711 promit,

276 1761 350 1819 quae
379 1761 437 1802 non
467 1745 538 1801 alius
566 1743 716 1817 cujusdam
746 1744 896 1817 scriptoris
922 1744 1096 1801 auctoritate
1120 1741 1282 1800 confirmet.
1329 1743 1361 1798 In
1389 1741 1447 1798 illis

274 1865 349 1906 unus
377 1848 532 1906 Albericus
560 1848 687 1905 Gentilis
717 1845 871 1916 laudatur,
901 1857 1045 1918 tamquam
1071 1843 1133 1903 dux
1160 1846 1259 1903 Grotii
1284 1856 1313 1903 et
1335 1846 1373 1916 is,
1395 1845 1446 1918 qui

275 1952 351 2009 viam
378 1952 404 2008 ei
430 1952 636 2025 praemunivit.
679 1949 733 2008 Sed
754 1951 807 2007 bac
829 1950 912 2007 laude
933 1967 1114 2023 nequaquam
1134 1949 1238 2022 dignus
1255 1959 1309 2006 est.
1349 1948 1447 2005 Multa

276 2056 412 2128 collegit,
434 2056 463 2111 in
486 2056 520 2111 iis
542 2057 649 2126 multa,
671 2054 776 2127 quibus
806 2054 929 2111 Grotius
957 2070 1024 2110 usus
1052 2064 1111 2122 est,
1141 2051 1189 2110 sed
1215 2050 1325 2125 judicio
1351 2063 1445 2121 caret,

276 2176 329 2216 nec
351 2161 415 2232 plus
434 2158 519 2216 habet
540 2175 624 2231 quarn
646 2159 708 2230 alii,
730 2174 855 2231 quorum
876 2158 978 2215 merita
1000 2174 1155 2230 numquam
1176 2155 1339 2214 laudantur.
1375 2156 1444 2213 Non

276 2263 344 2320 huic
372 2265 495 2320 multum
517 2259 604 2319 debet
626 2262 765 2331 Grotius,
787 2260 835 2318 sed
857 2262 971 2319 summis
990 2260 1065 2334 apud
1087 2261 1230 2334 Hispanos
1252 2260 1396 2332 theologis
1416 2271 1446 2317 et

273 2366 506 2438 jurisconsultis,
537 2366 637 2422 Caroli
660 2366 687 2421 V
709 2375 738 2422 et
759 2365 888 2438 Philippi
911 2364 938 2422 ΙΙ
960 2364 1142 2437 aequalibus,
1164 2363 1318 2420 Francisco
1340 2362 1445 2421 Victo·

274 2469 349 2538 riae,
377 2469 537 2526 Dominico
565 2469 652 2535 Sot0,
673 2468 875 2525 Covarruviae
899 2479 928 2526 et
956 2469 1123 2542 praesertim
1150 2468 1296 2540 Vasqui0,
1320 2483 1444 2540 quorum

275 2573 376 2629 merita
404 2573 464 2646 ipse
492 2583 589 2645 gratus
618 2573 759 2645 agnoscit.
800 2571 923 2628 Omnem
954 2572 1013 2629 fere
1036 2572 1277 2644 Dogmaticorum
1298 2573 1444 2630 materiem

274 2691 310 2733 ex
331 2677 448 2734 illorum
475 2676 589 2748 scriptis
611 2675 747 2747 collegit,
769 2685 798 2732 et
820 2677 917 2748 paucis
935 2676 1008 2732 aliis.
1051 2674 1106 2733 Sed
1127 2676 1196 2733 haec
1217 2676 1349 2733 materies
1368 2675 1444 2750 apud

274 2780 339 2837 illos
365 2782 446 2837 nullo
474 2778 577 2835 ordine
605 2776 745 2852 disposita
774 2778 881 2835 latebat
903 2779 980 2836 inter
1001 2779 1132 2851 ingentes
1154 2794 1249 2836 rerum
1271 2780 1365 2839 minus
1386 2782 1444 2839 uti·

274 2884 344 2940 lium
380 2884 521 2940 cumulos.
573 2883 688 2939 Summa
717 2886 776 2940 laus
810 2882 909 2939 Grotii
939 2893 996 2951 est,
1028 2881 1121 2954 quod,
1153 2899 1226 2954 quae
1256 2882 1291 2939 ad
1328 2901 1442 2942 manum

275 2997 371 3056 erant,
398 2988 517 3059 collegit
541 2998 570 3044 et
594 2987 635 3044 ita
662 2985 823 3060 disposuit,
849 2998 883 3044 ut
904 2985 970 3044 inde
990 3003 1066 3044 nova
1094 2985 1166 3059 juris
1198 2985 1350 3060 disciplina
1381 3004 1443 3045 nas-

274 3101 399 3148 ceretur.
450 3091 529 3148 Ante
567 3108 631 3148 eum
673 3107 757 3148 nemo
797 3090 910 3148 viderat
951 3091 1022 3163 juris
1060 3092 1191 3164 gentium
1232 3091 1373 3164 originem
1412 3091 1442 3149 in

273 3194 337 3268 jure
369 3205 487 3252 naturae
518 3193 708 3267 quaerendam
738 3211 813 3262 esse,
846 3211 929 3252 nemo
949 3194 994 3268 jus
1026 3196 1085 3268 ipse
1106 3193 1173 3252 inde
1194 3193 1336 3268 deducere
1356 3211 1442 3252 cona·

274 3311 320 3357 tus
341 3310 413 3356 erat.
435 3299 605 3371 Dogmatica
627 3297 661 3355 de
682 3298 745 3370 iure
767 3297 887 3371 praedae
908 3299 1031 3372 primum
1054 3298 1114 3371 ejus
1136 3299 1177 3355 rei
1199 3300 1343 3372 specimen
1366 3312 1443 3357 sunt.

273 3400 447 3470 Methodus,
472 3419 557 3475 quam
584 3401 624 3458 ibi
642 3402 773 3474 sequitur
795 3413 910 3474 auctor,
936 3413 965 3459 et
992 3402 1210 3475 argumentandi
1234 3403 1307 3460 ratio
1336 3421 1442 3462 summa

273 3504 357 3565 laude
378 3505 464 3578 digna
480 3517 533 3563 est.
565 3506 589 3562 E
616 3507 722 3578 regulis
741 3507 889 3564 nonnullis
907 3517 936 3564 et
962 3506 1089 3579 legibus,
1110 3523 1179 3578 quas
1200 3518 1343 3578 tamquam
1362 3509 1442 3565 axio·

272 3623 347 3668 mata
377 3610 554 3682 praemittit,
582 3612 676 3666 multo
697 3610 828 3666 acumine
849 3620 878 3666 et
901 3608 1013 3682 judicio
1044 3610 1212 3667 universum
1241 3609 1285 3681 jus
1315 3609 1384 3668 belli
1412 3623 1441 3670 et
1512 3679 1515 3684 ,

272 3713 392 3788 praedae
413 3714 527 3785 colligit
550 3723 579 3769 et
596 3713 745 3786 explicat:
764 3715 853 3785 leges,
874 3713 1049 3782 sententias,
1070 3711 1295 3770 consuetudines
1314 3714 1441 3773 secundo

271 3818 337 3876 loco
358 3815 492 3882 adhibet,
512 3827 546 3872 ut
566 3831 662 3871 earum
683 3831 739 3888 ope
759 3815 927 3884 confirmet,
948 3832 1020 3887 quae
1042 3832 1078 3872 ex
1100 3817 1160 3888 ipsa
1182 3825 1283 3872 natura
1304 3816 1441 3877 defluant.

311 3920 424 3978 Merito
441 3919 579 3975 Fruinius
600 3917 822 3986 animadvertit,
838 3935 911 3992 opus
933 3918 1006 3975 illud
1024 3922 1220 3992 conscriptum
1239 3936 1297 3977 esse
1318 3920 1352 3976 ab
1374 3921 1442 3979 ado·

271 4027 397 4082 lescente
429 4038 569 4080 annorum
600 4021 705 4094 viginti
727 4031 756 4078 et
778 4019 846 4078 duo.
889 4021 1030 4079 Summam
1049 4003 1178 4080 recenset
1197 4039 1313 4093 eorum,
1335 4024 1440 4097 quibus

271 4145 346 4202 opus
374 4126 430 4186 fuit
461 4136 493 4182 ut
522 4122 661 4196 ejusmodi
690 4123 795 4181 librum
817 4123 960 4182 conficere
979 4137 1090 4198 posset,
1112 4127 1287 4200 scriptores,
1308 4144 1380 4201 quos
1402 4129 1440 4184 le·
1513 4139 1518 4149 “

271 4233 344 4305 gisse
375 4247 439 4288 eum
466 4245 579 4286 necesse
610 4239 687 4297 erat,
715 4228 815 4286 Latini
843 4230 979 4285 sermonis
1008 4231 1192 4303 elegantiam,
1219 4229 1439 4304 argumentandi

271 4333 439 4403 artificium,
471 4333 602 4407 inprimis
632 4347 704 4389 vero
735 4331 840 4406 iudicii
869 4334 1081 4402 maturitatem,
1120 4333 1203 4408 cujus
1235 4336 1286 4394 vix
1317 4336 1439 4393 alterum

272 4439 434 4510 exemplum
463 4437 492 4495 in
521 4437 581 4511 ejus
598 4438 699 4496 aetatis
719 4435 901 4496 adolescente
923 4438 1113 4510 conspicitur.
1145 4439 1281 4496 Profecto
1303 4439 1439 4506 Grotius,
