3536 5692
391 661 453 724 322
697 665 744 711 DE
768 666 861 730 June
888 664 1072 720 Pannonii.
1096 667 1177 716 ΟΔΡ.
1201 668 1264 712 XV·
1332 713 1334 718 .

390 836 488 898 quam
520 818 604 894 intur
633 818 813 894 Lusitanos
839 818 1046 904 cognationis
1073 819 1293 891 necessitudo.
1339 821 1414 889 Etsi
1436 841 1477 892 ne
1499 822 1565 888 hoc

390 928 523 1010 quidem
556 928 693 1002 nimium
725 930 907 1004 mirandum
940 945 1012 1010 est,
1045 950 1118 997 cum
1143 931 1264 1014 passim
1289 932 1441 998 Lusitani
1465 933 1563 1000 etiam

390 1039 593 1123 Lusitanos,
626 1040 686 1123 qui
717 1060 795 1116 suae
828 1060 894 1106 non
924 1055 1005 1114 sum
1038 1041 1228 1122 societatis,
1253 1041 1305 1112 sui
1329 1056 1455 1112 tantum
1479 1043 1564 1113 lucri

391 1151 492 1235 gratia
523 1149 714 1232 invidiaque
746 1152 786 1219 td
818 1171 928 1224 necem
950 1166 1203 1234 persequantur.
1251 1153 1307 1224 Ab
1330 1153 1383 1220 his
1406 1154 1506 1238 igitur
1529 1175 1565 1224 se

389 1263 474 1338 teeti
497 1281 592 1338 nemo
615 1262 680 1336 nisi
703 1262 892 1338 ulciscendo
914 1278 1036 1346 potest.
1061 1263 1170 1346 Nam,
1194 1279 1232 1334 ut
1253 1279 1340 1335 recte
1364 1265 1448 1336 dixit
1467 1266 1565 1333 theo·

390 1375 487 1458 loeus
500 1373 667 1458 Hispanus
680 1375 713 1455 =¹‚
730 1375 873 1455 bellum,
898 1374 993 1446 etiam
1014 1373 1216 1448 defensionis
1235 1376 1339 1447 solius
1357 1397 1454 1446 causa
1473 1397 1564 1444 coms

390 1500 560 1569 paratum,
594 1486 660 1571 geri
692 1504 759 1560 non
789 1500 918 1568 potest,
951 1485 1015 1554 nisi
1047 1486 1145 1556 simul
1173 1487 1206 1556 in
1230 1487 1343 1558 hostes
1364 1488 1563 1558 vindicetur.

392 1597 530 1664 Fiereut
552 1601 637 1663 enim
662 1598 789 1679 hostes,
813 1596 945 1679 inquit,
970 1596 1166 1668 audaciores
1188 1597 1237 1665 ast
1256 1602 1380 1668 iterum
1403 1598 1564 1668 inuadere·

390 1709 492 1788 dum,
526 1711 592 1780 nisi
624 1711 743 1780 timere
766 1721 892 1792 poenae
913 1707 1168 1778 deterrerentur
1191 1708 1232 1777 ab
1255 1710 1401 1794 injuria.
1448 1709 1565 1796 Quan-

391 1834 461 1892 tum
496 1818 597 1904 igitur
634 1817 767 1900 poblite
805 1819 941 1891 interest
978 1833 1191 1892 mercaturam
1231 1819 1373 1892 Indicam
1407 1820 1563 1902 retineri,

391 1930 592 2004 tantumdem
625 1928 826 2010 Lusitanos,
860 1930 1127 2012 quandocunque
1158 1930 1254 2002 datur
1285 1931 1437 2011 occasio,
1467 1931 1564 2002 malis

392 2044 569 2126 omnibus,
602 2062 742 2124 quorum
773 2041 976 2112 levissimum
1009 2055 1058 2108 est
1090 2062 1197 2111 rerum
1227 2042 1378 2126 jactura,
1406 2042 1563 2112 coerceri.

390 2155 435 2222 Et
457 2156 517 2224 hae
549 2153 682 2236 quidem
717 2152 963 2224 commoditates
987 2152 1100 2233 intus,
1124 2153 1206 2226 ‚alite
1227 2173 1308 2219 veto
1330 2173 1396 2225 non
1420 2153 1564 2226 minores

393 2281 482 2336 extra
505 2266 586 2336 sitae
609 2265 754 2345 sunt,in
776 2264 940 2336 sociorum
965 2264 1147 2336 commodis
1170 2277 1227 2334 aut
1254 2263 1469 2334 incommodis
1485 2266 1566 2330 hos-

260 2379 486 2484 ssobtotium.
532 2379 570 2448 In
601 2376 691 2445 omni
718 2377 781 2446 hoc
810 2375 965 2446 universo
994 2390 1069 2458 post
1096 2376 1203 2442 Deum
1235 2374 1450 2444 immortalem
1480 2375 1565 2443 nihil

257 3347 284 3391 V.

393 2489 518 2558 homini
552 2504 601 2556 est
632 2487 747 2558 attilius
775 2487 929 2568 homine,
953 2487 1040 2557 unde
1062 2507 1187 2556 summa
1210 2486 1336 2571 utilitas
1359 2501 1409 2554 est
1429 2487 1461 2555 in
1485 2507 1566 2555 con·

391 2600 723 2673 ciliandishominum
736 2599 878 2680 studiis,
902 2599 943 2666 de
954 2618 1022 2681 quo
1043 2598 1161 2666 Cicero
1174 2598 1286 2666 multis
1297 2598 1364 2682 agit
1373 2598 1565 2668 Panaetium

392 2728 548 2795 secutus,
574 2709 633 2795 qui
655 2730 785 2781 omnem
805 2711 845 2779 do
866 2709 941 2778 utili
960 2709 1215 2792 disputationem
1236 2709 1270 2776 in
1289 2709 1352 2780 isto
1372 2726 1564 2794 argumento

390 2838 624 2892 consumserat.
671 2821 767 2892 Sicut
789 2837 823 2892 et
843 2821 1041 2891 Aristoteles
1060 2816 1072 2856 ⁸
1092 2820 1175 2890 inter
1199 2841 1235 2886 ea
1269 2841 1353 2903 quae
1385 2821 1565 2903 plurimum

390 2951 531 3019 prosunt
552 2933 673 3002 amicos
694 2933 788 3016 ponit
817 2947 850 3001 et
878 2931 1058 3013 amicitias,
1083 2952 1165 3014 quas
1185 2947 1218 2998 et
1236 2952 1293 3014 per
1311 2951 1347 2998 se
1368 2933 1565 3015 expetendas

391 3047 495 3129 dicit,
528 3061 561 3114 et
590 3064 662 3112 esse
694 3045 869 3114 multatum
903 3063 1010 3111 retum
1043 3043 1246 3122 effectrices,
1271 3043 1565 3130 undecumque

390 3170 442 3236 asie
464 3161 723 3246 φιλοχρηματίας,
747 3159 919 3224 amicitiae
938 3154 1156 3240 cupiditatem
1171 3157 1333 3241 pecuniae
1352 3153 1562 3240 cupiditate,

258 3292 379 3337 tristem
390 3269 657 3352 praestantiorem
677 3266 815 3352 judicat.
863 3267 949 3334 Cum
974 3280 1080 3332 autem
1104 3280 1216 3332 contra
1235 3263 1330 3334 etiam
1352 3265 1499 3345 accidat,
1525 3279 1566 3338 ut

392 3380 543 3448 homines
574 3378 765 3448 hominibus
796 3377 974 3461 plurimum
1004 3375 1136 3457 obsint,
1161 3376 1253 3458 quod
1281 3395 1397 3444 versus
1423 3375 1478 3448 iile
1496 3375 1564 3460 sig-

391 3491 519 3560 nificat:

478 3603 646 3671 Pernicies
669 3603 795 3670 domiui
818 3621 903 3687 quea
923 3600 1106 3668 maxima?
1130 3598 1216 3666 solus
1239 3600 1330 3668 dame
1354 3598 1467 3680 ulter,

393 3737 433 3782 ex
455 3714 691 3782 conmodorum
715 3726 832 3780 natura
850 3710 1001 3793 sequitur
1018 3709 1052 3778 id
1073 3710 1170 3779 nobis
1187 3709 1347 3793 optimum
1365 3728 1435 3779 esse
1446 3757 1458 3789 ,
1471 3710 1564 3792 quod

392 3826 534 3895 inimicis
553 3825 732 3909 pessimum
756 3838 825 3892 ests
849 3823 937 3890 sicut
958 3841 976 3886 o
997 3821 1128 3889 diverso
1147 3820 1239 3903 quod
1258 3820 1412 3890 hostibus
1432 3823 1561 3904 placet,

392 3939 427 4004 id
447 3938 543 4006 nobis
563 3935 781 4022 pernitiosum
805 3953 875 4000 esse
898 3932 1135 4018 intelligimus,
1157 3931 1246 4000 unde
1269 3948 1341 4012 est,

524 4048 594 4116 Hoc
615 4049 752 4115 Ithacus
775 4046 857 4115 uelit
880 4058 912 4114 et
935 4064 1052 4130 magas
1074 4057 1264 4114 mercentur
1284 4042 1444 4112 Atridae.

434 4159 560 4229 Merito
589 4160 691 4245 igitur
714 4158 773 4241 qui
805 4157 845 4224 de
863 4155 1003 4224 utilibus
1024 4155 1174 4224 scribunt
1192 4169 1225 4222 et
1246 4153 1363 4224 hocin
1383 4154 1561 4238 praecipuo

392 4272 505 4341 ordine
536 4273 709 4339 collocant.
756 4271 808 4336 Ac
838 4267 979 4351 primum
1002 4266 1163 4334 amicitiae
1184 4279 1305 4347 quanta
1325 4265 1378 4332 vis
1401 4265 1444 4332 sit
1465 4285 1561 4332 nemo

425 4509 434 4539 ¹
453 4509 521 4557 Vict.
539 4510 570 4557 de
588 4506 643 4565 jure
661 4506 741 4566 belli,
759 4505 786 4552 in
803 4504 885 4564 princ.
919 4501 1055 4550 ²Rhetor.
1076 4516 1096 4549 1.
1116 4515 1139 4549 c.
1157 4502 1181 4550 6.
1202 4500 1240 4564 [p.
1261 4502 1332 4558 1362.
1352 4501 1376 4552 b.
1394 4514 1431 4551 vs.
1452 4498 1503 4561 tm]
