3536 5692
555 635 602 680 oa
624 635 718 700 June
745 633 931 680 ernanus.
957 634 1039 679 cnr.
1066 633 1127 678 xv.
1363 635 1424 696 323

252 793 403 875 ignorat,
434 789 521 856 unde
554 788 728 855 societates
760 808 824 854 non
858 787 985 854 vicinae
1018 787 1138 866 moda,
1177 805 1290 852 verum
1327 785 1422 852 etiam

251 901 474 984 longinquae,
499 915 537 965 ut
558 899 793 966 mercatoribus
815 913 893 964 sunt
916 898 1138 977 necessariae,
1160 897 1205 962 ita
1226 897 1424 963 bellantibus

251 1011 360 1077 utiles.
417 1012 588 1078 Laudatur
617 1009 829 1076 Mithridates
852 1015 886 1090 ¹,
908 1009 999 1090 quod
1028 1010 1067 1073 ab
1101 1008 1241 1074 Albanis
1262 1027 1369 1090 usque
1390 1007 1424 1071 in

251 1121 443 1205 Hispaniam
466 1124 592 1207 legatos
612 1121 739 1186 miserit
761 1120 801 1185 ad
822 1120 1003 1185 Sertorium
1025 1135 1057 1184 et
1072 1120 1204 1201 Daces,
1223 1119 1424 1201 quibuscum

250 1247 320 1298 tum
355 1233 496 1298 Romani
529 1233 650 1298 bellum
683 1233 845 1316 gerebant.
894 1231 1025 1297 Sciebat
1054 1231 1138 1297 enim
1169 1231 1303 1314 quicum
1328 1231 1424 1295 hoste

252 1342 315 1408 sibi
344 1362 395 1408 res
424 1357 532 1422 esset,
564 1361 698 1426 magnae
731 1341 859 1408 scilicet
890 1357 1047 1408 terrarum
1079 1341 1181 1424 partis
1212 1361 1422 1424 possessore,

250 1454 361 1520 valido
373 1469 473 1536 atque
485 1455 654 1536 opulento.
678 1453 777 1518 Unde
802 1453 851 1518 sic
871 1453 1216 1533 instituerat,utcum
1239 1453 1370 1518 duobus
1389 1452 1422 1516 in

251 1565 331 1630 locis
361 1563 628 1649 disiunctissimis
649 1562 854 1645 maximeque
885 1563 1023 1629 diversis
1057 1583 1123 1630 uno
1148 1564 1312 1644 consili0,
1336 1562 1424 1628 binis

251 1675 355 1757 copiis
387 1677 510 1740 bellum
533 1689 617 1741 terra
639 1673 786 1754 marique
810 1689 998 1759 gereretur,
1022 1675 1166 1740 Romani
1190 1674 1314 1741 interea
1336 1673 1424 1739 anci·

249 1787 312 1870 piti
341 1787 553 1852 contentione
584 1785 731 1851 distracti
761 1785 801 1850 de
824 1786 961 1868 imperio
984 1786 1187 1852 dimicarent.
1233 1785 1322 1851 Mihi
1345 1785 1424 1852 His·

248 1916 407 1980 partorum
439 1897 528 1964 vires
558 1896 611 1961 hic
632 1898 779 1962 attollere
802 1916 862 1962 nec
885 1897 1067 1980 deprimere
1090 1897 1217 1964 animus
1240 1911 1300 1962 est.
1348 1895 1423 1961 Hoc

249 2008 317 2074 scio
338 2007 437 2074 latius
461 2027 517 2074 eos
538 2027 696 2092 regnare,
720 2023 902 2089 quamtum
915 2010 1057 2075 Romani
1081 2008 1310 2094 regnaverint,
1335 2007 1423 2074 forte

249 2118 365 2199 etiam,
389 2139 486 2201 quam
508 2120 598 2184 ullus
623 2119 722 2184 hodie
734 2134 791 2184 aut
804 2139 981 2200 umquam,
994 2135 1094 2202 atque
1106 2122 1177 2204 ejus
1190 2120 1423 2185 dominationis

248 2229 316 2312 ipsa
340 2228 552 2294 fundamenta
574 2249 640 2294 non
664 2229 697 2293 in
721 2230 856 2313 Belgio,
879 2249 946 2294 non
977 2231 1010 2296 in
1041 2230 1224 2312 Hispania,
1255 2230 1314 2295 sed
1334 2245 1423 2296 trans

249 2359 407 2405 oceanum
437 2339 500 2405 sita
532 2357 625 2419 esse,
649 2341 737 2404 unde
761 2341 929 2422 opes‘illis
950 2341 1230 2425 largitionumque
1253 2355 1287 2406 et
1320 2342 1423 2406 bello·

248 2471 321 2516 runt
352 2450 525 2515 alimenta:
556 2450 614 2516 sed
639 2449 768 2515 eosdem
794 2450 859 2516 illis
879 2450 912 2516 in
937 2451 1030 2516 terris
1053 2467 1212 2534 quantum
1233 2451 1422 2534 potentiae,

249 2575 376 2626 tantum
408 2560 477 2627 odii
510 2560 711 2643 quaesivisse
735 2577 767 2627 et
789 2581 827 2627 eo
851 2561 991 2629 Batavos
1014 2563 1064 2628 uti
1087 2563 1228 2646 debere,
1264 2562 1292 2628 si
1324 2583 1422 2644 quem

250 2672 336 2737 bello
367 2671 465 2738 finem
496 2675 616 2739 volunt
644 2673 845 2757 impositum.
893 2673 1087 2759 Jungendus
1120 2689 1169 2740 est
1198 2695 1273 2741 cum
1306 2675 1423 2741 ultimo

249 2782 375 2849 oriente
404 2783 605 2866 septentri0,
630 2799 668 2849 ut
691 2785 724 2850 in
747 2804 844 2850 omne
877 2787 992 2852 mundi
1024 2788 1109 2851 latus
1142 2785 1289 2868 profecta
1319 2785 1423 2851 domi-

248 2893 339 2958 natio
364 2893 510 2974 undique
529 2893 742 2960 labefactetur
787 2894 925 2961 Ambire
941 2897 1134 2981 jamdudum
1154 2916 1245 2981 reges
1265 2898 1424 2979 populos-

250 3024 315 3084 que
332 3002 442 3074 Indiae
464 3003 578 3070 batavi
597 3005 797 3071 debuerant:
821 3025 881 3088 en,
895 3009 983 3073 ultro
1005 3007 1203 3074 ambiuntur.
1249 3007 1314 3072 Cui
1336 3007 1436 3073 enim

249 3133 316 3180 non
334 3112 572 3197 praefectorum
591 3117 654 3200 ipsi
677 3118 921 3201 supplicarunt,
946 3133 985 3184 ut
1004 3118 1160 3185 subsidiis
1181 3119 1336 3185 adversus
1354 3119 1423 3184 Lu-

248 3225 373 3293 sitanos
391 3226 614 3310 juvarentur?
639 3229 733 3315 Quae
752 3230 838 3314 regis
859 3229 1095 3311 Tematensis,
1120 3251 1203 3313 quae
1223 3230 1422 3314 reipublicae

249 3337 511 3402 Ambonensium
543 3358 679 3422 preces,
707 3361 790 3423 quae
810 3342 924 3408 literae
946 3362 964 3406 a
983 3362 1059 3426 rege
1079 3342 1208 3427 Jorensi
1231 3343 1420 3410 venerunt?

249 3447 341 3530 Quin
365 3463 397 3513 et
419 3468 571 3531 proceres
593 3451 799 3518 Achinenses
821 3453 886 3518 visi
907 3453 941 3518 in
959 3453 1103 3537 Hagensi
1123 3453 1255 3536 palatia.
1280 3453 1326 3519 Et
1338 3474 1422 3535 quae

249 3557 282 3622 in
304 3559 461 3643 Augusto
486 3563 541 3626 vel
561 3564 736 3646 praecipua
758 3565 870 3630 habita
893 3581 943 3631 est
965 3585 1039 3648 pars
1061 3563 1228 3631 felicitatis
1248 3568 1283 3645 ¹,
1308 3566 1347 3630 ab
1367 3565 1422 3631 In·

247 3668 365 3735 dorum
398 3671 514 3754 legatis
547 3674 703 3753 salutari,
736 3675 795 3755 qui
827 3677 972 3758 pretiosa
1000 3695 1134 3741 munera
1155 3677 1319 3742 trahentes
1339 3675 1422 3740 nihil

249 3780 352 3864 magis
384 3801 481 3862 quam
512 3781 586 3846 viae
617 3783 893 3867 longinquitatem
924 3785 1145 3867 imputarent,
1175 3805 1250 3850 eum
1273 3805 1329 3851 eos
1351 3785 1421 3867 ipse

249 3890 395 3973 corporis
419 3893 510 3956 color
531 3893 571 3955 ab
595 3893 659 3958 alio
680 3894 793 3959 venire
814 3896 883 3959 sole
906 3893 1085 3975 fateretur,
1110 3895 1267 3976 quodque
1288 3896 1421 3962 Claudii

248 4001 386 4084 imperio
408 4001 651 4068 nobilissimum
671 4002 737 4068 fuit
753 4003 841 4086 ⁸,ex
853 4004 1051 4088 Taprobane
1069 4005 1262 4089 legationem
1274 4005 1420 4087 vidisse,

250 4111 283 4176 id
304 4111 370 4196 jam
393 4113 524 4180 Batavis
547 4113 628 4179 adeo
652 4114 808 4181 usitatum
833 4131 903 4198 est,
927 4131 965 4182 ut
987 4136 1061 4182 eum
1080 4116 1227 4183 novitate
1245 4117 1422 4200 perdiderit

249 4222 508 4291 admirationem.
565 4224 612 4291 Hi
648 4239 755 4292 autem
791 4246 903 4292 omnes
936 4227 1018 4309 quid
1050 4228 1140 4294 aliud
1165 4243 1305 4311 petunt,
1339 4229 1421 4310 quid

284 4465 292 4496 ¹
312 4467 367 4517 Cic.
384 4482 431 4528 pro
448 4472 465 4517 l.
483 4472 553 4519 Man.
572 4471 608 4532 [c.
623 4485 647 4533 4.
665 4476 686 4533 ς.
704 4473 741 4534 9.]
777 4471 788 4506 ²
806 4476 903 4524 Florus.
938 4474 949 4508 ³
967 4473 1061 4524 Plinius
1080 4475 1125 4523 lib.
1143 4475 1167 4522 ό.
1183 4488 1206 4522 c.
1223 4489 1263 4523 22.

1227 4567 1286 4628 21*
