3530 5656
380 679 421 744 52
696 675 742 724 oa
766 675 859 743 June
886 673 1072 720 rannone.
1099 673 1181 720 cna.
1207 673 1258 721 ιν.
1312 643 1317 654 ’

379 832 509 900 Deinde
536 831 629 914 quod
660 831 694 896 in
725 829 817 896 civili
847 829 935 894 bello
965 827 1101 912 praedae
1124 829 1234 894 locum
1257 845 1323 892 non
1344 827 1492 910 faciunt,
1518 830 1550 894 in

380 946 444 1010 hoc
475 943 570 1009 etiam
601 943 774 1008 falluntur.
819 940 906 1005 Nam
937 953 974 1004 ut
1001 938 1155 1005 historias
1175 937 1342 1019 omittam,
1368 959 1407 1004 ex
1431 940 1552 1021 quibas

380 1054 538 1122 discimus
561 1054 642 1120 adeo
664 1055 782 1136 praeda
806 1067 927 1120 scatere
951 1053 1034 1118 bella
1058 1051 1193 1132 civilia,
1220 1067 1258 1116 ut
1281 1051 1342 1116 ista
1364 1051 1550 1135 saepissime

380 1167 502 1250 cupido
525 1167 675 1233 homines
697 1166 738 1231 ad
761 1185 811 1230 res
835 1184 938 1232 novas
961 1164 1131 1246 pellexerit
1155 1165 1188 1245 ¹,
1212 1182 1295 1245 quae
1319 1178 1368 1230 est
1390 1163 1472 1229 ratio
1494 1185 1551 1228 cur

381 1279 611 1363 magistratus,
646 1276 672 1341 si
704 1276 798 1341 aliter
819 1294 885 1340 non
909 1273 1015 1358 possit
1036 1279 1070 1355 ²,
1106 1274 1141 1339 id
1163 1273 1255 1355 quod
1276 1272 1475 1356 reipublicae
1496 1275 1552 1340 de-

381 1390 500 1470 betur,
533 1390 586 1455 vel
619 1391 663 1453 ob
688 1390 788 1453 solam
811 1405 952 1471 poenam
973 1385 1186 1468 rebellionis,
1209 1399 1329 1450 armata
1352 1405 1449 1452 manu
1472 1405 1552 1451 eon-

382 1500 475 1582 sequi
510 1519 576 1564 non
596 1499 739 1564 debeat?
786 1499 880 1563 Plato
903 1497 914 1532 ¹
938 1515 1013 1562 sane
1047 1515 1122 1561 cunr
1158 1495 1191 1560 in
1225 1495 1315 1562 civili
1350 1495 1552 1562 dissensione

382 1613 503 1676 bellum
524 1610 606 1676 velit
633 1629 703 1675 esse
724 1629 821 1692 quam
844 1608 1087 1692 pacatissimum
1110 1606 1272 1690 permittit
1292 1622 1397 1672 tamen
1417 1611 1465 1675 τὸν
1486 1609 1553 1675 ἕπε’-

380 1750 452 1790 τειον
483 1726 590 1806 καρπὸν
620 1725 802 1807 ἀφαιρεῖσθαι
833 1733 892 1796 τοῖς
923 1727 1055 1802 κρατοῦσι
1085 1727 1141 1787 τῶν
1168 1721 1385 1802 κρατουμένων,
1411 1716 1552 1801 fructus

382 1852 509 1896 annuos
537 1834 624 1916 eripi
655 1834 753 1899 uictis
782 1852 804 1893 a
833 1831 1026 1898 uictoribus.
1073 1829 1162 1894 Tum
1183 1849 1262 1894 vero
1284 1826 1366 1908 quid
1385 1842 1450 1892 tarn
1473 1847 1553 1892 con·

382 1943 516 2007 trarium
540 1956 603 2022 est,
628 1961 726 2022 quam
749 1940 900 2023 praedam
922 1941 1106 2022 prohibere,
1130 1937 1188 2005 ubi
1208 1939 1322 2004 caedes
1340 1937 1551 2021 permittas⁴2

225 2061 296 2159 232
307 2069 368 2158 ffir-
382 2053 470 2118 Quia
480 2072 558 2119 vero
565 2053 621 2136 jus
631 2067 680 2116 est
693 2051 839 2135 gentium
853 2051 979 2116 hostem
993 2051 1152 2132 spoliare,
1166 2049 1261 2114 etiam
1271 2050 1327 2133 jus
1337 2049 1434 2114 civile
1443 2048 1487 2114 sit
1499 2069 1554 2113 ne-

382 2183 473 2230 cesse
491 2178 553 2230 est.
578 2163 681 2229 Quod
692 2177 725 2229 et
737 2163 939 2246 singularum
952 2162 1122 2227 nationum
1133 2163 1223 2244 leges
1235 2175 1267 2226 et
1279 2159 1552 2237 consuetudines,

382 2294 466 2358 quae
477 2275 517 2340 de
529 2275 665 2357 praedae
678 2273 913 2342 distributione
926 2273 1050 2354 ubique
1062 2272 1221 2356 plurimae
1234 2286 1331 2350 sunt,
1343 2269 1550 2335 manifestum

380 2383 515 2451 faciunt.
564 2387 602 2452 In
625 2387 777 2452 Romano
799 2398 907 2450 autem
927 2383 1013 2468 juris
1035 2381 1394 2466 corpore‘saepissime
1422 2400 1551 2464 expres-

382 2515 453 2561 sum
476 2511 525 2562 est
547 2513 640 2580 capta
661 2498 748 2562 bello
770 2495 968 2578 capientium
989 2494 1060 2558 lieri
1072 2495 1225 2575 idemque
1236 2494 1377 2576 probant
1388 2493 1550 2558 Canones.

384 2607 473 2672 Haec
506 2622 612 2672 autem
637 2607 746 2672 omnia
766 2606 914 2672 dubitare
937 2623 997 2672 nos
1019 2623 1086 2670 non
1114 2605 1306 2688 patiuntur,
1331 2603 1411 2685 quin
1433 2602 1551 2686 praeda

382 2717 469 2783 omni
502 2717 575 2802 jure
607 2737 760 2783 concessa
789 2718 844 2784 sit.
888 2716 992 2798 quue
1013 2716 1119 2798 ipsum
1141 2736 1247 2783 sacrae
1269 2715 1380 2780 literae
1410 2716 1552 2797 loquun-

240 2845 311 2943 freem}
330 2843 444 2943 i'r'mr'
500 2828 603 2896 Esme
625 2829 752 2912 aliquid
785 2829 876 2911 quod
909 2827 1010 2913 magis
1042 2829 1221 2909 volumus,
1246 2847 1343 2908 quam
1367 2826 1459 2908 quod
1481 2827 1551 2908 lege

241 2931 318 2997 tic-'11
359 2923 532 3022 'expressa
552 2941 733 3024 jubemus?
786 2938 891 3021 Atqui
914 2939 998 3003 inter
1018 2940 1104 3022 leges
1128 2938 1283 3003 militares
1305 2952 1383 3003 sunt
1405 2937 1466 3002 ista
1488 2923 1551 3001 Dei

380 3050 479 3118 verba
501 3053 514 3088 ⁸
537 3051 577 3116 de
609 3066 702 3132 capta
733 3050 885 3116 civitate:
920 3049 1043 3114 Omnia
1079 3048 1185 3135 spolia
1216 3051 1284 3134 ejus
1320 3047 1459 3132 diripias
1489 3048 1552 3111 tibi

380 3161 561 3246 fratreque
588 3159 720 3245 praeda
741 3162 882 3225 hostiam
908 3172 1067 3240 tuorum,
1092 3180 1191 3244 quam
1224 3159 1363 3224 dederat
1402 3157 1551 3224 dominus

381 3271 473 3336 Deus
496 3285 575 3336 tuus
596 3272 671 3340 tibi.
719 3272 813 3338 Sicut
832 3272 934 3356 igitur
953 3269 1092 3336 victoria
1112 3270 1160 3335 sic
1182 3270 1277 3335 etiarn
1298 3269 1416 3353 praeda
1441 3289 1460 3333 a
1479 3268 1551 3332 Deo

382 3397 452 3449 est:
476 3384 562 3448 unde
584 3397 617 3448 et
635 3398 758 3466 partem
782 3382 855 3448 Deo
877 3397 1034 3449 sacratam
1057 3381 1196 3464 legimus
1220 3382 1292 3463 ipso
1304 3394 1498 3465 agnoscente
1519 3379 1549 3459 ⁷,

382 3493 473 3576 quod
495 3513 534 3557 ne
554 3493 710 3576 profanae
729 3494 860 3576 quidem
881 3507 993 3578 gentes
1011 3492 1145 3558 omnino
1166 3491 1397 3574 ignoraverunt
1419 3489 1454 3571 ⁸,
1478 3509 1551 3553 cum

379 3603 495 3688 Jovem
517 3605 742 3671 Praedatorem
776 3621 809 3670 et
836 3603 1021 3670 Minervam
1056 3601 1213 3682 Leitida,
1247 3602 1388 3666 Martem
1412 3601 1551 3681 denique

379 3821 571 3829 ψ..-

415 3933 423 3966 ¹
442 3936 502 3984 Tac.
520 3936 586 3985 Hist.
603 3939 621 3984 l.
640 3949 663 3994 3.
684 3936 717 3999 [c.
738 3937 792 3997 33·]
818 3933 829 3968 ²
846 3936 918 3984 Adde
935 3934 1115 3982 limitationem
1133 3935 1195 3982 Silv.
1213 3935 1245 3982 ad
1263 3936 1348 3981 conel.
1366 3930 1552 3992 8.§11.verbo

380 4029 484 4075 Bellum.
518 4025 578 4076 ³de
595 4041 648 4088 rep.
666 4030 683 4075 l.
697 4039 720 4082 5.
737 4025 774 4088 [p.
789 4038 847 4087 470.
861 4026 886 4074 b.
902 4024 968 4087 d.e.]
1005 4025 1149 4083 ⁴utsupra
1166 4023 1316 4083 hoccapite.
1351 4021 1551 4071 ⁵l.naturalem.

380 4117 407 4164 in
419 4115 478 4164 fine.
488 4131 544 4165 cum
555 4121 571 4164 l.
586 4131 640 4178 seq.
655 4117 681 4164 ff.
699 4119 730 4164 de
743 4130 799 4175 aeq.
814 4118 884 4164 dom.
909 4114 952 4178 [D.
967 4129 1010 4176 41.
1031 4129 1050 4162 1.
1063 4128 1085 4171 5.
1099 4125 1123 4162 et
1134 4113 1169 4176 6.]
1189 4116 1207 4162 l.
1217 4114 1310 4174 siquid
1324 4113 1435 4162 belloff.
1446 4114 1476 4160 de
1486 4125 1552 4171 capt.

383 4205 428 4268 [D.
443 4221 484 4267 49.
504 4220 541 4262 15.
557 4206 610 4269 28.]
637 4210 697 4255 Inst.
717 4209 749 4254 de
771 4219 819 4254 rer.
843 4205 896 4254 div.
913 4207 1001 4266 §item
1017 4191 1127 4265 quae'ab
1143 4204 1268 4252 hostibus.
1289 4203 1321 4266 [1.
1337 4217 1360 4250 2.
1378 4216 1399 4250 1.
1417 4202 1466 4265 17.]
1487 4203 1551 4249 Dist.

383 4309 404 4344 1.
421 4309 444 4342 c.
463 4293 503 4353 jus
521 4296 639 4344 militare.
663 4297 690 4344 in
707 4296 768 4345 fine.
793 4295 881 4359 [Decr.
908 4298 975 4343 Grat.
1001 4309 1027 4355 p.
1049 4310 1070 4342 1.
1094 4295 1153 4342 dist.
1174 4308 1195 4342 1.
1213 4308 1236 4342 c.
1257 4293 1306 4356 10.]
1328 4308 1349 4342 c.
1368 4293 1435 4342 dicat
1453 4293 1553 4352 aliquis.

383 4383 470 4446 [Decr.
488 4387 556 4432 Grat.
569 4399 595 4445 p.
614 4399 638 4432 a.
654 4399 676 4433 c.
694 4399 733 4442 23.
748 4401 773 4446 q.
789 4399 811 4442 5.
824 4401 848 4433 c.
867 4385 918 4448 aa]
939 4388 971 4434 V.
996 4387 1036 4432 Gl.
1055 4386 1080 4432 in
1100 4387 1123 4433 d.
1140 4399 1162 4433 c.
1178 4383 1217 4441 jus
1235 4385 1352 4432 militare.
1370 4397 1395 4432 ct
1410 4385 1436 4432 in
1453 4398 1475 4430 c.
1491 4382 1552 4438 juris

380 4475 491 4534 gentium
520 4474 555 4537 [c.
581 4475 616 4538 a]
646 4479 670 4524 d.
697 4476 759 4525 dist.
791 4476 896 4523 “Deua
921 4489 961 4523 ao.
986 4489 1024 4536 14.
1059 4472 1165 4525 ⁷Num.
1191 4487 1231 4532 31.
1248 4474 1358 4522 etalibi.
1394 4473 1499 4522 ⁸Diod.
1516 4473 1556 4521 Sic

382 4577 466 4622 saepe.
484 4564 553 4624 Virg.
572 4566 628 4615 Liv.
647 4579 686 4627 ap.
704 4568 775 4615 Fabr.
796 4571 860 4616 Sem.
881 4570 898 4615 1.
918 4580 941 4615 2.
960 4580 982 4614 c.
999 4577 1021 4622 3.
1038 4565 1063 4612 in
1084 4563 1143 4612 fine.
