3546 5654
552 668 597 712 DE
620 667 714 732 JURE
741 666 926 713 PRAEDAE·
952 667 1030 712 CAP.
1056 668 1106 713 xl.
1351 675 1410 719 201

246 823 330 888 inter
351 822 487 904 impares
511 835 578 887 arte
602 835 634 886 et
656 820 784 886 viribus
807 834 908 885 totam
930 841 989 904 per
1012 819 1097 885 diem
1119 821 1189 903 pari
1214 823 1323 888 Marte
1346 845 1415 890 cer-

246 948 346 1000 tatum
389 947 450 999 est.
515 933 632 998 Mense
663 946 739 1014 post
772 931 1004 998 comitantibus
1039 932 1158 998 iterum
1192 933 1323 998 Batavis
1357 956 1414 1001 rex

245 1045 406 1112 Ternatae
449 1042 561 1125 prodit
600 1057 910 1125 praetervectusque
946 1042 1097 1108 Tidorim
1133 1042 1296 1124 insulam,
1339 1066 1413 1112 cum

244 1155 431 1239 quindecim
473 1153 708 1219 Lusitanorum
755 1156 930 1220 caracollae
977 1169 1208 1235 occurrerent,
1260 1155 1414 1223 immotus

244 1265 438 1350 compressis
459 1264 532 1330 telis
555 1264 660 1342 sedit,
684 1279 875 1348 exspectans
894 1265 999 1330 donec
1018 1264 1124 1331 hostis
1142 1265 1232 1348 prior
1250 1267 1415 1349 auspicata

244 1378 339 1443 caede
362 1377 396 1440 in
420 1395 454 1441 se
476 1375 540 1440 Dei
564 1375 800 1457 hominumque
820 1375 996 1440 vindictam
1017 1376 1205 1443 concitaret.
1228 1377 1279 1442 Ibi
1298 1380 1415 1460 plenus

245 1489 425 1555 animorum
450 1500 482 1550 et
501 1487 608 1570 justae
641 1484 778 1551 ultiouis
812 1484 975 1571 insurgit,
1010 1501 1170 1569 captaque
1193 1488 1326 1554 navium
1351 1510 1415 1554 una

244 1600 352 1666 victor
374 1597 408 1662 in
432 1615 566 1682 regnum
590 1596 686 1662 redit.
734 1595 885 1662 Maciana
904 1596 1033 1662 interim
1053 1597 1098 1662 ita
1117 1597 1270 1664 Lusitani
1289 1599 1415 1666 desola-

245 1724 384 1789 verant,
404 1722 441 1775 ut
451 1706 534 1774 nihil
546 1727 647 1790 prope
658 1719 784 1790 praeter
795 1706 921 1774 nudum
933 1722 1030 1789 atque
1044 1708 1138 1774 inane
1150 1711 1257 1776 solum
1270 1726 1415 1779 restaret.

245 1823 361 1904 thue
383 1821 511 1885 flamma
534 1838 601 1900 quo
620 1820 714 1901 plura
726 1818 906 1901 corripuit,
930 1820 1232 1887 hocvehementius
1245 1821 1278 1887 in
1291 1837 1416 1890 caetera

243 1932 418 2011 funditur,
442 1929 489 1997 sic
511 1928 559 1994 illi
583 1949 623 1994 ex
645 1930 705 1994 hac
728 1930 845 2012 praeda
864 1930 1017 2014 majorem
1035 1931 1317 2014 concupiscentes,
1330 1933 1362 1999 T
1364 1954 1415 1999 er-

246 2059 351 2109 natam
375 2043 478 2124 ipsam
501 2040 641 2106 navibus
665 2039 814 2122 quinque
840 2054 872 2105 et
892 2041 1028 2125 galeotis
1048 2057 1190 2122 quatuor
1209 2044 1413 2111 adoriuntur.

245 2155 296 2220 Ibi
328 2153 465 2232 Batavi,
498 2151 557 2233 qui
588 2165 723 2234 propter
753 2151 848 2216 littus
880 2151 1038 2216 hactenus
1068 2152 1239 2234 sederant,
1273 2173 1347 2220 cum
1379 2176 1415 2221 se

246 2263 396 2328 viderent
426 2258 638 2325 multitudine
659 2258 914 2339 circumveniri,
940 2260 1079 2325 sublatis
1101 2261 1241 2343 primum
1265 2265 1416 2331 anchoris

246 2383 378 2439 cursum
401 2370 465 2434 sibi
489 2369 674 2434 liberiorem
698 2368 885 2449 expediunt.
910 2368 1038 2435 Deinde
1060 2390 1217 2438 memores
1240 2389 1416 2442 mercatum

247 2502 303 2560 se,
327 2499 393 2546 non
416 2479 457 2545 ad
476 2479 600 2543 bellurn
631 2477 772 2559 missos,
806 2498 880 2543 cum
910 2479 974 2563 jam
1006 2481 1163 2563 temporis
1190 2483 1362 2566 dispendio
1384 2502 1417 2552 et

246 2592 356 2658 oneris
371 2589 507 2674 penuria
532 2608 679 2674 magnam
698 2588 776 2655 satis
792 2589 951 2672 jacturam
972 2589 1200 2676 incurrissent,
1224 2616 1304 2678 pace
1332 2598 1418 2682 regis

247 2703 442 2783 discedunt,
471 2699 592 2766 relictis
625 2720 759 2766 suorum
796 2721 813 2764 e
847 2719 1007 2782 numer0,
1044 2703 1102 2784 qui
1136 2705 1310 2772 amicitiam
1346 2709 1417 2792 ejus

246 2817 391 2880 colerent
413 2827 445 2878 et
469 2831 609 2894 quorum
643 2811 696 2877 ille
731 2830 828 2892 opera
862 2810 1068 2894 consilioque
1102 2813 1256 2881 adversus
1290 2819 1417 2883 hostem

246 2941 332 2994 esset
362 2922 563 2990 instructior.
610 2921 762 2987 Lusitani
794 2921 879 2988 enirn
911 2921 1057 2988 discessu
1080 2923 1197 2991 iterum
1221 2927 1417 2996 Batavorum

246 3035 500 3115 insolentiores,
525 3032 662 3117 ingressi
686 3033 825 3098 insulam
849 3033 996 3116 proxima
1018 3054 1190 3117 quaeque,
1214 3053 1302 3105 metu
1325 3041 1417 3105 habi-

243 3149 384 3225 tantium
408 3147 555 3224 deserta,
578 3143 765 3227 spoliabant
786 3145 1000 3227 urebantque.
1026 3146 1072 3212 Et
1089 3162 1197 3214 manet
1214 3168 1302 3215 nunc
1321 3151 1416 3216 etiam

246 3260 312 3326 illis
344 3279 418 3324 cum
442 3277 518 3342 rege
542 3255 738 3322 Tematensi
765 3257 913 3336 bellum,
947 3257 980 3321 iu
1017 3277 1084 3338 quo
1108 3272 1213 3325 tamen
1235 3277 1348 3343 postea
1371 3262 1417 3328 se-

245 3371 352 3438 liciter
372 3383 542 3436 contusam
564 3366 693 3433 illorum
718 3367 883 3434 audaciam
907 3367 990 3434 fama
1013 3368 1209 3451 accepimus.
1238 3372 1311 3438 Nec
1334 3373 1418 3440 illud

244 3480 514 3565 praetereundum
539 3492 612 3557 est,
634 3478 813 3544 Lusitanos
842 3497 883 3544 ne
906 3481 973 3544 ulla
995 3479 1029 3546 in
1051 3495 1142 3562 parte
1163 3501 1180 3546 a
1201 3481 1415 3566 Castellanis,

245 3593 362 3676 priscis
398 3590 550 3657 hostibus
583 3589 804 3669 Batavorum,
841 3587 1121 3675 distinguerentur
1158 3593 1235 3658 satis
1272 3595 1415 3675 cavisse3

246 3725 319 3768 cum
348 3702 435 3768 bello
464 3701 529 3768 isto
559 3699 777 3779 Tematensi,
812 3719 879 3780 quo
908 3699 1049 3767 Batavos
1077 3705 1131 3767 vel
1152 3703 1289 3770 maxime
1307 3727 1416 3788 perse-

246 3814 454 3896 quebantur,
479 3809 610 3876 auxiliis
632 3810 773 3876 Manilia
784 3810 893 3876 missis
907 3812 1004 3894 (sunt
1016 3811 1099 3878 enim
1114 3827 1146 3878 et
1157 3813 1203 3878 ibi
1218 3815 1415 3901 Castellani)

245 3941 278 3990 et
307 3923 448 3990 navibus
478 3920 529 3985 usi
562 3920 649 4001 sint,
682 3935 721 3985 ut
751 3919 828 3984 alias
853 3921 949 3986 etiam
970 3921 1203 4005 ePhilippinis
1226 3925 1327 4006 petita
1350 3927 1415 3994 illis

244 4033 392 4101 subsidia
411 4031 610 4097 notavimus.
656 4031 734 4117 Quo
756 4029 834 4096 satis
866 4031 1045 4096 ostendunt
1066 4032 1202 4116 populi,
1226 4034 1314 4100 haud
1337 4038 1416 4103 satis

244 4145 393 4228 alioquin
415 4144 500 4209 inter
511 4163 546 4209 se
569 4141 767 4225 concordes,
780 4161 844 4207 una
857 4161 891 4208 se
902 4156 1009 4207 tamen
1023 4142 1056 4208 in
1069 4143 1265 4210 Batavorum
1278 4147 1413 4214 exitium

245 4259 441 4342 coniurasse.
488 4254 545 4320 Ad
577 4253 723 4319 ultimam
757 4253 856 4319 venio
879 4253 1095 4321 narrationem
1120 4254 1158 4319 de
1190 4276 1265 4341 rege
1294 4258 1413 4343 Jorae‚
1426 4280 1496 4326 Anno
1510 4279 1558 4326 aa

246 4389 343 4450 quem
367 4389 440 4433 cum
460 4366 589 4451 cogito,
602 4381 671 4431 tum
696 4386 774 4433 vero
793 4366 874 4432 mihi
893 4365 1007 4434 videor
1023 4385 1185 4432 summum
1202 4367 1295 4434 illum
1315 4385 1414 4453 atque

245 4499 357 4545 verum
390 4477 520 4543 Indicae
551 4477 823 4563 peregrinationis
854 4477 998 4544 fructum
1030 4477 1212 4564 perspicere
1244 4495 1277 4546 et
1298 4484 1413 4550 merito
1519 4493 1523 4508 ’
