3530 5656
544 716 590 760 DE
614 715 706 781 JURE
734 713 917 760 PRAEDAE·
944 712 1026 758 CAP·
1052 713 1104 756 lv.
1374 707 1415 768 49

246 869 374 933 resistat
396 869 538 953 graviter
561 867 749 950 delinquere
771 876 791 933 ¹.
838 868 952 948 Atque
979 865 1059 931 adeo
1083 864 1111 928 si
1135 860 1216 943 quid
1237 862 1291 928 ille
1311 859 1415 925 felici-

243 995 294 1045 ter
313 995 423 1063 gerat,
448 979 502 1045 fur
524 993 572 1044 est
596 995 627 1044 et
647 994 756 1062 raptor
779 979 946 1045 violentus
966 992 998 1042 et
1019 974 1166 1040 sicarius.
1203 974 1288 1039 Sunt
1308 987 1414 1038 autem

245 1092 324 1156 haee
355 1106 486 1174 peccata
517 1089 701 1174 ejusmodi,
734 1105 773 1155 ut
803 1109 894 1155 reum
925 1085 1137 1153 facultatibus
1157 1083 1334 1164 omnibus,
1358 1096 1414 1148 aut

244 1216 335 1284 parte
351 1199 466 1285 magna
485 1200 634 1267 mulctari
646 1200 767 1266 faciant
779 1197 810 1264 ¹:
832 1220 915 1282 quae
927 1200 957 1265 ei
974 1197 1093 1282 apponi
1112 1198 1245 1276 debent,
1265 1195 1298 1259 in
1316 1213 1412 1276 quent

244 1327 412 1394 peccatum
436 1326 507 1391 est,
529 1327 585 1377 aut
606 1309 731 1377 homini
763 1326 819 1377 aut
843 1311 1050 1394 reipublicae.
1095 1309 1141 1374 Et
1162 1310 1226 1372 hoc
1252 1321 1301 1371 est
1322 1306 1414 1388 quod

243 1422 377 1487 tradunt
399 1421 545 1506 theologi
558 1429 588 1504 ²,
610 1421 644 1486 in
655 1416 818 1505 principio
839 1421 942 1501 belli,
966 1421 994 1486 si
1014 1419 1121 1486 hostis
1146 1418 1263 1484 offerat
1285 1419 1412 1501 plenam

246 1531 497 1599 satisfactionem
527 1551 593 1599 non
622 1547 746 1598 tantum
780 1531 916 1616 iniuriae
938 1547 971 1597 et
990 1551 1122 1610 rerum,
1143 1531 1201 1596 sed
1222 1531 1412 1596 damnorum

244 1643 340 1709 etiam
371 1664 407 1708 ac
440 1643 682 1726 impensarum,
705 1642 904 1709 audiendum
936 1661 1010 1707 eum
1034 1660 1115 1708 esse.
1160 1642 1209 1706 At
1239 1659 1333 1705 secus
1354 1639 1428 1705 {la-f

245 1768 356 1836 grante
376 1755 440 1837 jam
465 1754 575 1834 bello,
600 1753 679 1835 quia
701 1752 807 1820 hostis
832 1751 1027 1835 delinquens
1046 1753 1111 1837 jam
1134 1771 1201 1818 non
1221 1772 1260 1817 eo
1283 1751 1327 1817 sit
1348 1766 1411 1817 sta·

243 1877 280 1930 tu
292 1855 306 1944 ‚'
328 1879 367 1929 ut
385 1856 572 1930 satisfacere
595 1864 732 1945 debeat,
755 1865 813 1930 sed
835 1873 856 1942 †
880 1913 1108 1932 ...........
1130 1877 1179 1928 est
1199 1861 1290 1944 pati,
1312 1864 1411 1928 altero

243 1972 397 2040 videlicet
416 1974 527 2059 judice
548 1975 612 2059 jam
634 1975 839 2057 constituto,
859 1975 918 2059 qui
941 2020 1284 2042 ................
1297 1972 1410 2055 possit.

243 2074 296 2150 Ex
318 2084 475 2167 hisquae
499 2085 585 2150 dicta
607 2101 683 2152 sunt
708 2087 786 2153 satis
809 2101 941 2170 apparet
961 2085 1056 2152 etiam
1077 2083 1285 2150 concordiam
1303 2082 1412 2166 reipu-

243 2193 345 2261 blicae
368 2210 400 2261 et
421 2195 666 2280 magistratuum
691 2196 915 2263 auctoritatem
933 2217 1028 2279 saepe
1050 2195 1119 2260 sine
1141 2195 1259 2278 praeda
1281 2206 1412 2260 conser-

242 2306 312 2371 vari
342 2317 407 2372 non
430 2315 572 2389 posse⁴‚
597 2307 770 2391 praecipue
790 2308 868 2390 quia
891 2308 1020 2372 adeam
1043 2327 1109 2371 rem
1133 2304 1264 2370 maximi
1284 2319 1412 2371 sumtus

242 2416 466 2482 desiderantur
489 2429 549 2483 nec
572 2418 704 2501 impune
725 2418 810 2483 ferre
832 2419 972 2498 debent,
997 2417 1054 2498 qui
1076 2429 1195 2481 temere
1218 2425 1409 2498 repugnant.

243 2527 330 2590 Cum
355 2526 456 2610 igitur
476 2528 617 2608 patuerit
640 2527 652 2560 ⁵
672 2529 797 2612 iustum
819 2547 913 2610 esse,
940 2525 1016 2609 quia
1039 2542 1071 2592 et
1093 2527 1166 2592 Deo
1190 2540 1314 2611 gratum
1337 2542 1409 2610 est,

241 2655 304 2701 nos
326 2638 461 2702 salutern
486 2653 627 2702 nostram
650 2639 759 2718 tueri,
783 2657 834 2704 res
856 2654 983 2703 nostras
1006 2636 1174 2703 defensare
1197 2653 1253 2703 aut
1277 2659 1410 2721 recupe-

242 2768 338 2829 rare,
362 2748 508 2813 debitum
540 2747 722 2829 consequi,
746 2747 841 2813 etiam
867 2748 950 2814 illud
970 2747 1061 2829 quod
1083 2768 1220 2829 poenam
1240 2748 1409 2829 continet,

240 2879 325 2940 quae
358 2877 419 2924 nos
451 2858 543 2924 alteri
566 2858 719 2940 cuiquam
743 2857 905 2923 remittere
936 2841 1030 2922 Deus
1060 2877 1125 2921 non
1147 2857 1235 2941 cogit
1255 2860 1291 2937 ⁸,
1319 2871 1408 2940 prae*

241 2968 350 3034 sertim
383 2989 458 3034 cunr
487 2969 520 3033 in
545 2989 715 3035 commune
736 2969 865 3035 intersit
886 2968 1042 3034 maleficia
1063 2988 1129 3034 non
1151 2988 1280 3033 manere
1304 2968 1409 3051 impu-

237 3079 331 3160 nita,
365 3100 571 3165 propugnare
594 3080 825 3163 rempublicam
848 3096 881 3145 et
902 3080 1127 3165 magistratus:
1162 3081 1278 3145 horum
1300 3095 1407 3145 autem

239 3189 322 3255 nihil
345 3190 416 3256 fieri
436 3190 565 3273 possit,
589 3191 651 3256 nisi
672 3193 785 3258 hostes
808 3191 926 3275 opibus
950 3207 1131 3271 exuantur,
1155 3193 1308 3273 pleraque
1328 3211 1407 3256 vero
1476 3249 1477 3254 ,

239 3322 304 3367 non
328 3301 421 3367 aliter
443 3302 607 3385 possimus
628 3302 798 3382 obtinere,
821 3303 885 3368 nisi
907 3324 965 3386 per
985 3303 1128 3382 bellum,
1153 3300 1350 3382 acquirendo
1374 3301 1409 3367 id

238 3413 332 3494 quod
362 3412 467 3478 hostis
489 3411 577 3493 fuit,
601 3415 664 3479 hoc
687 3429 794 3478 autem
816 3413 858 3479 sit
879 3413 960 3478 illud
985 3414 1075 3494 quod
1093 3414 1210 3496 praeda
1232 3412 1351 3478 dicitur
1371 3416 1408 3492 ⁷,

238 3524 373 3589 omnino
403 3524 615 3606 consequitur
638 3521 783 3607 praedari
805 3525 979 3606 aliquando
998 3525 1123 3608 justum
1148 3542 1230 3590 esse.
1274 3523 1345 3607 Jam
1368 3532 1483 3630 ‘³³‘ssssss
1495 3535 1571 3634 ‘lla'

1419 3640 1467 3684 111.

235 3741 427 3752 ——n—-u

269 3867 372 3915 ¹Mart.
388 3869 465 3916 Land.
488 3875 513 3928 q.
539 3883 576 3929 14.
592 3882 616 3917 et
639 3871 675 3917 16.
710 3868 769 3918 2ex
788 3875 859 3931 alleg.
876 3878 951 3932 supra
968 3879 1024 3932 pos.
1058 3872 1167 3931 ³Cajet.
1183 3875 1209 3921 in
1225 3883 1313 3922 summ.
1331 3887 1404 3934 pecc.

234 3957 299 4005 Belli
316 3957 457 4006 revocatio.
491 3957 502 3988 ⁴
518 3957 589 4015 juxta
607 3962 624 4007 l.
642 3972 666 4016 7.
684 3972 709 4008 et
728 3974 783 4020 sqq.
800 3963 831 4009 V.
848 3961 916 4009 Vict.
934 3976 959 4010 n.
980 3975 1016 4018 15.
1036 3964 1098 4013 silv.
1117 3964 1141 4012 ln
1167 3979 1192 4024 v.
1214 3965 1404 4025 Repressaliae,

235 4049 261 4096 in
278 4049 360 4109 princ.
378 4047 429 4096 ibit
447 4047 497 4112 Qui
516 4061 606 4096 autern.
641 4049 724 4097 ‘toto
743 4064 766 4098 c.
785 4065 808 4098 α.
828 4051 839 4083 ⁶
857 4052 935 4100 Wilh.
955 4054 1035 4100 Math.
1055 4056 1086 4102 dc
1105 4054 1173 4103 bello
1191 4053 1260 4112 justo
1279 4066 1302 4101 ct
1321 4053 1403 4101 licito.

235 4136 261 4183 in
280 4150 304 4193 3.
322 4151 376 4197 req.
410 4135 471 4186 ἐκ
496 4137 573 4187 defin.
598 4141 707 4198 praedae
730 4135 756 4188 in
782 4139 832 4188 fine
858 4155 914 4201 cap.
933 4155 956 4189 a.

266 4229 280 4287 †
300 4227 379 4290 [Folii
396 4241 481 4289 margo
497 4229 605 4278 inferior
619 4232 651 4278 ad
665 4232 778 4278 dextram
793 4243 894 4279 manum
915 4245 929 4279 a
946 4233 1058 4281 muribus
1076 4247 1180 4282 corrosa
1197 4246 1251 4295 est,
1268 4236 1335 4282 unde
1350 4233 1401 4281 fac·

233 4327 286 4364 tum
303 4329 331 4364 ut
349 4320 400 4367 duo
419 4332 507 4368 versus
525 4333 572 4380 pro
592 4331 663 4379 parte
681 4320 758 4368 deleti
776 4321 835 4369 sint.
870 4325 918 4370 Sed
936 4323 1051 4382 quamvis
1069 4325 1100 4370 de
1119 4323 1180 4382 ipsis
1208 4323 1292 4370 Grotii
1317 4322 1402 4372 verbis

233 4407 312 4456 hodie
329 4420 445 4456 constare
463 4422 587 4471 nequeat,
606 4412 671 4459 haud
688 4413 794 4460 multum
812 4412 994 4474 aberrabimus,
1014 4413 1035 4462 si
1053 4412 1079 4460 in
1096 4415 1161 4461 hanc
1179 4414 1232 4460 fere
1252 4413 1402 4460 sententiam

233 4497 366 4558 scripsisse
384 4513 441 4547 eum
464 4515 601 4560 ponamus:
627 4501 653 4549 in
677 4503 764 4562 priore
783 4517 859 4552 versu
876 4506 952 4552 haec:
981 4507 1025 4552 scd
1043 4503 1125 4551 illatis
1140 4505 1263 4566 graviora
1283 4505 1350 4551 laced
1365 4505 1400 4552 in·

229 4586 327 4648 justum
346 4601 383 4638 est
400 4591 468 4650 pati3
486 4591 520 4639 in¹
531 4595 609 4640 altero
628 4593 677 4640 ita:
696 4594 740 4652 qui
758 4594 787 4640 de
802 4604 881 4656 poena
898 4604 945 4656 pro
963 4595 1035 4642 libitu
1054 4603 1170 4643 statuere
1187 4593 1289 4658 possit]

1179 4707 1181 4712 '
1249 4706 1270 4766 4
