3552 5654
554 697 601 744 DE
625 697 719 763 JURE
745 698 929 746 PRAEDAE·
955 699 1034 746 CAP.
1058 701 1095 747 X.
1343 694 1403 761 145

227 853 273 918 Et
286 851 321 916 hi
333 871 349 915 e
360 849 489 917 diversa
502 866 685 934 temporum
697 851 837 930 ratione,
854 867 912 918 aut
920 868 1020 936 prout
1030 853 1093 936 ipsi
1104 853 1223 932 famae,
1236 851 1403 938 religioni,

225 961 395 1029 ambitioni
406 962 609 1041 serviebant,
630 964 759 1030 diverse
778 963 830 1028 usi
850 965 1067 1046 reperiuntur.
1114 965 1182 1052 Qui
1202 964 1401 1031 sanctissimi

226 1072 337 1140 haberi
366 1075 522 1140 volebant
548 1074 698 1156 praedam
726 1095 793 1140 non
821 1074 1047 1158 attingebant,
1075 1077 1133 1142 sed
1162 1076 1232 1142 sive
1263 1075 1401 1159 pecunia

226 1200 295 1252 crat
313 1185 355 1250 in·
366 1185 504 1268 praeda,
529 1205 598 1251 eam
619 1184 781 1269 jubebant
799 1201 1003 1267 quaestorem
1022 1187 1138 1269 populi
1162 1187 1305 1253 Romani
1328 1205 1402 1269 pcr-

225 1295 354 1379 cipere,
378 1296 448 1362 sive
470 1315 522 1361 res
545 1297 650 1376 aliae,
676 1315 729 1362 eas
751 1316 808 1379 per
831 1312 1036 1379 quaestorem
1061 1300 1122 1363 sub
1146 1300 1239 1364 hasta
1261 1317 1401 1364 venum·

226 1407 307 1474 dari.
341 1406 519 1474 Redactam
540 1407 615 1474 inde
634 1408 806 1491 pecuniam
824 1422 901 1474 sunt
924 1409 982 1490 qui
994 1409 1004 1450 ¹
1018 1410 1256 1474 manubiarum
1267 1409 1399 1475 nomine

224 1517 402 1603 significari
423 1520 551 1585 volunt.
595 1519 645 1584 Ea
667 1518 783 1584 deinde
804 1518 837 1584 in
859 1518 1017 1584 aerarium
1038 1539 1095 1602 per
1115 1536 1321 1602 quaestorem
1342 1521 1400 1600 de-

225 1629 409 1711 ferebatur,
442 1630 534 1712 prius
567 1643 696 1711 tamen,
728 1629 755 1694 si
785 1629 945 1712 triumphi
974 1649 1024 1696 res
1055 1645 1163 1712 esset,
1190 1631 1323 1713 publice
1347 1651 1399 1696 os-

223 1756 355 1806 tentata.
400 1741 451 1806 Ita
479 1741 654 1825 Pompeius
673 1740 769 1806 fecit:
799 1740 949 1806 Pecunia
972 1742 1155 1827 Tigranis,
1179 1745 1282 1806 sicuti
1300 1741 1398 1806 Pana-

219 1855 293 1938 peja
317 1857 417 1918 maris
440 1867 536 1933 erat,
559 1852 702 1918 notanda
725 1867 803 1917 sunt
824 1853 905 1918 haec
927 1853 1027 1919 verba
1049 1852 1170 1936 Velleji
1190 1848 1223 1932 ²,
1256 1851 1399 1917 redacta

224 1967 260 2028 t'n
282 1968 467 2049 quaestoris
485 1977 681 2048 patestatem
705 1985 744 2027 ac
762 1962 908 2050 publicis
930 1963 1099 2048 descripta
1121 1963 1244 2029 literis.
1274 1963 1326 2030 Ita
1346 1965 1396 2030 M.

223 2073 358 2140 Tullius
377 2081 388 2116 ³
407 2073 441 2142 in
469 2075 554 2140 bello
574 2074 746 2155 Parthico,
772 2073 830 2156 qui
849 2073 919 2157 ipse
938 2073 972 2139 in
991 2074 1096 2140 literis
1119 2075 1160 2140 ad
1180 2074 1396 2140 Sallustium:

222 2185 277 2249 De
299 2184 530 2270 praeda-mea
542 2199 685 2273 praeter
702 2199 892 2270 quaestores
914 2184 1082 2266 urbanas,
1113 2183 1152 2249 id
1170 2198 1217 2249 est
1233 2185 1395 2270 papulum

224 2296 435 2377 Romanum,
460 2299 648 2362 teruncium
673 2317 730 2360 nec
743 2299 886 2381 attigit,
910 2275 1397 2378 nectacturusestquisquam.

223 2407 266 2472 Id
289 2422 396 2473 autem
422 2405 524 2471 veteri
557 2405 725 2488 republica
755 2404 1002 2472 usitatissimum
1035 2404 1121 2485 fuit,
1145 2405 1240 2488 cujus
1275 2425 1397 2472 morem

224 2517 360 2582 Plautus
379 2522 391 2559 ⁴
410 2514 605 2598 respiciens:

247 2627 351 2692 Nunc
375 2628 461 2690 hana
477 2625 644 2711 praedam
670 2647 791 2692 amnem
806 2628 882 2712 jam
905 2627 953 2693 ad
973 2641 1179 2713 quaestorem
1202 2626 1364 2712 deferam.

266 2737 313 2804 Et
331 2738 371 2803 de
390 2736 580 2803 hominibus
599 2736 740 2820 captivis
752 2747 781 2801 ⁶:

447 2844 533 2930 Quas
557 2851 620 2912 emi
642 2846 832 2934 depraeda
856 2848 896 2914 de
917 2850 1162 2934 quaestoribus.

263 2960 311 3027 Hi
333 2974 440 3026 autem
463 2973 561 3038 sunt,
586 2959 644 3040 qui
665 2960 727 3024 sub
747 2978 866 3024 corona
885 2959 1011 3024 venditi
1021 2955 1186 3026 dicuntur.
1210 2958 1279 3024 Alii
1290 2975 1396 3026 autem

220 3092 289 3138 raon
308 3071 473 3154 quaestori
492 3070 624 3148 dabant,
652 3071 709 3178 sed
728 3070 790 3153 ipsi
811 3071 998 3136 vendebant
1019 3085 1051 3136 et
1073 3070 1106 3136 in
1131 3071 1291 3137 aerarium
1310 3070 1395 3138 refe-

221 3185 354 3264 rebant,
379 3198 417 3248 ut
439 3203 478 3247 ex
501 3181 632 3261 verbis,
652 3202 737 3263 quae
759 3181 846 3265 apud
866 3182 1149 3248 Halicarnasseum
1174 3182 1207 3247 in
1221 3183 1330 3248 eadem
1344 3203 1397 3248 ac-

219 3295 389 3362 cusatione
411 3307 613 3377 sequuntur,
636 3292 732 3359 facile
753 3293 892 3377 intelligi
911 3308 1031 3377 potest.
1053 3293 1106 3358 Ita
1117 3293 1243 3378 Regem
1253 3294 1398 3377 Tarqui-

218 3406 310 3472 nium
327 3407 392 3490 jam
412 3406 490 3472 olim
509 3405 607 3471 victis
627 3404 757 3471 Sabinis
787 3405 936 3487 praedam
968 3404 1184 3487 captivosque
1212 3404 1351 3470 Romam
1375 3412 1397 3483 †

220 3566 427 3582 .......
450 3535 524 3581 mus
543 3522 575 3581 ⁸:
597 3515 787 3582 Romulium
812 3530 844 3580 et
865 3515 1041 3582 Veturium
1066 3517 1218 3582 consules
1244 3517 1395 3597 praedam

219 3649 259 3693 ex
272 3627 400 3710 Aequis
411 3626 596 3694 vendidisse
616 3677 786 3692 ......
810 3626 951 3708 inopiam
964 3626 1096 3707 aerarii,
1117 3646 1212 3711 aegre
1223 3625 1257 3690 id
1267 3625 1393 3693 ferente

219 3738 364 3804 exercitu
376 3738 398 3803 ⁷.
423 3739 488 3804 Sed
507 3758 581 3803 cum
601 3737 634 3802 in
654 3737 792 3803 historia
810 3737 957 3802 Romana
968 3735 1051 3802 nihil
1062 3735 1270 3818 frequentius
1280 3757 1394 3802 occur·

218 3863 281 3928 rat,
306 3863 465 3930 quantum
485 3869 525 3912 ex
535 3848 662 3914 Italicis
674 3847 837 3930 primum,
862 3847 979 3913 deinde
992 3845 1159 3913 Africanis
1172 3860 1204 3911 et
1217 3846 1393 3924 Asiaticis,

252 4047 344 4096 ¹Gcll.
367 4049 385 4096 l.
410 4061 448 4104 rs.
473 4061 496 4096 c.
520 4059 560 4106 aa.
594 4043 605 4078 ³
628 4048 645 4092 l.
669 4059 693 4093 a.
720 4045 752 4106 [c.
776 4057 818 4104 40.
838 4048 859 4103 5.
879 4042 915 4107 3.]
953 4042 1013 4091 ⁸ad
1031 4043 1089 4092 fam.
1106 4045 1124 4091 1.
1143 4057 1166 4090 2.
1187 4043 1240 4103 [ep.
1261 4054 1298 4099 17·
1316 4045 1338 4100 §-
1355 4042 1392 4104 4.]

216 4127 338 4188 ⁴Bacchss
352 4139 404 4200 [vs.
423 4138 506 4199 ro7s.]
541 4136 642 4197 ‘capt
661 4136 711 4197 [vs.
729 4135 781 4196 34]
817 4133 1098 4194 6Ι,ἰν.1.ι.[ο.37.]
1134 4129 1218 4180 ⁷Liv.
1229 4133 1246 4179 1.
1256 4143 1279 4187 a.
1292 4132 1392 4193 [cau]

250 4229 331 4290 †llic
349 4229 375 4277 in
400 4229 491 4277 codice
516 4225 640 4277 vocabula
657 4226 705 4274 tria
723 4225 844 4286 temporis
863 4222 956 4281 injuria
974 4224 1111 4285 perierunt.
1146 4222 1230 4271 Nobis
1247 4232 1331 4270 tamen
1349 4225 1393 4272 ad·

215 4319 304 4368 bibitis
330 4319 430 4368 duobus
455 4319 523 4368 Livii
549 4318 629 4380 locis,
655 4317 746 4377 quibus
774 4315 878 4365 Grotius
896 4315 988 4373 utitur,
1008 4317 1039 4364 de
1057 4314 1143 4364 verbis
1161 4312 1215 4371 eius
1234 4311 1310 4363 facile
1330 4326 1393 4362 con-

217 4411 282 4457 st'are
307 4421 401 4470 potest.
437 4410 575 4470 scripserat
600 4409 667 4458 enim
694 4409 743 4456 itas
770 4407 935 4467 Tarquinium
961 4405 1011 4464 iam
1030 4406 1092 4454 olim
1110 4404 1189 4454 vietis
1207 4403 1304 4452 Sabinis
1321 4418 1392 4464 prae·

217 4491 273 4548 dam
291 4501 457 4561 captivosque
474 4502 574 4548 Roman
590 4499 687 4548 misisse
703 4498 820 4563 legimns,
838 4498 985 4570 Romulium
1003 4508 1028 4544 et
1045 4495 1178 4545 Veturium
1188 4496 1306 4544 eonsules
1316 4508 1390 4554 prac-

219 4592 275 4640 dam
292 4603 324 4638 ex
343 4590 438 4650 Aequis
456 4591 619 4651 vendidisse,
633 4598 741 4656 propter
758 4589 871 4650 inopiam
889 4587 989 4638 aerarii.

1224 4697 1263 4742 10
