3552 5654
339 641 399 720 156
652 659 699 706 mr
722 658 816 726 juna
844 658 1030 705 rannone,
1056 659 1139 706 oar.
1163 663 1201 708 x.

336 811 431 878 etiam
454 812 523 876 sine
546 814 643 895 culpa
666 811 770 877 amitti
790 813 938 894 soleant,
961 827 998 878 ut
1010 813 1049 877 de
1062 812 1155 894 equis
1167 813 1508 882 scribitMarcellus¹.

260 991 262 996 ,
335 923 408 987 Nec
427 923 535 989 minus
555 923 688 988 evidens
709 937 781 1003 est,
801 942 860 987 cur
880 943 920 988 ex
939 924 1003 988 hoc
1026 943 1138 990 rursus
1151 925 1265 992 ordine
1278 925 1376 990 eximi
1387 925 1510 991 debue-

336 1034 403 1100 rint
423 1054 480 1116 ea,
504 1053 587 1116 quae
609 1033 679 1100 sine
700 1033 826 1117 flagitio
847 1052 913 1099 non
935 1034 1154 1114 amittuntur,
1179 1050 1217 1101 ut
1240 1055 1326 1101 arma
1349 1037 1463 1104 militis
1483 1042 1508 1101 ¹.

336 1145 422 1210 Cum
443 1164 523 1211 vero
545 1165 601 1223 ea,
623 1163 707 1228 quae
731 1145 763 1209 in
776 1145 981 1226 postliminio
994 1159 1091 1226 sunt,
1115 1165 1212 1230 saepe
1225 1147 1408 1212 mutatione
1420 1167 1510 1212 com·

336 1255 530 1320 merciorum
562 1255 602 1320 ad
626 1256 706 1320 alios
732 1255 917 1321 earumdem
940 1257 1104 1339 partium,
1128 1275 1195 1322 non
1220 1272 1346 1324 veteres
1359 1257 1510 1324 dominos

336 1366 528 1449 perveniant
546 1372 579 1446 ⁸,
613 1384 708 1431 causa
741 1379 779 1431 ut
806 1366 946 1433 dicimus
969 1387 1132 1448 onerosa,
1157 1368 1306 1450 aequitas
1331 1368 1416 1433 inter
1437 1387 1510 1433 eum

337 1478 394 1559 qui
423 1478 575 1544 dominus
594 1474 671 1542 'fuit
698 1491 731 1542 et
762 1497 835 1542 eum
860 1478 917 1560 qui
941 1478 1082 1560 pretium
1107 1479 1198 1545 dedit
1221 1479 1265 1544 ita
1288 1477 1356 1545 fuit
1380 1479 1511 1561 dispen-

336 1588 456 1668 sanda,
489 1602 528 1653 ut
558 1587 613 1652 ille
645 1608 711 1653 rem
743 1607 834 1655 suam
868 1589 1013 1672 recipere
1034 1605 1146 1671 posset
1166 1590 1244 1655 huic
1264 1590 1405 1674 pretium
1430 1590 1512 1655 offe·

337 1700 451 1763 rerrdo.
476 1699 556 1764 Non
578 1713 685 1764 tamen
706 1700 785 1764 haec
807 1699 934 1779 omnia,
959 1714 997 1765 ut
1017 1701 1050 1765 in
1071 1701 1223 1766 Romano
1239 1702 1313 1785 jure
1333 1701 1512 1768 constituta

337 1824 434 1892 sunt,
458 1809 503 1874 ita
515 1809 638 1891 ubique
651 1810 749 1874 hodie
759 1810 984 1876 observantur.
1008 1811 1115 1891 Nam,
1129 1825 1167 1876 ut
1178 1813 1361 1894 exemplum
1374 1813 1509 1891 demus,

337 1941 438 1987 naves
471 1921 636 2005 plerisque
669 1921 702 1987 in
736 1920 820 1986 locis
853 1921 1092 2004 postliminium
1122 1941 1188 1987 non
1212 1924 1355 2002 habent,
1380 1922 1439 1988 sed
1459 1923 1509 1986 in-

339 2032 520 2097 continenti
555 2032 683 2097 demum
719 2046 866 2114 receptae
904 2047 986 2112 aut,
1020 2033 1212 2116 priusquam
1247 2033 1332 2098 intra
1365 2033 1510 2099 hostiurn

338 2142 499 2226 praesidia
518 2143 676 2208 abductae
697 2157 790 2220 sunt,
814 2143 854 2207 ad
875 2156 1003 2209 veteres
1021 2144 1175 2209 dominos
1197 2144 1336 2210 redeunt
1355 2143 1512 2226 praestito

339 2254 563 2336 receptoribus
593 2253 792 2334 honorario,
824 2253 868 2318 ita
898 2268 935 2318 ut
967 2255 1022 2339 jus
1043 2255 1177 2320 navium
1201 2269 1233 2319 et
1254 2255 1409 2320 mercium
1428 2254 1511 2320 nilril

340 2363 486 2431 differat:
520 2364 612 2446 quod
641 2363 674 2429 in
705 2363 1000 2432 constitutionibus
1031 2364 1171 2431 Gallicis
1200 2379 1300 2446 atque
1329 2364 1453 2431 Italicis
1472 2365 1512 2429 de

339 2497 373 2540 re
403 2475 562 2541 maritima
580 2477 592 2510 ⁴
611 2474 723 2542 videre
756 2489 817 2541 est.
864 2476 910 2540 Et
940 2477 1020 2540 haec
1043 2476 1176 2557 quidem
1200 2475 1342 2541 remedia
1364 2469 1398 2541 in
1421 2494 1512 2554 rem,

339 2602 377 2653 ut
400 2587 444 2653 ita
461 2587 585 2667 dicam,
608 2587 738 2669 prodita
752 2601 842 2652 sunt.
867 2587 954 2651 Nam
966 2587 1064 2653 rebus
1075 2587 1108 2652 in
1121 2601 1316 2670 potestatem
1328 2601 1510 2652 nostrarum

339 2698 480 2781 partium
515 2719 581 2763 non
614 2699 775 2779 redactis,
812 2712 849 2764 ut
880 2697 1012 2763 aliunde
1033 2699 1192 2782 jacturam
1214 2699 1415 2778 sarciamus,
1439 2699 1511 2780 lege

341 2811 489 2875 Romana
501 2810 717 2875 constitutum
730 2829 796 2874 non
810 2823 874 2874 est:
889 2808 980 2891 quod
992 2809 1098 2891 ipsum
1111 2809 1278 2891 hodieque
1290 2803 1511 2886 observamus,

341 2921 404 2987 nisi
437 2935 599 3002 quatenus
632 2934 721 2986 extra
742 2921 887 2987 ordinem
911 2919 1074 2985 interdum
1099 2919 1226 2985 affectis
1249 2919 1366 2984 damno
1389 2934 1511 2985 certum

342 3031 424 3114 quid
445 3051 484 3096 ex
506 3031 624 3114 praeda
647 3030 803 3114 capienda
825 3030 1032 3115 assignatur,
1058 3050 1142 3112 quae
1161 3044 1241 3096 sunt
1259 3029 1352 3111 quasi
1373 3030 1406 3096 in
1425 3031 1513 3095 bello

341 3143 559 3224 repressaliae.
606 3140 734 3223 Operae
765 3156 871 3206 autem
903 3141 1041 3206 bellicae
1072 3141 1251 3223 praemium
1282 3142 1371 3207 nulla
1405 3161 1445 3206 ex
1478 3162 1513 3206 re

342 3251 481 3333 utilius,
512 3272 609 3333 quam
641 3272 680 3317 ex
712 3252 830 3335 praeda
850 3252 1056 3319 dissolvitur.
1100 3253 1187 3317 Nam
1208 3252 1253 3317 ita
1276 3265 1308 3317 et
1328 3251 1513 3334 respublica

320 3378 486 3450 sumtum
520 3383 587 3429 non
620 3361 700 3429 facit
733 3379 765 3429 et
794 3363 901 3430 hostis
933 3363 1196 3446 depauperatur‚
1231 3361 1440 3446 flagrantiore
1472 3361 1513 3426 ad

343 3489 460 3539 cuncta
488 3475 612 3555 milite,
646 3475 704 3556 qui
735 3475 817 3540 sciat
849 3475 944 3540 etiam
976 3473 1096 3541 sibiae
1117 3474 1257 3540 vincere.
1303 3471 1380 3537 Non
1404 3487 1511 3538 autem
1603 3553 1607 3557 .

343 3585 448 3650 omnis
472 3586 590 3668 praeda
613 3585 816 3670 assignatur,
841 3585 895 3670 (id
919 3585 1002 3651 enim
1027 3584 1163 3651 nimium
1187 3583 1289 3668 foret)
1311 3584 1369 3651 sed
1388 3597 1512 3649 certum

344 3698 481 3780 aliquod
512 3716 614 3781 genus
644 3699 757 3782 ejusve
778 3717 873 3780 pars,
898 3697 997 3779 idque
1021 3717 1057 3762 ea
1090 3697 1162 3780 lege
1193 3710 1230 3760 ut
1254 3696 1347 3777 quod
1370 3695 1512 3776 quisque

343 3809 465 3892 ceperit
495 3829 535 3875 ex
568 3797 663 3875 ho'ste
695 3809 729 3874 id
759 3829 855 3874 suum
879 3809 987 3875 faciat.
1034 3809 1109 3872 Hoc
1130 3805 1229 3872 modo
1253 3805 1412 3872 incertum
1436 3804 1513 3870 belli

342 3921 526 4004 periculum
556 3920 681 3986 incerto
701 3919 845 3986 visissim
870 3920 1042 3986 commodo
1063 3917 1252 4002 rependitur
1271 3917 1293 3981 ⁵.
1338 3915 1515 4003 Quidquid

185 4047 383 4114 aesopo-ex
415 4033 471 4097 tali
502 4033 584 4117 legis
617 4032 837 4116 assignatione
870 4032 910 4097 ad
942 4031 1091 4115 singulos
1123 4029 1296 4112 pervenit,
1329 4028 1459 4111 proprie
1483 4041 1516 4091 et

180 4113 236 4162 pm
249 4100 321 4148 m
343 4145 502 4228 peculiari
524 4144 665 4227 quodam
689 4143 877 4228 significatu
894 4143 989 4209 vocis
1008 4139 1156 4224 alioquin
1180 4139 1362 4224 generaliS,
1381 4137 1514 4224 praeda

342 4298 542 4310 ..α-*ι--ι-

379 4367 430 4417 ¹d.
448 4371 464 4416 l.
485 4383 508 4420 2.
541 4366 672 4418 2ibidem.
707 4367 752 4416 ⁸1.
776 4367 803 4415 in
827 4367 906 4415 bello.
931 4369 952 4424 ξ.
977 4366 998 4415 si
1026 4365 1082 4426 quis
1102 4377 1212 4413 servum.
1230 4363 1255 4410 ff.
1275 4364 1307 4411 de
1325 4372 1392 4421 capt.
1413 4360 1456 4424 [D.
1474 4373 1516 4423 49.

348 4471 385 4514 rs.
406 4473 445 4508 ια.
471 4464 492 4519 ς.
517 4460 555 4522 7.]
590 4459 602 4492 ⁴
627 4463 715 4508 const.
734 4461 799 4506 Gall.
823 4457 866 4506 lib.
886 4472 926 4506 oo.
944 4457 984 4505 tit.
1006 4470 1045 4516 13·
1063 4467 1109 4505 ert.
1128 4468 1168 4516 24.
1187 4445 1291 4503 Consul.
1309 4452 1393 4501 maris.
1411 4465 1434 4501 c.
1459 4454 1516 4508 287·

321 4549 387 4596 ·‘l.
405 4563 511 4610 semper.
529 4554 551 4610 ς.
568 4551 748 4612 negotiatores.
765 4549 791 4598 ff.
810 4545 916 4606 dejure
935 4548 1003 4596 imm.
1023 4546 1068 4610 [D.
1089 4559 1128 4603 so.
1147 4547 1171 4594 6.
1191 4556 1214 4601 5.
1233 4548 1255 4603 ξ.
1275 4541 1312 4606 3.]
1398 4546 1406 4562 ·
