3536 5692
532 657 578 702 DE
602 656 695 723 June
721 656 904 704 Pannona.
929 656 1009 702 cnl’.
1032 656 1089 702 XV.
1322 659 1381 722 333

213 815 259 879 ita
292 833 375 895 quae
408 826 501 896 capta
533 827 610 878 sunt
641 811 806 878 societatis
838 810 984 894 impensa
1017 824 1115 893 atque
1144 811 1291 895 periculo
1314 832 1381 878 non

213 926 308 1005 aliis,
329 944 426 1006 quam
448 923 528 1008 ipsis
547 924 659 990 cedere
681 943 822 1006 aequum
842 936 930 988 etex
949 942 1009 988 usu
1028 921 1162 1005 publico
1181 922 1381 989 existimant:

212 1054 251 1102 ut
273 1057 313 1102 ex
334 1034 475 1103 formula
502 1034 658 1100 videlicet
677 1053 793 1100 versus
815 1031 1018 1115 Propertiani
1033 1036 1066 1115 ¹,
1090 1033 1156 1099 imo
1181 1055 1220 1099 ex
1242 1035 1381 1100 naturali

215 1148 339 1214 ratione

345 1255 482 1322 Praeda
503 1259 548 1320 sit
571 1257 650 1320 haec
672 1255 743 1320 illis
766 1275 906 1340 quorum
930 1274 1079 1320 meruere
1101 1255 1239 1322 labores.

256 1369 367 1455 Quare
389 1367 447 1449 qui
468 1381 533 1432 tam
556 1367 674 1431 bonam
697 1364 871 1432 utilitatem
895 1365 1062 1450 negliget,
1086 1365 1221 1432 nimium
1245 1367 1382 1453 prodige

216 1494 328 1544 utetur
355 1478 527 1543 occasione
549 1497 585 1542 ac
605 1475 747 1542 fortuna.
792 1476 894 1562 Quod
915 1477 1001 1542 enim
1023 1477 1124 1559 belli,
1159 1476 1194 1542 id
1223 1492 1272 1543 est
1306 1499 1385 1563 gen-

216 1592 299 1656 tium
327 1591 423 1673 jure,
447 1587 540 1671 quod
568 1587 752 1668 Ordinum,
776 1590 840 1654 hoc
861 1605 911 1654 est
933 1589 1052 1655 summi
1074 1590 1284 1674 magistratus
1306 1611 1385 1655 con·

219 1701 386 1781 cessione,
400 1714 548 1766 nostrum
568 1699 632 1780 sit,
650 1699 685 1764 id
705 1718 771 1764 non
793 1699 901 1765 statim
922 1719 1049 1767 sumere
1069 1716 1178 1785 grata,
1194 1717 1231 1767 ut
1242 1701 1385 1782 dicitur,

218 1833 315 1878 manu
335 1810 472 1876 stolidae
492 1831 593 1893 prope
612 1810 750 1876 dixerim
772 1812 994 1878 contumaciae
1017 1827 1077 1879 est.
1101 1813 1213 1899 Quare
1230 1814 1385 1879 credibile

219 1941 269 1990 est
296 1924 422 1989 nullum
446 1920 516 1987 fore
541 1913 656 2004 quiin
680 1942 716 1988 ea
748 1921 908 1988 sententia
942 1923 1117 2006 persistat,
1142 1940 1180 1990 ut
1203 1926 1385 2006 possessio-

218 2054 290 2100 nem
311 2035 395 2098 hanc
413 2031 533 2099 refutet
553 2047 653 2114 atque
670 2031 815 2115 reiiciat,
836 2047 894 2098 aut
910 2033 938 2098 si
958 2034 1016 2115 qui
1036 2048 1154 2116 erunt,
1175 2055 1231 2101 eos
1252 2035 1386 2103 futuros

219 2166 236 2212 a
265 2146 386 2228 quibus
417 2145 599 2226 exemplum
633 2143 717 2208 nolit
746 2163 871 2209 sumere
895 2145 995 2210 homo
1016 2159 1102 2210 recte
1127 2165 1202 2229 erga
1224 2146 1333 2211 Deum
1353 2162 1385 2211 et

218 2256 354 2340 patriam
378 2255 549 2321 animatus.
595 2235 682 2319 Sunt
704 2254 814 2333 enim,
838 2269 917 2319 sunt
937 2252 1088 2337 profecto
1113 2255 1225 2322 Batavi
1248 2258 1331 2322 hanc
1353 2257 1387 2322 in

220 2383 343 2452 partem
381 2365 543 2448 lenioreS,
582 2365 674 2447 quod
711 2385 729 2429 a
758 2363 889 2430 civibus
922 2365 1060 2431 hostiles
1092 2365 1254 2432 interdum
1289 2389 1387 2434 voces

220 2479 359 2546 audiunt
391 2493 423 2542 et
452 2477 631 2559 patiuntur.
677 2477 761 2542 Rem
790 2495 867 2543 sane
896 2475 1091 2558 dolendam,
1121 2499 1159 2543 eo
1181 2477 1386 2561 impunitatis

220 2590 397 2656 deventum
420 2607 509 2669 esse,
528 2606 567 2654 ut
588 2588 656 2652 sint
678 2588 736 2669 qui
756 2589 877 2672 jactare
909 2588 1048 2654 audeant
1076 2588 1246 2656 Lusitanis
1275 2590 1384 2656 omnia

219 2701 340 2781 licere,
372 2699 451 2782 ipsis
483 2698 579 2764 nihil.
625 2698 759 2784 Quibus
783 2717 843 2782 ego
864 2701 959 2784 pejus
978 2698 1062 2765 nihil
1085 2701 1190 2766 habeo
1213 2702 1305 2783 quod
1327 2701 1388 2766 im·

220 2832 354 2894 precer,
379 2830 475 2892 quam
497 2825 535 2875 ut
556 2812 647 2876 salvo
671 2809 807 2892 imperio
827 2825 859 2874 et
871 2810 1037 2893 republica
1050 2809 1206 2876 incolumi
1228 2811 1261 2876 in
1274 2833 1386 2878 eorum

221 2941 336 2988 manus
356 2921 554 3000 deveniant,
588 2920 710 3002 quibus
733 2934 904 3003 tantopere
927 2919 1050 2986 favent.
1097 2921 1162 2986 Sed
1182 2921 1238 2987 illa
1260 2923 1385 2990 vanilo-

222 3033 356 3116 quentia
373 3052 432 3099 seu
450 3033 610 3098 malevola
630 3031 742 3114 potius
764 3050 880 3096 causae
899 3031 1050 3114 publicae
1061 3031 1253 3098 detrectatio
1274 3035 1385 3118 legum

220 3145 332 3228 paenis
354 3160 386 3209 et
403 3132 593 3228 diligentiae
611 3142 859 3226 magistratuum
879 3141 1094 3223 relinquatur.
1117 3143 1227 3208 Nobis
1247 3161 1389 3212 errantes

119 3251 121 3254 ’
221 3257 415 3323 instruxisse
435 3254 514 3320 satis
538 3268 597 3319 est.
643 3253 711 3338 Qui
732 3251 834 3338 igitur
854 3255 982 3319 lucrum
1006 3273 1156 3320 recusare
1179 3255 1389 3338 potuissent,

222 3369 298 3451 quia
322 3389 356 3435 se
377 3367 469 3432 aliter
489 3365 637 3450 justitiae
660 3379 692 3430 et
715 3363 931 3430 conscientiae
953 3385 1019 3429 non
1040 3365 1274 3433 arbitrarentur
1296 3370 1390 3437 satis·

220 3478 387 3558 facturos,
410 3479 472 3543 hos
487 3477 522 3541 'si
548 3497 613 3557 qua
634 3475 741 3556 ratio,
761 3476 788 3542 si
811 3497 875 3558 qua
897 3475 1055 3544 movisset
1076 3478 1275 3560 auctoritas,
1295 3501 1391 3566 argu-

222 3605 331 3657 menta
353 3607 386 3655 et
408 3588 616 3669 testimonia,
641 3587 780 3669 quaein
803 3588 905 3670 prima
927 3587 1129 3654 tractationis
1146 3605 1238 3671 parte
1251 3591 1390 3658 adducta

222 3716 322 3781 sunt,
346 3700 467 3765 efficere
490 3713 670 3782 potuerunt
693 3698 866 3764 doctiores.
890 3697 973 3764 Esse
995 3697 1090 3763 etiam
1112 3699 1200 3764 hunc
1219 3716 1390 3781 quaestum

223 3811 490 3879 honestissimum
522 3809 648 3876 homiui
679 3829 744 3875 non
777 3808 933 3892 pertinaci
958 3808 1036 3873 satis
1059 3829 1251 3890 persuasum
1276 3831 1315 3876 ex
1337 3833 1392 3878 su-

146 3993 149 3997 ,
222 3923 407 4008 perioribus
438 3937 532 4004 puto.
587 3922 639 3986 Ac
670 3921 698 3986 si
734 3919 791 4001 qui
824 3932 901 3984 sunt
933 3919 991 4000 qui
1025 3920 1237 4002 praecipuum
1272 3923 1392 3988 habent

222 4035 375 4102 utilitatis
398 4049 608 4117 respectum,
632 4032 666 4097 hi
700 4031 781 4114 quid
802 4029 933 4113 possint
954 4045 1067 4095 contra
1096 4031 1246 4112 praedam
1276 4033 1391 4098 obten-

223 4147 299 4212 dere
318 4147 497 4212 videamus.
530 4146 651 4228 Neque
679 4143 763 4208 enim
785 4141 869 4207 illud
890 4140 988 4206 credo
1012 4140 1098 4206 dicet
1118 4140 1170 4206 hic
1193 4143 1390 4227 quisquam,

223 4260 306 4323 male
337 4273 427 4341 parta
470 4260 552 4324 male
586 4256 709 4336 dilabi,
755 4274 814 4320 nec
850 4251 1015 4318 transferri
1049 4252 1089 4317 ad
1121 4267 1268 4334 posteros
1301 4259 1391 4337 quod

261 4491 267 4524 ¹
286 4493 329 4540 lib.
349 4506 371 4548 3.
389 4495 420 4540 31.
440 4506 462 4548 3.
483 4493 534 4553 [vs.
554 4493 606 4552 an]
