3536 5692
393 667 456 730 290
684 669 731 715 DE
754 669 848 735 JURE
874 668 1057 714 PRAEDAE.
1083 669 1162 715 CAP.
1188 668 1267 715 XIII.

392 821 459 887 vim
488 835 521 886 et
541 843 628 888 arma
648 822 846 906 processuri.
894 823 1128 888 Verumtamen
1165 822 1413 905 qualescunque
1444 826 1566 907 accepti

395 947 473 997 sunt
494 932 663 1013 codicilli,
688 953 743 1000 eos
767 933 893 999 etiamsi
913 935 1061 1001 abessent
1084 950 1209 1002 caetera
1238 934 1466 1000 auctoritatem
1488 936 1566 1003 huic

396 1040 484 1108 facto
505 1059 688 1127 praestare,
714 1045 905 1111 tentandum
926 1060 988 1112 est.
1034 1046 1136 1113 Dedit
1166 1062 1272 1112 autem
1292 1045 1464 1112 codicillos
1488 1047 1569 1114 alios

395 1154 562 1237 praefecto
592 1156 696 1222 totius
727 1157 839 1223 classis
871 1157 1130 1240 Hemskerckio,
1154 1158 1237 1224 alios
1268 1158 1320 1223 his
1344 1158 1401 1240 qui
1428 1159 1569 1224 navibus

397 1265 537 1350 singulis
561 1283 730 1350 praeerant
752 1269 908 1352 Princeps
931 1269 986 1334 ille
1009 1290 1083 1335 cum
1112 1289 1251 1354 genere,
1281 1283 1351 1334 tum
1375 1271 1473 1336 rebus
1496 1290 1513 1335 a
1534 1291 1568 1337 se

400 1378 499 1462 gestis
529 1379 713 1461 maximus,
749 1380 807 1463 qui
840 1400 913 1446 cum
939 1380 1101 1446 Ordinum
1120 1383 1216 1466 jussu
1237 1399 1399 1446 summum
1423 1382 1570 1448 obtineat

400 1490 477 1556 belli
499 1489 671 1574 imperium
691 1506 775 1556 terra
796 1491 964 1574 marique,
988 1494 1104 1575 procul
1124 1493 1226 1559 dubio
1236 1493 1392 1576 juxtaea,
1413 1513 1496 1574 quae
1509 1513 1569 1558 nos

237 1619 302 1718 impp
312 1616 383 1716 pipp.
397 1600 475 1670 alibi
508 1602 824 1685 demonstravimus,
848 1603 926 1669 belli
957 1604 1131 1670 mandandi
1151 1606 1207 1690 jus
1235 1604 1364 1669 habuit.
1413 1604 1569 1670 Codicilli

238 1726 278 1772 W·
376 1704 669 1780 'Hemskerckiani
702 1729 816 1781 vetant
838 1735 911 1780 curn
936 1735 1102 1798 quoquam
1135 1735 1249 1782 manus
1272 1714 1468 1798 praefectum
1489 1737 1570 1782 con-

397 1843 521 1904 serere,
545 1825 609 1891 nisi
633 1829 839 1910 compulsum
864 1827 1007 1911 injuria,
1033 1827 1096 1892 sibi
1126 1827 1237 1894 suisve
1261 1842 1318 1894 aut
1338 1805 1478 1894 navibus
1499 1827 1570 1894 suis

396 1936 509 2003 inferri
530 1952 662 2004 tentata.
687 1939 789 2026 Quod
809 1938 836 2003 si
860 1939 1007 2020 accidat,
1030 1959 1097 2004 non
1120 1939 1321 2023 permittitur
1341 1953 1487 2020 tantum,
1511 1960 1570 2004 ve-

396 2069 467 2114 rum
493 2049 588 2116 etiam
607 2051 743 2134 jubetur
765 2051 894 2117 cunctis
914 2051 1011 2116 rebus
1032 2051 1101 2132 uti,
1126 2071 1207 2134 quas
1227 2066 1284 2118 aut
1295 2051 1335 2117 ad
1347 2049 1569 2117 defensionem

396 2160 449 2226 sui
472 2181 673 2244 suorumque
694 2182 893 2244 suarumque
915 2163 1068 2244 navium,
1093 2177 1150 2264 aut
1173 2163 1214 2228 ad
1234 2163 1370 2247 injuriae
1393 2161 1570 2244 reparatio-

396 2291 469 2338 nem
491 2273 686 2339 necessarias
707 2294 775 2340 esse
797 2274 965 2359 intelligit.
989 2276 1038 2340 Ita
1054 2291 1092 2340 ut
1112 2276 1140 2340 si
1154 2295 1239 2357 quos
1251 2289 1366 2340 nactus
1379 2274 1412 2341 in
1424 2289 1569 2356 potesta-

396 2398 461 2450 tem
485 2383 585 2451 fuerit
616 2405 748 2466 eorum,
773 2385 832 2468 qui
851 2406 885 2450 se
907 2386 1058 2452 inimicos
1089 2385 1316 2466 ostenderint,
1340 2401 1396 2453 aut
1423 2386 1570 2468 Principi

398 2515 454 2562 eos
484 2495 618 2575 offerat,
643 2511 700 2561 aut
723 2497 768 2561 ita
791 2497 830 2561 de
861 2497 926 2564 illis
949 2512 1094 2578 statuat,
1118 2497 1168 2564 uti
1193 2497 1343 2581 expedire
1376 2511 1408 2562 et
1430 2497 1569 2580 tempori

397 2607 572 2673 convenire
603 2608 817 2674 existimabit.
862 2608 940 2674 Vim
964 2610 1050 2675 enirn
1078 2611 1113 2676 vi
1137 2630 1303 2693 opponere
1326 2630 1400 2675 cum
1422 2609 1569 2676 omnium

398 2720 544 2804 gentium
566 2720 639 2803 jure
667 2719 787 2800 liceat,
811 2720 875 2786 sibi
899 2741 1031 2804 quoque
1054 2723 1210 2805 Princeps
1234 2722 1279 2786 ait
1307 2702 1433 2806 justum
1457 2735 1489 2785 et
1509 2722 1570 2786 ho-

388 2846 525 2896 nestum
550 2831 667 2898 videri.
713 2832 751 2897 In
773 2831 959 2914 praefectos
979 2849 1086 2900 autem
1110 2833 1243 2900 navium
1265 2832 1570 2918 singularumcodi-

265 2962 338 3008 nara
361 2963 383 3010 a.
398 2942 482 3007 cillis
501 2943 740 3026 principalibus
761 2943 929 3011 confertur
940 2960 1086 3028 potestas
1098 2945 1258 3028 capitanei
1271 2944 1340 3010 sive
1351 2943 1569 3024 centurionis,

237 3017 383 3119 illidii·
398 3053 561 3136 simulque
584 3055 770 3122 mandatum
801 3057 919 3138 datur,
944 3077 1029 3140 quos
1057 3057 1166 3123 visum
1198 3056 1259 3122 erit
1285 3071 1401 3122 nautas
1432 3058 1570 3141 allegere

398 3181 431 3231 et
451 3165 609 3232 officiales
631 3167 708 3234 navi
728 3188 935 3252 praeponere.
957 3169 1123 3253 Jubentur
1146 3168 1263 3235 deinde
1275 3168 1373 3234 armis
1386 3168 1568 3249 abstInere,

397 3277 461 3342 nisi
493 3277 577 3346 forte
600 3279 628 3345 si
652 3279 727 3362 quis
757 3281 923 3346 hostiliter
953 3280 1042 3363 ipsos
1064 3280 1272 3366 navigatione
1298 3295 1355 3345 aut
1375 3279 1569 3346 commercio

397 3391 572 3471 prohibere
603 3407 751 3458 conetur.
797 3393 835 3457 Id
859 3393 944 3458 enim
969 3393 995 3461 si
1024 3393 1081 3458 liat
1103 3393 1236 3458 omnino
1258 3393 1416 3477 jubentur
1438 3410 1569 3474 operam

397 3501 495 3583 dare,
519 3517 557 3568 ut
580 3523 636 3569 eos
661 3503 719 3585 qui
742 3522 776 3568 se
797 3503 962 3570 hostiliter
986 3503 1145 3588 gesserint
1167 3504 1201 3568 in
1225 3523 1314 3570 suam
1340 3503 1487 3598 redigant
1508 3523 1569 3585 po·

396 3627 568 3694 testatem,
592 3615 637 3679 ita
658 3629 764 3680 tamen
788 3631 826 3681 ut
847 3616 930 3682 bona
954 3637 1037 3698 quae
1057 3636 1096 3680 eo
1116 3616 1214 3681 modo
1227 3615 1392 3699 ceperint,
1413 3614 1447 3681 in
1460 3614 1570 3681 foede-

395 3739 479 3790 ratas
512 3725 664 3810 regiones
696 3727 840 3792 conferre
874 3728 1035 3807 debeant,
1070 3746 1137 3809 quo
1167 3727 1374 3811 ajudicibus
1398 3726 1570 3792 maritimis

395 3839 467 3922 eJ'us
498 3838 588 3920 loci,
613 3838 646 3902 in
678 3859 776 3920 quem
812 3860 863 3905 res
887 3839 1092 3919 inferentur,
1116 3839 1251 3921 praedae
1276 3838 1489 3919 addicantur,
1513 3853 1571 3903 aut

395 3950 510 4032 aliter,
534 3950 584 4015 uti
608 3951 795 4034 oportebit,
819 3952 864 4017 ita
885 3951 956 4018 fiat.
1003 3950 1157 4033 Denique
1190 3965 1227 4016 ut
1259 3970 1355 4016 omne
1387 3951 1422 4016 id
1451 3949 1571 4015 saciant

395 4063 487 4143 quod
509 4062 712 4129 centurionis
735 4062 860 4129 navalis
877 4061 1026 4128 officium
1052 4077 1110 4130 est.
1147 4062 1233 4128 Cum
1252 4063 1405 4144 Princeps
1424 4061 1459 4126 id
1474 4077 1569 4126 omne

394 4173 570 4257 concedit,
600 4174 691 4254 quod
714 4174 754 4239 ad
775 4173 911 4259 injurias
934 4175 1126 4258 reparandas
1145 4173 1362 4240 necessarium
1375 4187 1444 4255 est,
1470 4172 1570 4254 idque

395 4285 501 4367 ipsum
523 4287 565 4352 ad
582 4287 637 4371 jus
659 4285 805 4370 gentium
825 4285 949 4366 refert,
972 4305 1039 4352 non
1062 4286 1125 4351 hoc
1146 4300 1273 4352 tantum
1286 4285 1470 4369 permittere
1484 4283 1571 4350 exis·

394 4396 560 4464 timandus
585 4413 657 4479 est,
681 4412 719 4462 ut
741 4417 780 4464 ex
802 4397 844 4462 iis
866 4412 1080 4481 reparentur,
1105 4398 1163 4480 qui
1180 4397 1243 4481 ipsi
1266 4397 1403 4482 injurias
1423 4395 1572 4462 fecerunt

395 4509 452 4575 sed
475 4530 514 4575 ex
536 4510 712 4591 omnibus,
737 4510 796 4594 qui
819 4510 859 4576 ad
883 4528 936 4576 eas
961 4511 1152 4594 reparandas
1175 4512 1250 4593 jure
1274 4508 1420 4594 gentium
1434 4507 1571 4592 obligati
