3552 5654
391 641 430 701 82
689 651 736 700 uu
759 650 852 718 June
879 649 1060 698 trasone.
1086 653 1165 700 car.
1189 653 1254 700 vrr.

387 811 511 894 iustum
536 825 607 874 csse
630 805 722 889 quod
744 805 930 888 imperetur.
966 805 1011 872 Et
1034 826 1230 889 quamquam
1252 807 1304 874 his
1326 809 1456 876 casibus
1475 831 1564 876 error

390 907 509 1004 aliquis
541 917 574 986 in
606 917 731 984 ratione
763 917 917 998 accedat,
950 917 978 983 is
1009 933 1116 984 tamen
1151 918 1289 984 actionis
1309 920 1471 1004 justitiam
1494 942 1561 989 non

389 1030 506 1111 vitiat,
540 1049 613 1094 cum
643 1043 682 1094 ut
702 1029 888 1094 scholastici
909 1035 918 1069 ¹
939 1029 1163 1110 tradiderunt,
1185 1031 1340 1098 voluntas
1361 1032 1562 1099 conveniens

390 1141 508 1207 erranti
540 1139 658 1206 rationi
688 1139 722 1204 in
755 1139 807 1206 his
838 1140 967 1206 demum
999 1143 1081 1206 mala
1111 1140 1178 1222 sit,
1212 1162 1296 1225 quae
1314 1142 1397 1208 scire
1421 1158 1560 1210 tenetur.

390 1253 519 1319 Multae
541 1267 649 1318 autem
672 1265 749 1316 sunt
780 1250 940 1317 bellorum
960 1253 1068 1336 justae
1091 1271 1229 1333 causae,
1253 1272 1336 1334 quas
1354 1255 1456 1338 vulgo
1477 1255 1561 1321 indi-

390 1363 455 1430 cari
487 1383 553 1429 non
586 1362 717 1446 expedit
735 1367 766 1427 ¹:
798 1381 906 1444 neque
935 1377 1066 1445 oportet
1093 1363 1257 1446 privatum
1280 1364 1445 1432 hominem
1468 1366 1502 1430 in
1525 1386 1562 1431 ea

390 1495 424 1541 re
447 1495 518 1541 esse
539 1473 717 1550 curiosum.
760 1473 844 1540 Nam
867 1475 895 1540 si
914 1475 1080 1542 cunctatio
1098 1467 1364 1559 permitteretur,
1388 1477 1466 1542 dum
1485 1497 1562 1544 cau-

390 1605 457 1652 sam
480 1585 602 1670 singuli
627 1585 867 1667 examinarent,
901 1600 1046 1671 tempora
1076 1587 1246 1654 resistendi
1271 1587 1421 1654 nostibus
1444 1588 1562 1671 prode-

391 1713 514 1764 rentur.
536 1698 651 1762 Potest
672 1699 738 1762 huc
760 1696 893 1764 referri:
917 1699 951 1762 Is
972 1697 1130 1764 damnem
1149 1698 1233 1779 dar,
1256 1702 1316 1784 qui
1336 1699 1436 1784 jubet
1464 1699 1561 1764 dare.

392 1809 480 1893 Ejus
501 1826 577 1876 uero
597 1807 694 1874 nulla
711 1807 810 1895 culpa
831 1822 902 1889 ert,
921 1811 979 1874 cui
990 1823 1117 1895 parere
1132 1830 1255 1875 necesse
1273 1823 1320 1876 est
1341 1813 1366 1876 ⁸.
1418 1810 1464 1876 Et
1484 1811 1563 1874 alte-

391 1939 463 1984 rum
484 1920 515 1983 ⁴:
549 1918 655 1985 Liber
682 1919 773 1984 homo
801 1923 830 1985 si
843 1921 945 2005 jussu
967 1919 1111 1985 alterius
1133 1941 1236 1986 manu
1258 1922 1424 2006 injuriam
1446 1919 1562 2000 dedit,

391 2033 480 2095 actio
510 2049 583 2094 cum
616 2052 650 2094 eu
681 2043 727 2094 est
762 2031 822 2114 qui
844 2029 976 2114 jussit,
1007 2030 1038 2092 si
1068 2027 1160 2094 modo
1182 2030 1244 2115 jus
1271 2028 1460 2114 imperandi
1474 2028 1562 2114 fuit.

394 2139 540 2214 Quodsi
562 2161 625 2206 nora
645 2141 786 2223 habuit,
818 2160 891 2204 curn
915 2161 948 2205 eo
971 2139 1134 2226 agendum
1157 2153 1205 2206 est
1236 2144 1296 2225 qui
1319 2138 1416 2224 fecit.
1462 2137 1564 2225 Quod

391 2251 545 2336 applicari
567 2266 678 2334 potest
700 2250 883 2336 Augustini
906 2253 919 2288 ⁸
940 2249 1069 2316 verbis:
1094 2263 1132 2314 ur
1152 2250 1366 2336 nihiljustus
1382 2254 1564 2337 praecipue

390 2367 534 2450 cogitet,
567 2365 634 2428 nisi
654 2377 692 2428 ut
714 2362 834 2428 bellum
857 2365 1041 2447 suscipiat,
1072 2364 1128 2426 cui
1150 2361 1276 2427 bellare
1286 2359 1350 2447 sas
1370 2373 1428 2426 est.
1474 2359 1562 2426 Scite

390 2473 491 2557 igitur
512 2473 762 2538 Panormitanus
780 2470 792 2507 ⁸
813 2471 1006 2539 sententiam
1029 2470 1218 2538 Hostiensis
1238 2486 1351 2537 contra
1373 2471 1494 2538 bellum
1517 2471 1563 2537 ita

391 2583 580 2668 restringit,
612 2598 650 2649 ut
680 2583 842 2666 praesumi
873 2582 962 2649 dicat
989 2584 1116 2668 justum
1149 2601 1219 2648 esse
1251 2582 1395 2662 bellum,
1430 2583 1562 2664 quoda

390 2694 558 2778 superiore
579 2709 740 2778 potestate
763 2693 923 2762 indictum
945 2710 1012 2761 est:
1044 2712 1104 2760 nec
1125 2693 1181 2759 ille
1203 2695 1295 2760 solus
1316 2693 1375 2759 sed
1396 2711 1507 2760 omnes
1530 2707 1563 2758 et

390 2805 537 2890 theologi
568 2822 600 2872 et
628 2805 712 2891 juris
744 2805 918 2889 utriusque
947 2801 1180 2890 professores²
1203 2804 1238 2870 irr
1267 2825 1306 2870 eo
1329 2803 1561 2884 consentiunt,

391 2917 566 2996 subditos,
586 2915 850 2999 quotiescunque
869 2917 916 2982 sic
943 2915 1085 2998 accidit,
1102 2918 1190 3000 juste
1209 2934 1353 3000 pugnare
1376 2935 1436 2982 nec
1455 2913 1562 2982 caedis

247 3053 322 3116 confr.
336 3051 377 3096 rr.
391 3045 461 3092 esse
480 3026 581 3092 ullius
604 3045 686 3092 reos.
731 3027 807 3093 Hoc
827 3041 933 3092 autem
953 3026 1039 3092 idem
1059 3041 1108 3092 est
1127 3047 1163 3093 ac
1180 3025 1209 3094 si
1227 3025 1332 3094 dicas:
1354 3027 1493 3115 Jusrum
1514 3038 1562 3090 ert

245 3117 315 3151 ‘'⁷⁸¹“
336 3105 377 3151 ’γ’
390 3136 511 3203 bellurn
532 3135 672 3202 subditis
692 3141 728 3202 in
747 3158 818 3218 eos,
842 3157 921 3222 quos
943 3141 1129 3224 superiores
1151 3136 1233 3203 bello
1252 3140 1325 3222 peti
1335 3137 1479 3222 jubent,
1502 3156 1561 3200 ra·

391 3251 478 3312 tione
495 3247 667 3335 probabili
693 3247 902 3314 subditorum
925 3269 989 3312 non
1017 3260 1233 3333 repugnante.
1279 3247 1430 3314 Difficilis
1451 3247 1506 3312 illa
1529 3260 1561 3311 et

391 3357 509 3442 agitata
542 3360 681 3424 multum
710 3359 883 3441 quaestio,
917 3357 1065 3441 possitne
1096 3358 1218 3424 bellum
1251 3357 1417 3440 utrimque
1434 3359 1560 3443 justum
1614 3427 1624 3450 .

391 3485 461 3536 esse
481 3472 514 3548 ⁸,
545 3487 585 3532 ex
614 3467 665 3533 his
687 3488 770 3551 quae
790 3468 972 3536 dictasunt
991 3467 1145 3552 explicari
1166 3483 1286 3551 potest.
1332 3469 1417 3534 Nam
1437 3483 1561 3533 caetera

391 3598 475 3661 quae
493 3578 534 3644 ad
549 3578 709 3663 justitiam
727 3579 962 3662 requiruntur,
985 3593 1065 3663 puta
1083 3578 1259 3648 auctoritas
1279 3594 1312 3646 et
1330 3579 1470 3650 bellandi
1490 3597 1560 3643 mo-

424 3823 541 3872 ¹Th0m
567 3839 588 3874 1.
613 3839 636 3874 2.
661 3839 686 3887 q.
712 3839 750 3888 19.
773 3838 819 3875 art.
841 3827 865 3875 6.
899 3823 994 3875 'Vico
1018 3840 1043 3874 n.
1066 3839 1106 3884 31.
1124 3825 1205 3884 cajet.
1224 3827 1250 3875 in
1267 3830 1359 3876 summ.
1375 3837 1447 3887 pecc.
1464 3827 1561 3874 Bellum

390 3915 503 3964 dubium.
535 3913 546 3947 ³
570 3918 587 3964 l.
610 3915 633 3965 is
656 3919 781 3966 damnum.
804 3917 830 3966 ff.
854 3919 885 3966 de
906 3931 957 3978 reg.
980 3915 1029 3974 jur·
1053 3917 1097 3980 [D.
1116 3918 1298 3980 so.17.169.]
1332 3915 1378 3965 ⁴l.
1395 3917 1461 3965 liber
1475 3919 1562 3965 horno.

389 4005 415 4053 ff.
431 4007 462 4055 ad
479 4008 496 4054 l.
514 4006 601 4067 Aquil.
625 4008 669 4069 [D.
684 4022 708 4070 9·
727 4021 750 4056 2·
769 4009 821 4069 sa]
841 4010 915 4057 Adde
934 4009 974 4056 Gl.
991 3991 1018 4055 in
1035 4011 1052 4056 l.
1067 4021 1120 4056 non
1138 4007 1247 4058 videtur.
1265 4011 1287 4066 ς.
1303 4008 1348 4068 qui
1365 4006 1444 4064 iussu.
1461 4009 1493 4056 de
1510 4020 1562 4067 reg.

388 4094 437 4152 jur.
462 4096 506 4157 [D.
525 4109 564 4152 50.
591 4109 629 4154 17.
656 4098 710 4155 167.
733 4101 757 4156 ξ.
783 4098 817 4159 1.]
852 4097 937 4159 ‘sup
955 4100 1042 4161 Josue.
1060 4100 1077 4147 l.
1094 4099 1118 4146 6.
1136 4113 1161 4158 q.
1182 4112 1220 4146 1ο.
1237 4097 1329 4147 citatur
1347 4088 1416 4146 in'c.
1436 4097 1562 4146 dominus.

391 4187 477 4247 [Decr.
497 4187 565 4234 Grat.
583 4200 609 4247 p.
628 4200 651 4234 2.
669 4200 710 4245 2³·
728 4202 751 4237 a.
768 4190 803 4250 2.]
839 4187 895 4236 ⁸in
912 4203 935 4236 c.
949 4189 1023 4238 sicut.
1041 4191 1073 4237 de
1087 4187 1193 4246 jurejur.
1209 4203 1234 4237 n.
1253 4202 1291 4246 rs.
1317 4190 1456 4251 [Decretal.
1476 4201 1499 4236 r.
1521 4201 1561 4248 24.

390 4275 443 4339 ao]
461 4278 534 4324 Host.
548 4279 579 4326 cle
598 4275 661 4333 iuris
671 4291 726 4326 can.
741 4292 764 4326 c.
786 4293 807 4326 1.
830 4280 903 4328 Adde
925 4279 987 4328 silv.
1006 4280 1032 4328 in
1040 4294 1065 4328 v.
1074 4281 1181 4327 Bellum.
1201 4293 1222 4328 1.
1238 4293 1262 4327 n.
1278 4291 1302 4340 4.
1321 4290 1345 4327 et
1365 4291 1387 4334 5.
1423 4275 1517 4326 ⁷Vict.
1536 4291 1562 4326 n.

390 4377 428 4420 25·
446 4376 470 4413 et
489 4379 529 4422 ³1·
547 4367 602 4414 inn.
620 4367 647 4415 in
666 4381 689 4416 c.
707 4371 778 4428 quod
792 4381 877 4430 super.
896 4371 927 4418 de
947 4382 1020 4418 voto.
1039 4370 1178 4432 [Decretal.
1198 4383 1221 4428 ³·
1235 4381 1275 4431 34.
1293 4370 1329 4430 8.]
1348 4372 1428 4418 Castr.
1446 4371 1478 4417 ad
1493 4370 1510 4416 l.
1528 4381 1560 4416 ex

348 4489 361 4506 c
387 4458 438 4503 hoc
450 4453 513 4512 iure.
531 4459 562 4505 de
579 4455 640 4514 just.
657 4470 681 4507 et
699 4457 762 4515 jure.
779 4459 822 4522 [D.
838 4473 859 4508 1.
875 4473 896 4510 1.
910 4461 946 4522 5.]
963 4473 988 4510 n.
1001 4475 1025 4522 9.
1041 4461 1129 4521 Ayala.
1147 4463 1164 4509 1.
1182 4475 1202 4508 1.
1220 4474 1243 4508 c.
1260 4473 1282 4508 2.
1292 4473 1317 4508 n.
1327 4472 1369 4517 31.
1401 4457 1560 4508 ⁸V.l²iccol.

388 4545 449 4592 bell.
468 4545 539 4594 civil.
557 4547 621 4595 Phil.
640 4562 680 4596 21.
