3546 5654
522 647 568 692 DE
593 646 685 709 JURE
712 645 894 691 Pannona.
920 644 998 690 CAP.
1024 643 1087 688 XII.
1324 641 1385 703 259

147 887 150 894 Ι
209 807 310 870 multa
330 805 431 869 classe
451 802 536 867 circa
558 802 739 867 Malaccam
758 819 846 865 nunc
870 799 963 863 etiam
986 798 1145 875 haerens,
1169 796 1202 862 in
1224 796 1385 862 mandatis

210 917 309 981 habet
340 930 492 980 externos
516 933 628 979 omnes
647 926 840 977 mercatores
869 909 1016 990 undique
1043 922 1198 974 evertere.
1244 906 1383 972 Publico

211 1025 353 1108 denique
385 1025 524 1091 consilio
554 1022 669 1091 Batavi
692 1021 842 1088 homines
866 1019 987 1102 captivi
1012 1020 1223 1098 detinentur,
1246 1018 1384 1083 mittun-

209 1153 265 1202 tur
293 1137 326 1200 in
350 1135 587 1201 Lusitaniam·
610 1135 724 1198 Altera
751 1152 848 1198 causa
878 1131 956 1196 belli
991 1146 1060 1210 est,
1095 1129 1172 1210 quia
1200 1129 1384 1211 respublica

212 1247 445 1313 Lusitanorum
477 1245 511 1310 in
541 1245 689 1330 singulos
717 1243 897 1309 Lusitanos
920 1241 963 1306 ob
994 1261 1053 1321 ea,
1078 1239 1218 1322 quaein
1244 1240 1383 1305 Batavos

211 1357 435 1438 admiserunt,
469 1375 536 1421 non
568 1353 820 1435 animadvertit,
852 1352 933 1434 quin
967 1351 1063 1417 etiam
1085 1366 1196 1417 sontes
1218 1366 1331 1417 tuetur
1352 1365 1385 1416 et

211 1487 349 1551 poenam
381 1467 527 1550 impedit.
573 1467 738 1530 Damnant
766 1484 833 1530 uno
866 1480 922 1529 ore
957 1462 1185 1547 jurisconsulti
1214 1461 1223 1496 ¹
1254 1483 1384 1545 rempu-

212 1579 329 1644 blicam
354 1598 420 1643 non
451 1592 578 1643 tantum
602 1595 685 1659 quae
705 1575 868 1660 justitiam
893 1575 1053 1658 denegat,
1077 1573 1135 1638 sed
1156 1588 1189 1637 et
1208 1593 1276 1637 eam
1300 1594 1384 1655 quae

211 1689 372 1774 negligit,
396 1688 455 1755 ubi
478 1688 605 1754 scilicet
627 1686 766 1771 injuriae
787 1700 819 1750 et
840 1683 1031 1751 manifestae
1056 1699 1088 1750 et
1111 1683 1288 1749 continuae
1311 1683 1385 1749 fue-

212 1814 312 1879 runt,
336 1798 438 1882 inque
461 1818 560 1864 manu
582 1797 783 1879 reipublicae
807 1814 861 1861 eas
882 1795 1017 1879 injurias
1041 1814 1148 1860 arcere
1177 1808 1234 1860 aut
1256 1796 1383 1877 punire.

211 1907 281 1974 Ubi
311 1908 375 1973 hoc
405 1909 513 1973 locum
543 1905 699 1985 habebit,
724 1904 751 1969 si
780 1904 835 1970 hic
856 1925 922 1971 non
943 1906 1067 1971 habet?
1092 1904 1234 1992 Quoties
1259 1906 1343 1972 enim
1368 1928 1385 1972 a

214 2018 384 2084 Lusitanis
408 2017 521 2084 Batavi
549 2016 686 2082 summis
709 2016 818 2082 affecti
839 2030 917 2081 sunt
940 2016 1098 2099 injuriis?
1123 2017 1256 2083 Semel?
1289 2017 1386 2084 Nihil

214 2131 278 2195 hoc
311 2146 369 2196 est.
414 2129 561 2194 Decies?
593 2129 783 2210 Perparum.
832 2127 994 2194 Centies?
1028 2129 1108 2194 Non
1140 2129 1274 2195 accedit.
1315 2131 1386 2197 Imo

213 2241 480 2322 quotiescunque
503 2240 571 2304 ulla
594 2237 822 2304 malefaciendi
843 2238 972 2304 occasio
989 2237 1075 2319 fuit,
1101 2239 1202 2321 idque
1221 2239 1385 2307 non'clam

213 2352 271 2418 sed
291 2353 419 2433 palam,
443 2349 554 2415 sedin
577 2352 681 2414 totius
703 2342 814 2414 Indiae
831 2363 1035 2431 conspectu,
1053 2364 1160 2431 terra,
1183 2351 1272 2416 mari.
1294 2351 1386 2438 Quid

214 2462 315 2547 igitur
334 2460 420 2543 fuit,
445 2460 622 2542 quominus
635 2459 750 2526 talium
763 2458 945 2526 facinorum
960 2461 1153 2527 auctoribus
1166 2461 1387 2546 irrogarentur

215 2571 400 2655 supplicia,
424 2573 536 2638 saltem
555 2570 696 2636 nocendi
719 2569 855 2637 facultas
874 2571 1095 2654 adimeretur,
1119 2572 1182 2638 nisi
1205 2574 1296 2655 quod
1318 2593 1387 2639 om·

215 2682 306 2748 nium
331 2682 441 2747 eadem
472 2700 587 2761 mens,
612 2681 696 2746 illud
716 2680 833 2764 populi
857 2680 961 2748 totius
985 2681 1184 2764 consilium,
1209 2684 1263 2749 illa
1285 2684 1386 2750 Lusi·

214 2809 365 2860 ranorum
387 2807 555 2874 quotquot
574 2807 653 2857 sunt
676 2792 835 2858 sententia
860 2806 931 2874 est,
955 2792 1116 2859 neminem
1137 2809 1305 2860 externum
1317 2796 1385 2878 pati

215 2905 256 2970 ad
286 2923 339 2970 eas
368 2919 468 2968 terras
492 2901 670 2968 accedere?
706 2902 737 2968 T
740 2902 821 2968 ertio
845 2906 919 2969 loco
947 2904 1119 2987 subjacent
1149 2906 1235 2970 bello
1259 2907 1384 2972 subditi

216 3017 288 3100 ejus
310 3014 532 3097 reipublicae,
557 3035 640 3096 quae
661 3015 797 3079 docetur
817 3014 968 3098 injuriam
993 3015 1135 3097 fecisse,
1160 3017 1223 3082 hoc
1245 3033 1295 3083 est
1316 3017 1387 3084 Lu-

215 3127 312 3192 sitani
345 3125 489 3210 singuli,
514 3138 651 3208 excepto
675 3126 821 3204 nemine,
847 3147 920 3191 curn
945 3126 1022 3208 quia
1045 3127 1276 3210 rempublicam
1300 3129 1386 3195 tueri

216 3233 403 3322 coguntur,
426 3251 496 3302 tum
527 3236 605 3318 quia
633 3235 754 3302 factum
783 3237 981 3320 reipublicae
1005 3239 1044 3304 ad
1066 3239 1214 3322 singulos
1234 3240 1386 3322 pertinet.

217 3348 401 3435 Augustini
422 3351 434 3388 ²
456 3348 555 3414 verba
576 3368 643 3414 non
672 3347 794 3414 frustra
826 3350 892 3414 huc
923 3351 1060 3432 aptabo:
1092 3349 1204 3416 Aliud
1232 3351 1391 3437 estquod

216 3465 252 3526 in
270 3462 391 3547 populo
413 3466 550 3548 quisque
573 3462 671 3527 habet
689 3474 862 3546 peccatum
879 3465 1084 3547 proprium,
1098 3462 1388 3548 aliudquodcom-

217 3594 337 3654 mune,
373 3573 461 3659 quod
483 3595 546 3639 uno
570 3577 681 3637 animo
700 3569 743 3654 fit
767 3586 799 3638 et
822 3594 890 3636 unn
919 3573 1116 3655 uoluntate,
1149 3595 1222 3638 cum
1255 3573 1390 3658 aliquid

217 3683 434 3751 multitudine
457 3698 654 3769 comparata
677 3688 913 3750 committitur.
939 3683 1005 3747 Ubi
1026 3688 1177 3751 uniuersi
1196 3684 1244 3747 ibi
1267 3698 1299 3747 et
1322 3688 1389 3748 sin-

215 3794 312 3881 guli,
346 3817 409 3858 non
438 3808 546 3859 nutem
572 3795 628 3857 ubi
651 3795 778 3880 singuli
800 3796 848 3859 ibi
868 3799 1023 3859 continuo
1048 3799 1207 3863 uniuersi.
1254 3796 1389 3881 Singul‘

218 3911 303 3972 enim
327 3927 391 3971 esse
409 3919 548 3991 possunt
569 3908 638 3970 sine
660 3909 836 3986 uniuerso,
861 3909 1011 3972 uniuersi
1035 3920 1144 3971 nutem
1170 3928 1233 3970 non
1251 3920 1388 3992 possunt

219 4022 285 4083 nisi
318 4040 359 4083 ex
393 4016 534 4105 singulis
558 4016 740 4101 quibusque
762 4029 927 4080 constare.
986 4017 1079 4082 Nam
1112 4017 1238 4102 singuli
1268 4019 1390 4102 quique

253 4273 1388 4337 lstmwmafflefflsoemmmsmdlffimffstmamm

220 4364 1392 4430 fflwdwmmwffimfflmmffimmmfflfflfflm

219 4455 825 4516 laemunmmmlmmqm.

1157 4549 1171 4576 *r

1115 4567 1166 4626 17⁹
