3546 5654
520 671 567 716 DE
591 670 683 737 JURE
710 669 891 715 PRAEDAE.
918 671 996 716 CAP.
1023 669 1087 716 xil.
1328 671 1389 732 229
1412 681 1414 685 '

219 823 310 888 tiisse
334 837 494 906 testatur,
519 844 592 890 cum
617 824 695 889 olim
722 824 837 908 paucis
860 823 1000 890 navibus
1023 823 1057 890 id
1080 825 1265 890 auderetur.
1311 823 1391 888 Inde

219 955 334 1018 magna
356 937 481 1019 populo
506 936 656 1000 Romano
679 935 864 1020 vectigalia.
916 935 1022 1000 Addit
1044 935 1171 1001 Plinius
1196 942 1204 974 ¹
1230 932 1392 1016 impositis

218 1045 461 1129 sagittariorum
485 1045 679 1111 cohortibus
702 1045 877 1127 piratarum
898 1061 987 1111 metu
999 1047 1204 1132 navigatum,
1224 1047 1393 1126 solamque

218 1156 343 1222 Indiam
379 1156 587 1240 quingenties
623 1157 832 1237 sestertium,
866 1156 894 1222 si
929 1157 1086 1223 Arabiam
1117 1157 1215 1224 addas
1243 1171 1275 1222 et
1298 1155 1393 1220 Seres

218 1267 356 1348 millies,
381 1267 473 1331 annis
502 1266 655 1333 omnibus
686 1269 838 1334 Romano
871 1255 1009 1350 imperio
1033 1269 1191 1336 ademisse
1215 1284 1247 1334 et
1269 1285 1392 1332 merces

218 1378 440 1460 centuplicato
477 1377 637 1444 venditas.
684 1378 730 1444 Et
760 1379 840 1444 haec
864 1360 997 1462 quidem
1021 1394 1131 1446 vetera
1153 1379 1231 1446 satis
1253 1392 1394 1463 arguunt

219 1488 342 1570 primos
365 1507 432 1554 non
455 1487 558 1555 fuisse
580 1489 769 1556 Lusitanos.
814 1491 851 1554 In
874 1489 1015 1574 singulis
1038 1506 1146 1556 autem
1170 1491 1221 1557 sui
1244 1489 1394 1573 partibus

221 1619 364 1664 oceanus
395 1599 450 1665 ille
484 1614 516 1665 et
538 1615 639 1682 tunc,
664 1621 738 1666 cum
761 1600 913 1667 Lusitani
947 1601 1084 1686 ingressi
1116 1618 1216 1686 sunt,
1245 1616 1277 1666 et
1298 1619 1393 1666 num·

221 1730 318 1790 quam
341 1730 407 1777 non
430 1710 583 1794 cognitus
601 1709 677 1777 fuit.
714 1711 826 1776 Mauri
850 1711 935 1778 enim
959 1727 991 1776 et
1014 1713 1221 1796 Aethiopes,
1244 1711 1394 1790 Arabes,

221 1821 362 1902 Persae,
397 1821 470 1888 Indi
505 1842 572 1887 eam
607 1821 703 1888 maris
738 1838 880 1905 partem,
915 1825 1013 1908 cujus
1044 1823 1108 1906 ipsi
1135 1825 1263 1889 accolae
1292 1837 1393 1904 sunt,

220 1932 343 1997 nescire
366 1933 555 2016 neutiquam
587 1948 782 2016 potuerunt.
829 1933 1042 2000 Mentiuntur
1066 1955 1143 2019 ergo
1168 1935 1284 2016 quise
1308 1953 1394 1998 mare

219 2043 303 2109 illud
323 2044 487 2111 invenisse
504 2047 638 2129 jactant.
683 2045 777 2133 Quid
797 2045 918 2130 igitur,
944 2047 1030 2112 dicet
1049 2046 1191 2128 aliquis,
1215 2067 1394 2129 parvumne

222 2155 377 2237 videtur,
402 2156 495 2239 quod
517 2155 670 2222 Lusitani
694 2156 909 2223 intermissam
933 2157 1048 2223 multis
1069 2157 1153 2223 forte
1176 2159 1316 2224 saeculis
1338 2179 1394 2222 na-

220 2266 420 2350 vigationem
453 2266 550 2349 primi
582 2282 774 2350 repararunt
804 2282 857 2349 et,
891 2269 983 2350 quod
1014 2269 1124 2352 negari
1158 2288 1224 2334 non
1259 2283 1393 2350 potest,

220 2377 403 2459 Europaeis
437 2376 591 2462 gentibus
623 2377 767 2461 ignotam
800 2379 1016 2444 ostenderunt
1037 2399 1154 2463 magno
1178 2399 1238 2446 suo
1262 2381 1394 2459 labore,

220 2501 353 2567 sumtu,
388 2488 564 2570 periculo?
611 2487 680 2553 Imo
716 2507 817 2567 vero,
851 2487 879 2552 si
912 2488 945 2555 in
981 2491 1044 2554 hoc
1078 2490 1323 2573 incubuerunt,
1358 2506 1395 2556 ut

222 2598 314 2679 quod
344 2598 407 2664 soli
439 2598 637 2681 reperissent
668 2599 821 2664 omuibus
854 2584 1095 2683 monstrarent,
1129 2601 1204 2683 quis
1238 2603 1317 2667 adeo
1346 2617 1395 2668 est

221 2728 353 2789 amens,
378 2709 435 2791 qui
459 2729 526 2774 non
550 2709 728 2791 plurimum
752 2729 786 2774 se
810 2708 876 2777 illis
900 2711 1018 2776 debere
1040 2711 1262 2794 profiteatur?
1297 2713 1395 2777 Eam·

220 2820 294 2884 dem
329 2819 413 2885 enim
450 2820 584 2904 gratiam
625 2820 821 2902 laudemque
858 2835 890 2886 et
925 2822 1058 2906 gloriam
1096 2824 1307 2888 immortalem
1347 2823 1395 2889 illi

221 2931 481 3012 promeruerint,
516 2952 581 3012 qua
609 2951 723 2998 omnes
746 2933 894 2997 contenti
917 2931 1053 3000 fuerunt
1076 2954 1184 2999 rerum
1207 2955 1395 3018 magnarum

220 3041 430 3122 inventores,
463 3057 632 3124 quotquot
664 3042 792 3108 scilicet
825 3044 1002 3125 nonsibi,
1038 3045 1096 3110 sed
1118 3047 1263 3111 humano
1287 3046 1396 3130 generi

219 3153 374 3235 prodesse
396 3154 604 3220 studuerunt.
651 3153 709 3218 Sin
733 3154 904 3220 Lusitanis
926 3177 1008 3222 suus
1027 3171 1101 3222 ante
1112 3160 1229 3224 oculos
1240 3173 1396 3241 quaestus

220 3263 309 3344 fuit,
341 3267 469 3330 lucrum
504 3265 596 3347 quod
631 3285 759 3348 semper
792 3257 969 3332 maximum
1003 3283 1052 3334 est
1086 3269 1119 3333 in
1153 3271 1396 3351 praevertendis

220 3375 500 3458 negotiationibus
524 3376 590 3443 illis
610 3377 759 3444 sufficere
779 3378 905 3444 debuit.
953 3380 998 3445 Et
1017 3379 1138 3446 scimus
1158 3381 1275 3447 itinera
1293 3383 1396 3464 prima

221 3503 401 3569 proventus
433 3489 596 3554 interdum
628 3503 744 3571 quater
767 3490 926 3573 decuplos
949 3491 1125 3557 autetiam
1150 3493 1316 3558 uberiores
1342 3495 1397 3560 de-

222 3598 327 3684 disse:
360 3599 481 3681 quibus
513 3597 659 3680 iactum,
693 3615 731 3665 ut
763 3601 859 3684 inops
892 3602 959 3668 diu.
978 3605 1123 3686 populus
1148 3603 1189 3668 ad
1211 3605 1396 3686 repentinas

223 3709 354 3775 divitias
386 3710 498 3776 subito
529 3726 757 3794 prorumperet
788 3727 881 3777 tanto
914 3715 1012 3778 luxus
1046 3729 1223 3796 apparatu,
1254 3731 1396 3796 quantus

221 3821 279 3886 vix
310 3820 505 3885 beatissimis
541 3822 694 3904 gentibus
717 3822 751 3887 in
775 3841 927 3904 supremo
951 3844 1140 3908 progressae
1164 3825 1221 3890 diu
1244 3825 1396 3892 fortunae
1495 3837 1505 3846 “

222 3930 352 4016 fastigio
385 3930 458 3996 fuit.
506 3931 541 3996 Si
573 3952 652 3997 vcro
688 3932 792 3998 eidem
828 3934 861 3997 in
893 3934 957 3999 hoc
978 3935 1212 4017 praeiverunt,
1242 3957 1283 4002 ne
1305 3939 1396 4019 quis-

222 4064 319 4124 quam
352 4057 564 4123 sequeretur,
599 4042 733 4126 gratiam
766 4062 833 4108 non
863 4061 1028 4110 merentur
1051 4067 1126 4112 curn
1148 4049 1274 4112 lucrum
1300 4067 1395 4114 suum

223 4154 445 4237 respexerint3
481 4156 607 4219 lucrum
644 4169 752 4220 autem
785 4175 881 4221 suurn
915 4157 1021 4222 dicere
1044 4177 1109 4224 non
1133 4173 1295 4241 possunt,
1320 4180 1395 4224 cum

224 4265 362 4348 eripiant
385 4265 536 4331 alienum.
584 4263 705 4348 Neque
729 4266 814 4332 cuim
835 4267 919 4333 illud
937 4285 1062 4334 certum
1084 4285 1153 4350 est,
1176 4270 1238 4336 nisi
1259 4270 1395 4338 ivissent

234 4416 420 4430 ——w

260 4499 266 4530 ¹
286 4502 345 4548 loco
365 4501 443 4552 citato
462 4516 486 4552 et
505 4508 521 4552 l.
543 4519 581 4554 12.
600 4521 622 4555 c.
644 4521 682 4569 19.
