3552 5654
425 755 444 782 x
526 698 574 745 DE
597 698 690 765 Junn
715 700 896 747 PRAEDAE·
920 701 1002 748 CAP.
1025 700 1109 748 vlu.
1356 699 1417 766 105

246 871 286 916 ex
308 849 394 917 facto
415 850 497 918 civis
518 859 550 936 ¹,
573 873 640 920 non
663 853 796 936 quidem
817 853 1031 939 simpliciter,
1054 853 1113 920 sed
1135 854 1164 920 si
1184 853 1254 938 ipsa
1273 855 1330 940 J'us
1349 874 1417 921 non
1526 861 1532 874 '

244 962 374 1042 reddat3
406 963 451 1030 ita
480 964 565 1032 enim
597 964 687 1032 litem
717 963 798 1032 facit
825 985 936 1032 suam:
968 980 1103 1032 namet
1136 980 1241 1032 ratum
1264 967 1417 1034 habendo

245 1092 311 1140 non
351 1074 460 1142 minus
494 1095 592 1158 quain
626 1076 809 1144 mandando
844 1077 1027 1162 obligamur
1061 1076 1086 1143 ¹.
1137 1078 1214 1165 Qua
1246 1076 1287 1143 de
1320 1097 1417 1149 causa
1450 1066 1453 1074 ¹

245 1183 380 1269 Scyrios
401 1186 480 1254 olim
503 1188 544 1253 ab
574 1187 878 1272 Amphictyonibus
904 1189 1071 1256 damnatos
1101 1187 1241 1273 legimus
1261 1198 1297 1270 ⁸,
1331 1208 1417 1271 quo·

244 1317 318 1363 runi
339 1298 492 1366 nonnulli
512 1298 645 1384 impune
664 1299 833 1383 piraticam
853 1314 1077 1366 exercuerant.
1101 1299 1173 1364 Hae
1194 1299 1290 1366 etiam
1308 1298 1417 1384 specie

245 1407 363 1476 civitas
390 1429 456 1477 non
483 1411 589 1478 alieno
620 1431 659 1477 ex
691 1409 780 1477 facto
803 1410 995 1495 simpliciter
1016 1410 1202 1495 obligatur,
1224 1430 1299 1476 curn
1319 1430 1416 1477 suunt

245 1521 398 1602 accedat,
421 1540 488 1588 non
510 1522 608 1589 modo
632 1522 710 1605 quia
729 1522 784 1608 jus
807 1542 905 1589 suurn
927 1521 1085 1605 consequi
1106 1524 1243 1588 alterum
1262 1520 1416 1605 impedit,

247 1651 359 1698 ιοιιιιιι
392 1632 486 1700 etiarn
519 1633 596 1716 quia
625 1647 738 1718 peccat
770 1633 926 1702 adversus
959 1631 1102 1699 officium
1135 1650 1231 1698 suurn
1261 1651 1301 1698 ex
1330 1652 1417 1701 nona

245 1745 380 1828 regula,
405 1763 489 1826 quae
520 1744 662 1813 externis
688 1764 755 1810 non
786 1744 895 1812 minus
918 1764 1015 1828 quarn
1038 1743 1169 1810 civibus
1186 1742 1310 1828 judicia
1327 1745 1418 1828 justa
1525 1773 1539 1795 ·

244 1852 408 1920 reddenda
433 1854 568 1922 indicat.
616 1856 754 1922 Certum
777 1870 890 1922 autem
917 1871 967 1922 est
998 1875 1072 1922 eunt
1096 1855 1153 1938 qui
1173 1874 1240 1922 non
1263 1855 1418 1938 prohibet

244 1963 299 2048 id,
324 1966 416 2048 quod
441 1966 617 2049 prohibere
642 1981 675 2031 et
702 1981 813 2050 potest
840 1981 880 2032 etw
904 1967 1024 2049 debet,
1058 1965 1100 2032 ad
1119 1966 1154 2032 id
1174 1966 1265 2049 quod
1284 1965 1418 2034 interest

244 2075 358 2144 teneri.
402 2077 450 2144 Et
478 2079 542 2145 hoc
569 2097 644 2145 cum
674 2077 708 2144 in
737 2076 857 2144 debitis
885 2077 1021 2144 caeteris
1052 2091 1175 2143 tumet
1197 2075 1230 2143 in
1252 2078 1417 2162 poenariis

243 2188 352 2256 locum
374 2189 483 2256 habet.
528 2189 608 2276 Quo
627 2203 661 2255 et
681 2188 851 2256 Hesiodus
873 2189 887 2230 ⁴
909 2187 1064 2273 respicit:

389 2301 518 2371 πολλάκι
540 2302 592 2370 nal
613 2302 762 2383 ξύμποιοοι
783 2301 868 2376 πόλις
890 2305 982 2369 κοινοῦ
1003 2303 1100 2383 iiviris
1121 2301 1253 2382 ἕποιωρεῖ.

397 2409 501 2496 Saepe
524 2408 591 2475 luit
608 2409 751 2497 populus
769 2423 893 2496 poenas
917 2412 1016 2474 unius
1039 2411 1163 2495 iniqui.

284 2519 388 2608 Quod
417 2520 545 2606 egregie
576 2519 712 2587 Procius
744 2519 902 2604 explicat:
933 2525 970 2596 ύς
988 2523 1050 2602 ἐξὸν
1067 2523 1187 2590 κωλύειν
1203 2525 1249 2605 μὴ
1264 2525 1416 2594 κωλύουσαι

240 2635 294 2712 τὴν
314 2638 366 2702 τοῦ
387 2633 446 2708 ἐνὸς
469 2633 620 2715 πονηρίαν,
643 2634 726 2716 quia
745 2634 867 2700 ciuitas
886 2652 960 2696 cum
984 2631 1164 2717 prohibere
1185 2635 1292 2717 possit
1315 2637 1415 2700 unius

244 2742 413 2808 malitiam
432 2761 497 2806 non
512 2741 694 2827 prohibet,
718 2739 874 2822 additque
895 2742 1041 2824 exempla
1061 2741 1151 2824 duo,
1174 2743 1310 2808 alterum
1331 2743 1416 2811 illud

242 2853 336 2936 quod
357 2868 389 2918 et
412 2850 572 2919 Horatius
588 2850 759 2948 annotavit
777 2871 817 2918 ex
833 2850 931 2917 initio
950 2850 1072 2918 Iliados
1091 2851 1132 2918 de
1149 2853 1414 2938 Agamemnone,

240 2965 378 3031 alterum
400 2983 480 3031 vero
503 2962 543 3029 de
564 2961 765 3029 Graecorum
786 2961 888 3028 classe
911 2976 1026 3029 exusta
1045 2965 1080 3026 ⁸:

261 3153 263 3158 ,
438 3074 546 3140 Unius
574 3075 610 3140 ob
631 3095 753 3140 noxam
775 3087 807 3140 ct
828 3074 950 3159 furias
978 3070 1097 3160 Διἰιοιί
1124 3072 1225 3141 Oilei.

283 3185 373 3274 Quia
401 3185 528 3252 scilicet
556 3187 701 3269 populus
730 3203 797 3252 non
820 3183 1077 3268 demonstrarat,
1108 3183 1241 3270 indigne
1266 3205 1301 3252 se
1330 3184 1415 3254 ferre

240 3297 370 3364 illorum
393 3296 527 3382 flagitia.
562 3295 651 3362 Hinc
674 3296 888 3380 expiationes.
922 3295 988 3363 Sed
1008 3315 1071 3364 nos
1090 3296 1191 3364 sacris
1211 3296 1245 3362 in
1266 3297 1413 3365 litteris·

240 3423 428 3494 argumenta
455 3408 613 3476 habentus
637 3408 812 3474 admodum
835 3407 976 3474 illustria
1001 3407 1075 3474 Deo
1105 3409 1169 3474 hoe
1202 3409 1353 3492 placete,
1376 3425 1415 3477 ut

240 3520 401 3605 impunita
423 3519 629 3606 singulorum
649 3534 782 3604 peccata
800 3539 819 3585 a
838 3521 962 3603 populo
981 3521 1123 3588 luuntur.
1154 3517 1329 3586 Rationem
1341 3521 1413 3588 red-

238 3631 290 3698 dit
308 3631 481 3716 Agapetus
501 3640 513 3680 ³
532 3630 567 3697 in
586 3631 795 3698 Paraenetico
816 3632 857 3697 ad
872 3630 1114 3716 Justinianum:
1135 3634 1193 3701 ἴσον
1210 3636 1250 3716 τῷ
1271 3650 1414 3716 snagga-

238 3755 300 3812 λεῖν
318 3748 351 3812 τὸ
373 3747 416 3826 μὴ
438 3745 556 3811 κωλύειν
575 3747 641 3818 τοὺς
661 3748 909 3826 πλημμελοῦντος
937 3745 1063 3828 λογίζου.
1094 3743 1149 3812 κᾶν
1174 3743 1234 3825 γάρ
1262 3769 1306 3818 τις
1332 3762 1414 3812 πολι-

184 3911 188 3916 .
238 3857 357 3934 τεύντοοι
385 3857 440 3936 μὲν
465 3855 621 3935 iniimus,
643 3856 785 3936 οένὲχνιτοιι
805 3855 835 3921 δὲ
853 3856 989 3934 βιούντων
1016 3855 1164 3935 iiiam,
1196 3854 1329 3936 ούνεογος
1356 3863 1414 3922 τῶν

237 4089 436 4104 W

271 4221 330 4272 ¹v.
348 4223 415 4270 Bart.
438 4221 471 4269 de
494 4231 602 4280 repress.
624 4232 649 4280 q.
666 4232 691 4281 4.
708 4232 735 4268 n.
755 4229 794 4276 rs.
828 4216 879 4268 ¹c.
896 4218 1023 4268 dominus.
1042 4218 1128 4281 [Dect.
1146 4217 1214 4267 Grae.
1231 4233 1259 4278 p.
1277 4229 1300 4267 ο.
1320 4230 1361 4275 aa.
1387 4231 1411 4267 a.

237 4312 273 4377 a]
293 4315 400 4362 covarr.
417 4311 443 4360 in
460 4325 512 4373 reg.
529 4325 602 4372 pecc.
624 4325 650 4359 n.
676 4324 716 4359 ιο.
733 4310 825 4359 Thoan.
843 4324 867 4359 ο.
885 4323 908 4358 a.
927 4324 952 4370 q.
970 4310 1011 4359 62.
1028 4322 1074 4358 art.
1091 4321 1116 4367 7.
1134 4309 1160 4358 in
1177 4321 1244 4370 resp.
1261 4308 1323 4358 Silv.
1340 4308 1367 4358 ln
1384 4324 1411 4358 v.

236 4402 386 4452 Restitutio.
411 4415 435 4460 3.
459 4403 480 4464 §a
504 4403 528 4452 6.
551 4404 698 4452 secundum.
721 4414 746 4450 et
770 4401 820 4450 ibic
847 4413 872 4450 et
890 4412 994 4452 octavo.
1011 4402 1088 4450 Mart.
1106 4401 1183 4450 Laud.
1200 4414 1225 4460 q.
1245 4401 1284 4449 ri.
1317 4397 1412 4448 ³Plut.

237 4492 302 4540 Cim.
330 4494 368 4558 [p.
393 4497 451 4555 483.
476 4493 502 4542 b.
528 4493 566 4557 c.]
600 4491 612 4526 ⁴
639 4491 702 4558 [op.
728 4505 753 4542 et
780 4495 812 4542 D.
836 4507 875 4543 vs.
903 4491 973 4557 240.]
1008 4491 1106 4553 ‘Virg
1124 4494 1189 4542 Aen.
1207 4493 1224 4560 l.
1244 4504 1265 4540 ι.
1285 4490 1336 4554 [vs.
1352 4486 1411 4556 qn]

235 4581 247 4614 ⁸
265 4583 341 4631 Num.
359 4594 399 4640 35.
417 4596 457 4642 ss.
474 4597 498 4634 et
509 4597 550 4646 ³4·
583 4583 594 4622 ⁷
613 4586 753 4647 [edParis.
771 4599 793 4634 a.
813 4586 885 4646 1624.
902 4599 928 4646 p.
946 4585 1005 4643 ³⁶7·
1023 4583 1058 4648 c.]
1195 4651 1218 4682 ἱ
