3530 5656
576 659 623 712 ou
646 657 740 732 'June
765 653 951 713 suintino»
974 652 1059 713 oin.
1085 655 1111 711 i.
1402 655 1423 730 ,3

253 821 376 904 quibus
406 822 448 888 ad
468 829 566 886 omne
585 818 715 886 facinus
735 819 864 886 'animus
884 811 1061 887 oecaii'uitt
1094 819 1140 885 ita
1164 827 1272 884 tomen
1294 827 1332 884 u't
1353 822 1424 885 esse

250 933 357 1016 possit
389 945 421 998 et
447 929 627 1016 quiddam
649 931 679 998 si
700 931 746 996 ita
766 931 968 1014 loquendum
992 937 1064 1014 est,
1098 939 1246 997 tenerum
1269 929 1366 997 'nimis
1385 950 1423 996 ac

250 1043 449 1127 delicatum,
484 1042 576 1127 quod
595 1044 692 1108 teitus
714 1041 809 1107 etiam
832 1042 954 1124 quibus
975 1042 1108 1108 minime
1130 1053 1261 1126 oportet
1283 1040 1423 1108 offendis

249 1169 315 1222 tur.
362 1155 428 1221 Sed
450 1153 591 1221 nefanda
608 1154 690 1238 justi
711 1167 746 1218 'et
768 1153 863 1236 aequi
885 1153 1093 1220 irreverentia
1114 1163 1189 1220 tuin
1209 1163 1344 1220 naturae
1361 1155 1423 1220 hn-

249 1286 361 1332 manae
395 1275 577 1351 repugnet,
607 1265 685 1333 satis
715 1279 774 1332 sua
802 1256 1009 1349 turpitudine
1039 1273 1253 1330 monstratur!
1286 1265 1422 1328 alterum

249 1377 334 1443 illud
363 1377 506 1460 vitium,
529 1377 621 1460 quod
650 1377 685 1443 in
715 1375 944 1460 exsuperantia
967 1376 1111 1460 positum
1139 1387 1211 1453 θεῖ,
1235 1375 1299 1440 hoc
1320 1375 1423 1460 magis

249 1487 357 1554 caveri
384 1488 505 1570 debet,
540 1488 617 1572 quia
637 1483 736 1554 nuliis
757 1488 888 1572 proprie
912 1488 1000 1554 notis
1020 1487 1213 1572 insignitum
1236 1485 1332 1552 focile
1354 1487 1423 1553 vir·-

250 1598 332 1665 tutis
354 1599 495 1682 speciem
516 1598 625 1665 induit
646 1615 745 1683 atque
767 1615 802 1666 ea
824 1592 964 1686 imagine
987 1593 1103 1666 animis
1125 1598 1251 1682 irrepita
1286 1598 1361 1665 Hoc
1384 1598 1423 1665 ii-

250 1710 308 1778 lud
330 1725 403 1792 ent,
428 1711 518 1794 quod
538 1711 641 1777 veteri
662 1712 764 1778 verbo
788 1711 910 1779 dicitur
932 1707 1050 1796 nodum
1068 1716 1104 1776 in
1125 1713 1231 1796 stirpe
1252 1717 1423 1796 quaerere.

293 1821 444 1888 Medium
466 1821 621 1905 quiddam
642 1837 692 1888 est
710 1822 837 1907 justitia
859 1827 882 1888 ¹.
930 1823 1058 1888 Malum
1082 1833 1132 1888 ost
1155 1819 1307 1906 iniuriam
1337 1819 1424 1887 iaet-

250 1952 306 2011 re‚
330 1933 387 1999 sed
409 1937 441 1997 et
463 1934 532 2015 peti
555 1934 676 1999 malum
698 1947 765 1999 est:
782 1927 866 2000 iilud
886 1933 1020 2016 quidem
1041 1932 1194 2018 grauius,
1229 1932 1288 1998 sed
1308 1933 1424 1998 eahae

252 2045 317 2108 tale
339 2057 378 2109 ut
398 2043 513 2110 merito
532 2043 725 2129 fugiendum
747 2045 801 2112 siti
845 2045 970 2112 Verum
995 2045 1073 2128 quia
1093 2043 1301 2128 frequentius
1324 2043 1358 2110 in
1379 2045 1425 2108 al-

251 2170 350 2220 teram
368 2169 491 2238 partem
513 2154 730 2240 impingitur,
764 2157 837 2223 ideo
860 2165 940 2224 tura
958 2156 1091 2222 alterius
1115 2149 1211 2222 nobis
1235 2154 1424 2240 diligentius

250 2265 395 2350 praecipi
427 2269 536 2349 solet,
571 2267 665 2349 quasi
697 2268 738 2334 ad
769 2268 872 2335 nostri
905 2277 1014 2334 curam
1041 2266 1119 2334 satis
1140 2280 1255 2332 natura
1274 2263 1424 2342 feramur.

257 2377 433 2443 Caeterum
461 2377 590 2461 sapiens
613 2397 720 2460 neque
741 2398 776 2446 se
798 2379 1016 2463 permittit,
1048 2387 1155 2461 neque
1178 2377 1425 2444 commoditates

252 2508 330 2556 suas
361 2489 523 2572 negligit,
558 2503 596 2555 ut
628 2488 748 2571 quibus
783 2509 879 2556 nemo
911 2490 1034 2558 rectius
1051 2503 1164 2555 utatur
1184 2485 1206 2554 'a
1252 2489 1363 2576 Quare
1394 2499 1427 2554 et

253 2598 404 2683 injuriam
425 2605 573 2674 ornnem,
597 2613 756 2682 quatenus
782 2601 837 2685 jus
860 2599 975 2686 fasque
994 2615 1063 2680 est,
1087 2620 1106 2665 a
1128 2619 1163 2667 se
1183 2599 1390 2683 propulsabit
1402 2603 1425 2666 ’a

253 2709 372 2774 Aberit
400 2709 501 2794 igitur
531 2730 548 2774 a
577 2710 650 2777 viro
677 2711 765 2776 bono
796 2715 955 2794 paruerim,
980 2715 1151 2796 minusque
1173 2725 1272 2796 qaam
1286 2725 1358 2796 par
1378 2725 1425 2775 est

252 2821 316 2885 sibi
343 2819 515 2886 tribuendi
540 2819 682 2908 affectius
727 2821 816 2888 Haec
840 2821 910 2904 ipsa
930 2836 1062 2904 tamen,
1090 2819 1247 2903 quamdiu
1271 2821 1424 2887 damnum

254 2931 324 3014 ejus
356 2950 455 3013 penes
474 2948 571 3013 quern
601 2941 688 2998 error
716 2947 853 3000 estnon
876 2933 1059 3018 egreditur,
1083 2930 1182 2998 rideri
1204 2932 1307 3016 magis
1327 2953 1424 3015 quam

252 3041 377 3125 culpari
400 3045 506 3124 solet,
524 3063 583 3108 nae
602 3058 668 3110 tam
689 3044 850 3130 injustitia
870 3051 966 3126 quein
991 3043 1132 3112 stultitia
1150 3043 1282 3110 diciturr
1328 3043 1424 3110 Arsi

253 3151 383 3234 quando
420 3153 546 3235 privata
584 3157 712 3240 jactura
743 3175 914 3222 commune
943 3155 1126 3239 periculum
1158 3174 1270 3222 secum
1302 3155 1424 3240 trehit,

252 3278 321 3329 tum
343 3283 424 3330 vero
444 3265 479 3331 vi
500 3266 589 3332 omni
610 3281 725 3334 contra
744 3267 915 3334 nitendum
941 3282 1014 3350 est,
1036 3287 1076 3332 ne
1092 3265 1172 3334 falsa
1195 3265 1318 3332 civium
1350 3279 1424 3350 pere

214 3361 221 3368 ’
252 3375 404 3442 suasione
424 3375 548 3442 bonum
567 3378 738 3460 publicum
759 3385 996 3462 corrumpatur.
1027 3377 1122 3444 Talis
1142 3377 1273 3445 illorum
1296 3378 1425 3462 ignavia

253 3485 342 3566 fuit,
373 3487 431 3571 qui
454 3487 611 3573 religione
632 3489 742 3573 aliqua
764 3490 912 3573 impediti
936 3490 1113 3574 quominus
1135 3493 1340 3574 pugnarent,
1376 3507 1425 3556 res

253 3613 329 3664 suas
351 3598 503 3665 hostibus
525 3601 750 3684 prodiderunt
782 3601 1153 3687 Judaeorurnsabbate⁴
1176 3616 1209 3666 et
1221 3601 1425 3668 Graecorum

253 3711 347 3775 lunas
359 3711 370 3744 ⁵
381 3711 535 3779 novimus
553 3727 586 3777 et
597 3712 625 3780 si
637 3712 695 3796 qui
706 3712 761 3778 aiii
773 3712 927 3780 nonsatis
939 3713 1107 3780 heroicum
1119 3710 1425 3779 illud⁰teriueruntz

382 3822 422 3899 rie
445 3827 534 3900 viavit
554 3825 666 3908 ἄριστος
688 3828 853 3908 audentior
874 3829 936 3910 περὶ
959 3828 1082 3910 πάτρης.

316 3925 317 3928 '
380 3933 450 3998 Nil
470 3936 646 4021 augustius
670 3946 732 4013 est,
752 3937 907 4020 patriam
931 3954 1030 4020 quam
1054 3935 1175 4001 Marte
1197 3939 1298 4002 toiri

254 4112 446 4126 ’.ια-..ι

289 4215 296 4247 ¹
315 4215 393 4265 Arist.
412 4218 444 4266 de
466 4229 530 4265 nor.
555 4218 587 4266 ad
604 4217 706 4267 Nitonn
724 4221 741 4267 ι.
761 4230 783 4276 5.
799 4226 822 4268 t.
843 4226 868 4282 9.
884 4217 922 4283 [p.
950 4231 1023 4277 trani
1051 4233 1073 4268 ε.
1091 4229 1129 4269 vs.
1148 4219 1200 4285 soa]
1219 4232 1243 4270 et
1265 4221 1327 4271 ibid.-
1339 4235 1362 4270 c.
1388 4231 1428 4278 rs.

257 4303 294 4368 [p.
306 4308 377 4363 rrss.
390 4316 411 4355 r.
422 4317 460 4356 vs.
475 4305 528 4371 ts]
566 4301 578 4342 Ι
594 4303 672 4358 Arist.
690 4301 751 4358 ibid.
768 4313 785 4358 1.
803 4323 827 4372 9.
843 4323 866 4359 c.
883 4317 909 4372 4.
926 4316 950 4358 et
969 4312 992 4358 82
1012 4308 1048 4373 [p.
1062 4310 1134 4360 1166.
1146 4319 1168 4360 r.
1183 4317 1221 4361 us
1232 4317 1272 4361 ro.
1282 4321 1307 4361 et
1316 4319 1342 4374 p·
1355 4313 1426 4375 tr6'9.

226 4395 228 4400 ’
258 4395 468 4460 1.vs.17·]etde
485 4407 539 4458 rep.
557 4400 574 4446 1.
593 4413 616 4447 a.
634 4409 655 4448 t.
676 4407 699 4456 s.
719 4399 758 4464 [p.
779 4401 850 4459 12'63.
872 4411 895 4450 r.
912 4413 950 4451 vr.
962 4399 1014 4464 sn]
1051 4400 1063 4434 ³
1081 4401 1158 4450 Arist.
1169 4404 1201 4451 de
1210 4409 1273 4452 mor.
1283 4406 1315 4453 ad
1323 4403 1426 4453 Nicoma

255 4490 272 4534 1.
291 4497 314 4542 a.
333 4499 355 4535 c.
377 4499 414 4536 ra.
432 4486 469 4550 [pt
488 4489 559 4546 115⁶·
573 4495 596 4538 t.
614 4503 653 4541 vt.
665 4489 719 4556 ¹⁹⁵]
753 4491 765 4524 ⁴
781 4485 885 4554 joseph.
903 4489 920 4540 i.
941 4501 979 4553 14.
1001 4503 1024 4540 t.
1043 4495 1065 4542 8.
1103 4493 1113 4526 ⁵
1130 4494 1225 4543 Herod.
1243 4487 1297 4543 iada
1307 4487 1343 4558 [t.
1356 4490 1425 4559 rade]

253 4576 357 4625 Lucian.
379 4579 475 4626 Astrol.
495 4576 547 4642 [ed.
567 4581 648 4630 Bekir.
665 4584 720 4632 vol.
738 4597 761 4632 a.
778 4597 803 4644 p.
824 4596 881 4645 apo.
899 4583 912 4644 §
930 4581 984 4648 ns]
1018 4581 1121 4632 ‘Hom
1139 4585 1169 4632 il.
1186 4581 1215 4648 [1.
1237 4591 1278 4635 rsa
1295 4587 1335 4636 tis.
1354 4584 1424 4649 tris]

1265 4695 1279 4740 1
1290 4675 1308 4718 Ψ
