3536 5692
506 681 551 725 ore
576 681 668 747 June
695 681 878 726 annuunt.
904 649 983 727 c'nr.
1009 679 1084 726 er.
1318 679 1380 743 307

207 837 279 900 labe
311 833 503 917 aspergitur.
550 835 655 916 Atqui
687 835 770 900 nihil
801 849 850 900 est
871 833 1025 916 facilius,
1050 855 1146 917 quam
1172 835 1233 899 ista
1257 834 1379 900 discer-

207 967 305 1025 nere,
339 945 366 1012 si
399 945 440 1010 ad
469 945 550 1030 iusti
576 948 705 1028 regulas
728 967 827 1030 supra
850 947 1007 1027 traditas,
1041 967 1125 1028 quae
1151 967 1224 1012 cum
1248 945 1378 1012 honesti

208 1057 329 1142 regulis
361 1072 570 1140 congruunt,
610 1058 834 1141 respiciamus.
889 1058 1033 1122 Primum
1066 1059 1150 1124 enim
1184 1058 1378 1124 inhonestus

208 1183 257 1233 est
289 1183 445 1250 quaestus
479 1190 615 1250 eorum,
650 1170 707 1251 qui
738 1171 865 1252 privata
888 1190 985 1235 manu
1009 1171 1098 1235 nulla
1122 1191 1218 1236 causa
1242 1185 1377 1254 urgente

207 1281 289 1345 alios
322 1281 527 1363 despoliant,
562 1301 646 1362 quos
680 1281 712 1346 in
747 1282 827 1345 mari
851 1281 972 1363 piratas
996 1281 1145 1346 dicimus.
1192 1282 1320 1347 Deinde
1346 1297 1378 1347 et

206 1393 361 1474 illorum,
387 1393 445 1474 qui
467 1395 557 1458 nulla
580 1393 724 1477 legitima
748 1394 786 1458 de
809 1412 907 1458 causa
929 1407 1121 1475 potestatem
1145 1393 1223 1458 belli
1246 1393 1377 1475 publice

208 1505 338 1589 gerendi
373 1519 554 1587 usurpant,
588 1505 675 1570 sicut
707 1504 880 1570 memoriae
912 1505 1077 1587 proditum
1110 1520 1160 1570 est
1188 1520 1274 1572 totas
1298 1506 1376 1570 olim

208 1631 344 1700 gentes,
369 1630 406 1680 ut
431 1617 602 1680 Cretenses
628 1630 660 1680 et
682 1615 830 1695 Cilicas,
856 1615 1001 1681 Graecos
1027 1616 1169 1698 denique
1193 1617 1281 1699 ipsos
1306 1619 1376 1682 Ho-

207 1748 296 1792 mero
329 1742 433 1807 testc,
468 1727 651 1792 Germanos
687 1727 780 1791 etiam
808 1742 839 1792 et
862 1727 1072 1793 Norrnannos
1105 1728 1307 1812 direptiones
1337 1749 1377 1794 ne

207 1853 376 1921 praetextu
414 1839 545 1920 quidem
579 1839 697 1903 idoneo
733 1853 765 1903 et
799 1842 902 1920 palam
938 1840 1137 1921 publiceque
1173 1841 1376 1906 exercuisse:

208 1970 292 2031 quos
317 1965 349 2016 et
372 1951 461 2032 ipsos
494 1970 559 2015 non
589 1950 709 2034 injuria
732 1950 911 2033 praedones
936 1951 1086 2016 dicimus.
1136 1952 1321 2035 Culpantur
1346 1968 1379 2018 et

207 2061 255 2126 illi
279 2062 336 2143 qui
362 2077 499 2127 auteres
513 2062 666 2144 rapiunt,
692 2083 790 2144 quam
813 2083 849 2126 ea
867 2061 952 2128 facta
971 2077 1069 2144 sunt,
1092 2084 1176 2144 quae
1196 2064 1237 2129 ad
1255 2066 1376 2130 bellum

207 2172 350 2255 legitime
373 2174 620 2256 suscipiendum
641 2174 885 2239 desiderantur:
910 2193 993 2256 quas
1012 2174 1198 2240 invasiones
1215 2177 1378 2240 latrocinii

208 2285 340 2349 nomine
373 2285 549 2367 scriptores
579 2285 753 2368 exagitant.
799 2285 865 2350 Sed
893 2287 974 2350 haec
1005 2285 1066 2350 tria
1098 2285 1266 2352 manifesta
1302 2301 1379 2351 sunt

209 2397 314 2475 ade0,
337 2410 375 2460 ut
405 2416 520 2478 perse
552 2394 648 2461 facile
681 2411 872 2478 appareant:
906 2417 1005 2478 quare
1029 2397 1200 2480 praecipue
1225 2413 1377 2479 quartum

209 2507 291 2572 iilud
328 2507 361 2571 iu
396 2507 687 2573 considerationem
720 2508 833 2588 venit,
867 2509 958 2589 quod
990 2508 1054 2573 nisi
1090 2509 1287 2592 conjecturis
1322 2510 1378 2575 vix

209 2619 432 2701 assequimur:
458 2618 610 2683 nimirum
635 2619 692 2683 ubi
716 2620 803 2684 bello
824 2621 915 2703 justo
929 2634 986 2684 aut
997 2621 1224 2704 quodjustum
1237 2621 1380 2687 creditur

209 2731 252 2796 ita
275 2730 394 2812 aliquis
427 2732 553 2795 lucrum
586 2744 714 2812 captat,
749 2745 786 2795 ut
808 2734 872 2796 hoc
895 2751 1020 2813 unum,
1043 2751 1109 2798 non
1133 2747 1240 2798 autem
1267 2754 1378 2798 uerum

209 2843 286 2906 belli
321 2841 440 2922 finem,
473 2843 536 2907 hoc
570 2857 618 2908 est
647 2843 730 2926 juris
763 2843 992 2925 adeptionem,
1017 2845 1196 2927 respexisse
1219 2845 1379 2911 videatur.

210 2953 333 3018 Indicia
365 2969 473 3019 autem
502 2955 603 3038 hujus
626 2953 673 3017 rei
691 2954 771 3018 haec
790 2953 891 3019 ferme
910 2970 1003 3020 sunt:
1029 2955 1055 3020 si
1076 2955 1174 3037 quis,
1199 2957 1268 3040 ipsc
1287 2978 1378 3041 prae·
1392 2963 1511 3064 maf-

211 3065 321 3130 sertim
346 3067 435 3130 nulla
460 3065 573 3130 damna
597 3065 685 3130 hosti
698 3065 885 3148 imputans,
910 3066 1047 3132 inermes
1060 3082 1092 3132 et
1104 3067 1252 3133 infirmos
1264 3068 1380 3152 exigua

210 3197 307 3241 manu
341 3177 539 3259 improvisus
572 3178 690 3260 passim
724 3178 867 3243 adsultat
899 3179 1104 3261 spolierque,
1136 3199 1212 3246 cum
1237 3200 1303 3247 non
1328 3201 1379 3247 eas

209 3289 328 3353 habeat
349 3288 459 3369 vires,
484 3304 522 3355 ut
545 3305 685 3372 apertam
710 3289 773 3354 loci
797 3289 1035 3372 possessionem
1060 3291 1123 3355 sibi
1146 3292 1240 3357 armis
1261 3294 1381 3359 audeat

209 3400 388 3466 vindicare.
438 3401 520 3465 Nam
554 3401 609 3464 hic
642 3420 715 3465 cum
748 3421 807 3466 nec
829 3402 967 3468 hostiles
1001 3402 1176 3468 admodum
1200 3403 1379 3490 infringat,

209 3530 269 3577 nec
302 3531 377 3576 suas
409 3528 601 3594 promoveat
633 3528 764 3595 partes,
798 3513 929 3580 vicinus
963 3529 1012 3581 est
1034 3515 1082 3580 illi
1104 3517 1311 3599 suspicioni,
1342 3532 1381 3583 ut

211 3623 360 3688 credatur
383 3625 503 3690 bellum
529 3643 594 3690 non
619 3625 752 3690 alterius
776 3645 873 3707 quam
894 3625 975 3692 lucri
996 3627 1097 3710 gratia
1117 3629 1221 3710 sequi.
1268 3630 1379 3713 Hujus

211 3736 338 3819 generis
368 3751 445 3814 sunt
478 3736 551 3814 isti,
570 3736 629 3818 qui
661 3737 839 3819 piscatores
867 3750 923 3802 aut
943 3739 1162 3806 navicularios
1186 3740 1219 3804 in
1242 3743 1379 3824 pelage,
1415 3767 1419 3775 *

212 3868 279 3929 quo
305 3847 366 3930 ipsi
392 3848 539 3930 conspici
562 3847 701 3929 timent,
733 3865 810 3912 casu
838 3848 1058 3929 deprehensos
1082 3851 1276 3932 exspoliant.
1323 3853 1380 3917 Ab

212 3959 271 4022 hac
295 3959 381 4024 enim
406 3958 521 4023 inertia
545 3960 641 4042 longe
665 3972 809 4023 remotus
834 3973 882 4024 est
904 3979 1002 4025 verus
1026 3959 1081 4024 ilie
1102 3961 1240 4026 bellator
1260 3972 1269 4005 1
1289 3963 1384 4029 haud
1405 4016 1407 4020 .

204 4070 305 4152 furto
326 4070 458 4149 melior,
482 4071 539 4135 sed
549 4071 701 4155 fortibus
719 4074 834 4134 armis.
880 4070 979 4136 Unde
999 4071 1031 4135 in
1051 4072 1138 4137 bello
1153 4086 1217 4136 tam
1238 4074 1381 4140 terrestri

214 4203 311 4263 quam
345 4182 507 4247 maritimo
540 4182 602 4246 alia
634 4202 761 4265 semper
793 4180 875 4247 ratio
895 4186 906 4222 ¹
926 4183 1036 4247 habita
1067 4198 1119 4248 est
1153 4205 1288 4266 eorum,
1323 4185 1381 4267 qui

248 4437 253 4469 ¹
275 4441 364 4501 Virgil.
385 4443 462 4504 [Aen.
481 4445 497 4489 1·.
518 4456 556 4489 10.
574 4457 612 4491 vs.
630 4443 699 4505 735]
735 4441 746 4476 ²
763 4446 793 4492 V.
811 4446 841 4493 de
857 4447 905 4494 hac
921 4446 979 4494 dist.
995 4449 1072 4507 Alph.
1092 4448 1239 4496 Guererium
1265 4449 1291 4497 in
1312 4463 1382 4510 spec.

212 4531 293 4579 Princ.
313 4546 335 4579 c.
353 4533 394 4592 46.

1190 4631 1249 4694 aot*
