3552 5654
541 651 588 697 Du
611 650 704 718 JURE
731 650 914 698 PRAEDAE.
940 652 1018 698 CAP.
1044 652 1124 698 vlll
1372 635 1411 710 87

241 827 314 873 men
344 805 531 872 dilationem
552 804 673 870 nullam
694 804 863 887 permittit.
909 804 955 871 Et
979 804 1208 890 jurisconsulti
1228 806 1239 844 ¹
1263 803 1298 868 id
1318 821 1413 867 omne

240 918 380 1002 probant
412 916 503 999 quod
528 915 684 983 adversus
706 915 911 998 periculum,
935 915 1027 997 quod
1048 928 1138 980 metu
1160 913 1293 992 mortiS,
1322 912 1413 995 quod

242 1030 283 1095 ad
299 1028 351 1094 sui
375 1027 523 1111 corporis
542 1027 701 1107 tutelam,
721 1025 812 1109 quod
832 1027 873 1092 ad
898 1027 964 1092 vim
987 1025 1226 1109 repellendam,
1250 1023 1341 1105 quod
1361 1043 1413 1086 ea·

242 1153 337 1206 tenus
368 1137 429 1219 fit,
460 1151 622 1220 quatenus
650 1137 742 1202 aliter
770 1156 830 1204 nos
859 1137 995 1204 honeste
1018 1151 1075 1203 aut
1097 1136 1221 1202 utiliter
1239 1133 1324 1200 tueri
1346 1152 1413 1198 non

242 1267 429 1334 possumus.
473 1248 520 1315 Et
548 1248 611 1313 hoc
632 1247 715 1314 illud
736 1264 785 1314 est
808 1248 1012 1314 decantatum
1031 1247 1111 1314 adeo
1134 1247 1339 1312 moderamen
1360 1259 1414 1309 tu-

242 1361 324 1426 telae
353 1359 535 1441 inculpatae
552 1353 575 1423 ².
619 1358 814 1440 Eodemque
833 1359 932 1424 modo
954 1379 1004 1424 res
1029 1373 1156 1426 nostras
1177 1356 1273 1423 etiarn
1293 1355 1414 1421 coactis

244 1469 434 1536 hominibus
466 1467 634 1534 defensare
659 1489 834 1552 possumus
864 1485 896 1535 et
924 1489 1135 1553 recuperare,
1157 1467 1217 1534 sed
1244 1465 1414 1534 confestim

244 1582 413 1647 duntaxat.
459 1579 542 1646 Nam
565 1595 641 1662 post
662 1581 895 1662 intervallum,
915 1601 989 1646 cum
1005 1596 1134 1663 ternpus
1154 1577 1254 1645 fuerit
1270 1577 1414 1663 judicem

244 1691 407 1773 adeundi,
440 1691 507 1760 vim
535 1711 658 1758 cessate
687 1707 827 1775 oportet
883 1692 941 1758 Ad
972 1691 1118 1758 debiturn
1149 1687 1414 1771 consequendum

243 1801 327 1868 nihil
347 1804 432 1867 ultra
451 1816 533 1885 puto
554 1823 652 1884 quam
674 1801 932 1888 pignorationem
950 1822 1009 1869 seu
1021 1821 1175 1868 manuum
1188 1801 1414 1886 injectionem,

245 1927 283 1981 ut
313 1912 346 1976 in
373 1913 447 1996 Jure
469 1911 614 1996 dicitur,
638 1915 797 1996 concedi,
821 1914 848 1980 si
874 1913 1061 1999 perfugam
1082 1913 1239 1980 debitoris
1263 1912 1303 1978 de
1322 1911 1417 1978 antit-

244 2024 343 2089 tendo
370 2025 443 2109 jure
470 2038 582 2089 nostro
610 2024 832 2108 periclitemur
850 2027 872 2091 ³.
918 2025 1024 2109 Igitur
1046 2045 1120 2090 curn
1149 2023 1289 2106 primurn
1314 2024 1416 2108 judex

245 2133 325 2200 adiri
356 2133 498 2218 poterit,
533 2133 587 2201 ille
608 2135 721 2218 potius
744 2156 842 2218 quam
866 2137 936 2219 ipse
957 2135 1022 2204 sibi
1042 2134 1182 2200 creditor
1201 2155 1267 2200 rem
1288 2133 1417 2199 debito-

245 2245 291 2310 ris
324 2244 358 2308 in
390 2247 535 2313 solutum
567 2246 705 2313 addicet.
750 2247 797 2313 Et
830 2248 876 2314 sic
909 2248 997 2330 apud
1026 2244 1244 2310 Athenienses
1267 2244 1416 2310 videmus

243 2358 436 2440 ἀνδροληψίας
457 2362 494 2436 ⁴,
525 2356 588 2420 hoc
615 2371 666 2422 est
686 2357 855 2423 hominurn
882 2355 1149 2442 pignorationes,
1176 2354 1312 2438 privatis
1338 2372 1417 2419 con-

244 2482 353 2528 cessas
380 2463 503 2531 fuisse:
525 2464 582 2530 sed
597 2466 670 2549 jure
692 2487 731 2532 an
750 2467 870 2551 injuria
889 2466 991 2533 factae
1013 2481 1137 2544 essent,
1160 2465 1196 2530 id
1214 2464 1345 2548 publice
1362 2465 1416 2549 ju-

246 2573 399 2639 dicatum.
445 2574 512 2640 Cui
541 2575 647 2641 simile
668 2576 701 2640 in
731 2577 881 2660 delictis,
905 2578 934 2643 si
962 2576 1069 2659 isqui
1097 2576 1237 2659 deliquit
1259 2595 1417 2643 evasurus

153 2727 155 2736 .
245 2704 382 2767 poenam
405 2683 564 2752 videatur.
610 2686 694 2752 Nam
724 2687 889 2753 communi
918 2688 992 2772 J'ure
1011 2696 1043 2766 ⁸,
1069 2689 1122 2754 lex
1152 2687 1236 2752 eninr
1268 2686 1417 2770 specialis

247 2797 322 2879 plus
345 2795 507 2862 interdum
530 2796 698 2882 indulget,
721 2798 962 2880 apprehendere
989 2795 1100 2863 licebit
1128 2812 1253 2862 sontem
1282 2811 1315 2862 et
1335 2796 1417 2862 deti-

246 2927 338 2973 nere:
355 2925 422 2973 non
441 2906 486 2973 ita
506 2922 631 2990 tamen,
654 2908 735 2991 quin
756 2907 926 2975 confestim
945 2907 1049 2994 judici
1070 2907 1245 2975 tradendus
1266 2907 1318 2973 sit.
1343 2907 1418 2972 Hoc

281 3263 290 3295 ¹
308 3266 325 3311 1
343 3277 368 3325 4.
384 3263 409 3311 ff.
422 3265 454 3313 ad
466 3266 483 3311 1.
499 3263 585 3324 nquit.
603 3263 646 3328 [D.
660 3279 684 3329 9.
701 3265 738 3328 3.]
756 3268 774 3314 1.
788 3278 811 3323 5.
823 3280 854 3315 eo
871 3266 911 3315 tit.
927 3269 944 3315 1.
964 3279 992 3315 ιιι
1007 3265 1069 3316 vim.
1081 3265 1106 3315 ff.
1122 3268 1154 3316 de
1171 3265 1231 3324 just.
1249 3279 1274 3315 et
1291 3266 1355 3324 iure.
1374 3268 1417 3330 [D.

250 3369 272 3404 1.
292 3367 313 3403 1.
330 3354 366 3415 3.]
386 3357 401 3402 1.
419 3356 464 3404 scd
479 3366 503 3403 et
512 3368 598 3416 partus
616 3360 636 3416 3.
654 3370 675 3405 ι.
692 3357 717 3405 ff.
738 3360 807 3418 quod
823 3370 899 3406 metu.
917 3359 960 3420 [D.
977 3372 1001 3419 4.
1017 3372 1039 3407 ι.
1055 3356 1105 3421 ιι]
1126 3359 1143 3406 l.
1159 3357 1298 3407 scientiam.
1313 3358 1338 3407 ff.
1351 3361 1383 3408 ad
1401 3361 1432 3410 1.,
1514 3388 1516 3392 -

248 3445 331 3504 Aquil.
343 3445 385 3505 [D.
396 3459 418 3506 9.
433 3459 458 3492 ι.
471 3444 524 3509 45.]
551 3443 561 3476 ²
579 3447 639 3496 Silv.
655 3448 681 3495 in
698 3463 723 3496 v.
737 3450 842 3499 Bellum.
859 3463 882 3497 ι.
896 3449 922 3497 in
939 3463 977 3509 pr.
993 3450 1083 3498 Thom.
1102 3462 1125 3497 ι.
1135 3462 1157 3496 a.
1168 3462 1192 3509 q.
1204 3449 1244 3510 64.
1254 3461 1299 3497 art.
1310 3461 1333 3507 7.
1344 3452 1384 3497 Gl.
1393 3461 1418 3498 et

247 3537 322 3586 Bald..
332 3537 363 3584 ad
381 3538 398 3582 l.
416 3548 437 3584 1.
454 3538 484 3584 C.
502 3538 568 3585 unde
583 3537 619 3586 vi.
640 3536 683 3599 [C.
705 3541 727 3586 8.
743 3539 780 3600 4.]
800 3542 858 3588 Pan.
876 3541 908 3588 ad
923 3553 946 3588 c.
966 3539 1041 3589 sicut.
1063 3541 1094 3588 de
1113 3537 1218 3596 iurejur.
1238 3540 1377 3601 [Decretal.
1395 3553 1417 3588 ι.

249 3640 288 3687 ι4.
303 3626 355 3689 ι9.]
371 3640 396 3675 ιι.
411 3638 448 3682 ts.
463 3629 530 3676 Bart.
544 3627 570 3676 in
585 3630 609 3677 d.
627 3631 645 3676 l.
657 3641 684 3678 ut
698 3629 759 3678 vim.
770 3631 814 3692 [D.
832 3645 853 3678 1.
872 3644 893 3679 ι.
910 3631 945 3691 3.]
965 3643 990 3678 ιι.
1008 3643 1032 3692 9.
1045 3641 1070 3678 et
1086 3643 1124 3678 ιο.
1136 3631 1186 3693 Jas.
1198 3629 1235 3676 ibi
1247 3643 1271 3677 n.
1286 3641 1309 3687 7.
1327 3633 1418 3678 summ.

225 3721 311 3785 rung.
323 3717 350 3765 in
368 3733 394 3765 v.
405 3718 511 3765 Bellum.
526 3721 550 3776 5.
568 3719 593 3766 ό.
611 3719 672 3768 silv.
690 3722 715 3768 d.
735 3723 805 3769 loco.
819 3725 841 3780 5.
860 3733 897 3778 ι3.
915 3723 932 3768 1.
950 3721 971 3768 si
989 3719 1047 3781 quis
1063 3721 1090 3768 in
1106 3721 1193 3768 servit.
1208 3720 1234 3768 ff.
1250 3722 1281 3768 de
1296 3721 1355 3770 surt.
1375 3721 1419 3782 [D.

247 3820 289 3869 47.
301 3821 324 3856 ι.
337 3808 373 3870 7.]
393 3809 459 3856 Bart.
477 3810 509 3857 ad
526 3811 550 3858 d·
563 3811 581 3856 l.
602 3821 629 3858 ut
647 3810 708 3858 vim.
727 3810 770 3874 [D.
792 3825 813 3859 1.
837 3825 859 3859 r.
874 3810 910 3874 3.]
930 3824 955 3859 ι.
972 3823 995 3869 7.
1010 3822 1036 3858 et
1051 3810 1078 3858 in
1096 3812 1113 3858 1.
1130 3812 1225 3860 hostes.
1241 3812 1272 3858 de
1291 3822 1358 3870 capt.
1374 3812 1418 3871 [D.

247 3912 288 3961 49.
307 3898 411 3959 15.24.]
428 3911 453 3946 n.
464 3913 489 3960 9.
504 3901 522 3946 1.
542 3912 564 3947 ι.
580 3902 609 3948 C.
619 3903 690 3967 'unde
708 3901 735 3950 vi
750 3901 792 3965 [C.
807 3905 830 3950 8.
843 3903 880 3963 4.]
899 3913 924 3950 et
939 3900 975 3949 ibi
988 3903 1059 3950 Bald.
1074 3914 1097 3949 c.
1113 3900 1175 3949 olim
1193 3913 1302 3949 causam.
1313 3901 1346 3948 de
1360 3911 1419 3950 rest.

247 3990 556 4051 spol.[Decretal.2.13.
574 3991 624 4051 tn]
645 3993 661 4038 l.
674 4003 697 4048 3.
710 3995 733 4050 5.
750 4005 806 4040 eum
822 3991 906 4052 igitur.
922 3992 948 4040 ff.
966 3994 997 4040 de
1016 3991 1042 4039 vi
1060 4002 1084 4039 et
1102 3991 1127 4040 vi
1144 4004 1204 4038 arm.
1223 3990 1267 4051 [D.
1280 4003 1321 4052 43.
1340 3991 1378 4038 16.
1395 4003 1418 4047 3.

247 4081 268 4142 §.
281 4081 318 4144 9.]
329 4083 346 4128 1.
364 4081 407 4141 qui
426 4094 494 4140 poss.
510 4081 569 4129 eod.
583 4080 621 4128 tit.
641 4081 662 4142 [1
690 4081 741 4146 17.]
762 4080 864 4130 Gabriel
881 4095 936 4143 sup.
955 4096 980 4143 4.
999 4092 1061 4130 sent.
1080 4081 1138 4130 dist.
1155 4093 1193 4136 15.
1211 4094 1236 4140 q.
1250 4094 1274 4141 4.
1295 4081 1333 4142 [in
1348 4095 1418 4130 conr·

247 4183 324 4220 ment.
340 4173 372 4220 ad
384 4170 454 4220 Scoti
462 4170 532 4234 dist]
551 4169 658 4222 8Ριιιιιι
668 4171 729 4222 inv.
739 4173 823 4222 Struit.
834 4173 951 4234 [p.248.]
971 4175 988 4220 1.
1002 4171 1121 4232 generali.
1140 4174 1169 4220 C.
1179 4173 1210 4219 de
1220 4173 1305 4220 decur.
1328 4171 1371 4233 [C.
1381 4185 1418 4220 ιο.

249 4261 396 4324 31.54·]l.
416 4262 438 4311 si
459 4263 586 4336 quiscur.
603 4265 632 4311 C.
653 4264 742 4324 deep.
762 4274 787 4311 et
805 4265 866 4312 cler.
887 4263 929 4328 [C.
948 4277 969 4318 ι.
990 4275 1013 4320 3.
1031 4262 1081 4324 12.]
1106 4263 1156 4310 Dd.
1176 4261 1203 4310 in
1218 4264 1235 4309 l.
1257 4265 1287 4326 Q.
1307 4263 1419 4313 Mucius

249 4353 308 4408 alias
324 4356 341 4401 1.
354 4354 469 4414 quamvis
482 4355 599 4403 alienum.
614 4354 640 4402 ff.
655 4357 697 4404 ad.
708 4358 725 4403 l.
739 4356 826 4416 Aquil.
845 4356 890 4417 [D.
908 4369 932 4418 9.
951 4369 974 4404 ι.
989 4356 1040 4417 39]
1059 4356 1125 4402 Bart.
1141 4354 1167 4402 in
1181 4364 1254 4402 tract.
1272 4355 1303 4402 de
1313 4368 1420 4414 repress.

248 4457 273 4502 q.
291 4457 315 4504 9.
348 4442 457 4506 ⁴Jnlius
476 4447 566 4494 Pollux
589 4444 624 4509 [8.
641 4459 680 4502 so.
702 4446 755 4510 51·]
792 4447 838 4494 ⁵1.
855 4447 939 4507 capite
954 4446 1044 4507 quinto
1061 4445 1086 4493 lt.
1108 4447 1139 4494 de
1162 4446 1239 4494 adult.
1267 4446 1309 4498 [D.
1329 4448 1371 4507 48.
1393 4458 1418 4502 s.

250 4531 302 4596 25·]
321 4535 372 4595 Jas.
388 4534 414 4583 in
431 4536 454 4584 d.
470 4538 487 4584 l.
504 4536 606 4586 utvim.
629 4536 672 4601 [D.
689 4551 709 4586 ι.
730 4552 751 4587 ι.
770 4538 806 4600 3.]
826 4552 850 4588 n.
869 4550 909 4594 25·
926 4537 1035 4587 Bald.in
1053 4539 1079 4587 d.
1097 4539 1114 4584 1.
1133 4548 1153 4585 ι.
1173 4536 1218 4599 [C.
1237 4538 1261 4584 8.
1280 4537 1317 4600 4.]
1339 4550 1419 4596 ι.33.
