3552 5654
550 656 597 708 DE
618 656 714 723 JURE
740 655 923 704 eltnensis.
949 655 1028 704 CAP.
1054 659 1088 708 X.
1341 657 1399 722 151

236 817 283 882 riu
297 811 386 897 ὅρκον,
409 809 500 876 nihil
513 799 709 896 pucmquam
729 831 769 874 cx
785 808 919 896 pracda
935 813 1223 892 internanarum,
1243 809 1402 895 scdfidcm

237 943 278 988 aa
298 922 457 1008 religione
479 924 684 987 sacramenti
703 933 930 989 serratarum.
963 922 1042 1008 Quo
1061 921 1147 989 forte
1164 922 1277 989 referri
1295 937 1404 1005 potest

237 1033 377 1099 formula
405 1031 621 1118 jurisjurandi
654 1031 742 1114 apud
774 1031 953 1098 Gellium¹
981 1053 1048 1115 qua
1075 1033 1173 1099 militi
1205 1034 1404 1116 imperatur,

236 1164 277 1211 nc
310 1144 391 1226 quid
420 1145 515 1210 tollat
545 1143 578 1209 in
610 1143 756 1209 exercitu
778 1142 956 1226 decemque
977 1143 1079 1209 millia
1099 1163 1255 1226 passuum
1277 1163 1402 1228 prope,

238 1255 329 1336 quod
345 1255 450 1337 pluris
472 1254 517 1320 sit
532 1255 656 1320 nummi
678 1253 844 1338 argentei,
879 1269 935 1322 aut
956 1254 983 1320 si
1007 1255 1197 1336 sustulerit,
1223 1254 1263 1319 ad
1285 1273 1404 1320 consu-

237 1367 301 1430 lem
322 1364 486 1448 proferat,
510 1381 567 1432 aut
590 1365 699 1432 triduo
722 1365 874 1447 proximo
897 1364 1103 1447 profiteatur.
1150 1364 1238 1430 Hinc
1266 1364 1407 1448 intelligi

239 1492 348 1559 potest
368 1477 450 1559 quid
473 1477 538 1558 sit,
566 1477 656 1559 quod
678 1475 1025 1542 Modestinus²dicit:
1050 1480 1079 1540 is
1100 1480 1160 1562 qui
1174 1477 1341 1562 praedam
1364 1477 1407 1540 ab

239 1588 383 1654 hostibus
414 1591 587 1674 surripuit
611 1586 788 1673 peculatus
819 1601 963 1655 truatur.
1008 1587 1114 1671 Cujus
1137 1587 1202 1652 loci
1231 1588 1285 1652 vel
1308 1583 1407 1651 unico

240 1709 430 1781 argumento
454 1697 565 1764 induci
587 1698 768 1764 debuerant
787 1698 871 1781 juris
900 1697 1003 1766 nostri
1023 1697 1247 1780 professores,
1279 1710 1317 1762 ut
1339 1715 1408 1762 cre-
1510 1734 1516 1776 3

240 1809 353 1876 dereut
380 1809 528 1892 praedam
551 1808 749 1892 proprietate
769 1809 933 1892 publicem
957 1829 1037 1876 esse.
1082 1809 1173 1874 Nam·
1193 1825 1259 1878 non
1283 1822 1332 1874 est
1353 1827 1409 1890 pe·

240 1921 368 1987 culatus
399 1919 463 1988 nisi
495 1920 529 1987 in
560 1940 594 1984 re
625 1921 758 2002 publica
787 1935 843 1985 aut
859 1938 952 1987 sacra
973 1933 1031 1986 aut
1050 1919 1207 2004 religiosa
1226 1915 1249 1985 ³.
1296 1918 1344 1986 Et
1363 1919 1410 1984 sic

241 2030 399 2096 Romanis
423 2030 456 2095 in
483 2031 544 2096 hac
574 2045 665 2113 parte
685 2051 759 2097 cum
783 2030 921 2098 Graecis
942 2031 1082 2113 aliisque
1102 2031 1224 2113 optime
1244 2030 1410 2096 convenit.

241 2141 325 2206 Cum
353 2141 455 2225 igitur
483 2141 571 2223 apud
592 2160 704 2206 omnes
725 2139 875 2208 nationes
895 2141 1014 2223 praeda
1040 2161 1106 2208 non
1128 2141 1246 2224 privati
1271 2141 1328 2206 sed
1350 2161 1411 2222 pu-

242 2251 319 2316 blici
346 2251 429 2334 juris
459 2254 641 2331 habeatur,
666 2251 791 2318 etiamsi
818 2252 882 2316 hoc
912 2251 1018 2333 ipsum
1047 2270 1087 2317 ex
1117 2251 1257 2317 naturali
1287 2250 1412 2317 ratione

240 2362 496 2428 demonstratum
528 2381 594 2426 non
627 2377 735 2442 esset,
771 2376 877 2426 tamen
912 2376 950 2426 ut
980 2363 1051 2446 lege
1085 2375 1251 2444 receptum
1286 2360 1412 2426 admitti

242 2471 389 2536 debebat.
435 2470 592 2536 Omnium
624 2471 710 2536 enim
740 2471 1052 2556 jurisconsultorum
1082 2472 1207 2536 calculo
1231 2475 1243 2510 ⁴
1264 2491 1414 2554 compro-

242 2581 354 2646 batum
387 2594 436 2648 est
465 2581 506 2648 iis
538 2581 578 2646 de
610 2582 729 2662 rebus,
763 2602 847 2663 quae
879 2583 1025 2650 nondum
1061 2582 1214 2664 cuiquam
1248 2582 1414 2664 quaesitae

214 2676 343 2772 sunt,
376 2691 434 2757 sed
465 2691 577 2773 quaeri
609 2692 718 2759 cuivis
745 2707 908 2774 possunt,
941 2693 1141 2760 liberrimum
1165 2712 1234 2759 esse
1256 2693 1414 2775 reipubli-
1497 2756 1502 2765 ,

241 2823 297 2868 cae
331 2803 525 2885 arbitrium,
565 2803 610 2868 ita
643 2816 681 2868 ut
714 2805 820 2887 possit
853 2803 925 2869 illas
958 2803 1013 2869 cui
1046 2803 1154 2870 visum
1187 2818 1237 2870 est
1251 2811 1253 2814 ’
1267 2802 1414 2870 addicere

243 2927 299 2981 aut
332 2914 429 2980 etiam
463 2913 525 2980 sibi
563 2913 737 2996 applicare.
794 2914 858 2985 Est
891 2914 976 2980 enim
1009 2915 1063 2999 jus
1098 2914 1191 2982 istud
1223 2912 1414 2996 acquirendi

242 3043 415 3091 commune
443 3025 706 3107 quodammodo,
739 3025 773 3090 in
805 3025 990 3095 communia
1018 3039 1126 3095 autem
1153 3026 1208 3110 jus
1238 3039 1287 3094 est
1306 3025 1415 3106 reipu-

242 3136 355 3202 blicae.
400 3136 450 3202 Ita
471 3135 622 3203 videmus
652 3137 802 3218 plurimis
835 3137 868 3202 in
897 3136 979 3203 locis
1008 3136 1062 3221 J'us
1094 3135 1248 3218 aucupii,
1271 3135 1415 3218 piscatu·

243 3266 319 3325 rae,
352 3246 561 3327 venationis,
604 3247 857 3338 thesaurorum,
893 3246 1122 3315 derelictorum
1158 3262 1191 3314 et
1223 3247 1416 3331 hujusmodi

243 3377 350 3424 rerum
381 3360 572 3424 translatum
604 3358 645 3422 ad
666 3358 919 3442 rempublicam,
953 3372 985 3424 ct
1003 3378 1020 3422 a
1040 3357 1206 3440 republica
1230 3358 1270 3424 ad
1292 3357 1418 3424 Princi-
1624 3441 1626 3446 Ι

243 3489 327 3551 pem.
362 3467 506 3534 Omnino
531 3468 631 3552 igitur
650 3453 738 3534 ¹Belli
750 3470 881 3556 publici
901 3473 1088 3554 susceptrix
1109 3469 1297 3556 respublica
1313 3483 1416 3554 prac-
1429 3497 1507 3563 cup,
1522 3497 1569 3543 ιχ,

244 3578 321 3645 dam
345 3582 496 3666 acquirit
520 3600 621 3666 usquc
640 3579 688 3646 ad
698 3582 794 3664 juris
815 3583 869 3644 sui
888 3580 1162 3662 satisfactionem.
1199 3580 1264 3644 Sed
1285 3550 1552 3667 ethuicssiiif‘1f¹'

244 3709 310 3755 non
332 3689 441 3756 minus
464 3709 560 3772 quam
584 3690 725 3774 privatis·
743 3691 822 3756 licet
845 3690 984 3756 alienare
1006 3704 1134 3774 etpost
1156 3705 1188 3756 et
1208 3705 1282 3756 ante
1304 3689 1416 3774 acqui-

244 3800 407 3872 sitionem.
436 3793 516 3866 Post
534 3801 808 3882 acquisitionem,
831 3815 870 3867 ut
889 3821 961 3866 cum
985 3801 1100 3867 emtori
1121 3802 1237 3884 praeda
1260 3823 1278 3866 a
1301 3821 1417 3882 quaes·

244 3924 314 3976 tore
343 3910 507 3977 addicitur
532 3926 589 3976 aut
608 3911 705 3977 alicui
730 3911 890 3992 donatur,
915 3926 953 3977 ut
975 3912 1201 3976 sacerdotibus
1224 3932 1242 3976 a
1264 3911 1416 3992 Davide,

243 4021 404 4088 militibus
435 4042 455 4087 a
482 4019 621 4086 Caesare
650 4021 831 4102 dictatore,
869 4022 1057 4104 imperatori
1087 4022 1292 4104 erepublica
1322 4039 1418 4105 saepe

245 4133 379 4199 virtutis
410 4152 497 4216 ergo.
543 4131 618 4198 Hoc
652 4132 749 4197 modo
783 4133 868 4216 capti
903 4153 942 4198 cx
974 4131 1126 4198 hostibus
1154 4133 1221 4216 agri
1254 4133 1420 4200 veteranis

241 4331 437 4344 m*-

280 4452 289 4487 ¹
312 4456 330 4501 1.
356 4455 394 4504 16.
419 4468 443 4502 c.
467 4468 492 4516 4.
526 4453 537 4488 ²
561 4458 578 4504 l.
601 4469 660 4516 pen.
687 4457 718 4504 acl
742 4444 759 4505 1'.
783 4457 833 4518 Jul.
860 4470 919 4517 pec.
938 4457 981 4518 [D.
1001 4458 1042 4517 48.
1063 4468 1101 4513 1³·
1125 4454 1176 4520 rm]
1213 4453 1259 4503 ⁸1.
1280 4469 1301 4504 1..
1320 4468 1362 4504 eo.
1380 4455 1421 4506 tit.

244 4542 255 4575 ⁴
274 4545 378 4594 covarr.
396 4545 422 4593 in
440 4547 465 4594 d.
482 4558 534 4605 reg.
553 4558 694 4606 peccatum.
712 4561 738 4607 p.
755 4559 780 4607 4.
799 4550 821 4606 ς.
841 4560 863 4594 n.
881 4547 951 4596 circa
969 4545 1054 4595 linem.
