3536 5692
364 1776 483 1832 Grotius
503 1773 545 1830 ad
563 1777 653 1848 operis
669 1774 775 1831 calcem
794 1771 839 1831 his
855 1775 950 1831 uerbis
966 1771 1116 1848 descripsit
1134 1771 1321 1843 documenta,
1338 1791 1413 1846 quac

323 1884 381 1954 ipse
400 1876 556 1935 additurus
577 1889 663 1935 erat:

364 1983 501 2055 Sequitur
520 1983 684 2054 exemplum

364 2084 462 2144 Edicti
485 2082 880 2170 Ordinumsfoederatorum
902 2087 982 2143 Anni
1008 2100 1093 2159 1599·
1116 2085 1195 2159 Sept.
1218 2105 1244 2144 2.

362 2192 480 2250 Decreti
503 2188 646 2248 Ordinum
670 2188 858 2257 Hollandiae‚
880 2191 960 2247 Anni
986 2192 1072 2264 1604.
1094 2190 1174 2263 Sept.
1199 2207 1224 2247 1.
1328 2169 1338 2176 ⁶

365 2294 530 2352 Sententiae
552 2294 678 2366 Collegii
699 2292 921 2352 Admiralitatis.

363 2399 456 2456 Partis
474 2398 622 2470 Epistolae
638 2398 775 2471 Episcopi
795 2397 984 2454 Maiaccensis
995 2395 1030 2453 ad
1043 2396 1163 2468 Regem.
1178 2397 1263 2456 1600.
1273 2397 1328 2454 ult.
1339 2396 1412 2468 Aps.

363 2503 512 2577 Epistolae
527 2502 655 2586 ¹Senatus
676 2501 876 2560 Maiuccensis.
901 2503 986 2573 1603.
1008 2501 1110 2558 Martii
1131 2516 1161 2573 9.

362 2607 510 2679 Epistolae
532 2605 673 2663 Praefecti
696 2605 886 2662 Maiaccensis
904 2602 939 2661 ad
951 2605 1011 2677 lac.
1023 2603 1272 2662 Hemskerckium.
1292 2602 1413 2682 Eodem.

360 2711 491 2767 Alterius
513 2709 662 2782 Epistolae
682 2707 818 2781 ejusdem.
843 2709 929 2779 1603.
950 2708 1053 2766 Martii
1075 2709 1123 2766 26.

362 2815 510 2887 Epistolae
533 2814 686 2888 Capitanei
708 2824 809 2886 captae
831 2812 968 2869 Gaieonis
990 2809 1024 2868 ad
1048 2809 1298 2868 Hemskerckium.
1327 2810 1412 2882 1603.

361 2918 464 2976 Martii
486 2935 534 2992 24.

362 3020 444 3078 Haec
470 3018 640 3078 documenta
668 3037 731 3077 cum
757 3017 838 3076 hodie
859 3023 889 3076 in
912 3021 1011 3078 Grotii
1029 3015 1205 3095 apographis
1227 3035 1280 3075 uon
1300 3031 1411 3092 compa-

321 3137 439 3204 rerent,
461 3125 600 3182 Fruiaius
621 3141 656 3181 ea
677 3121 795 3182 aliunde
815 3128 992 3196 conquisivit.

359 3229 518 3286 Decretum
551 3226 692 3285 Ordinum
720 3223 940 3300 foederatorum
971 3228 1078 3303 legitur
1106 3232 1136 3286 in
1157 3227 1257 3285 Borrii
1276 3226 1411 3285 Historia

322 3334 459 3391 bellorum
479 3330 751 3390 Neerlandicorum.
775 3329 837 3389 Vol.
857 3329 914 3389 IV.
932 3344 961 3406 p.
983 3345 1052 3404 525.
1072 3349 1112 3405 sq.

361 3437 518 3494 Decretum
542 3433 684 3493 Ordiuum
705 3433 882 3494 Hollandiae
902 3449 944 3495 est
965 3441 995 3494 in
1015 3437 1172 3506 uolumine,
1192 3454 1246 3508 quo
1266 3440 1411 3493 continen-

320 3552 372 3598 tur
392 3541 522 3597 Decreta
543 3538 719 3597 Hollandiae
730 3537 796 3618 (De
806 3540 972 3599 Resolutiin
982 3558 1041 3598 oan
1051 3539 1085 3597 de
1097 3541 1204 3598 Staten
1214 3559 1272 3598 rau
1283 3539 1414 3598 Holland

321 3662 355 3701 en
376 3640 649 3721 Westfriesland>,
669 3647 744 3700 onai
766 3646 851 3718 1604.
867 3657 899 3719 p.
920 3660 987 3718 217.

361 3748 516 3805 Sententia
539 3747 661 3820 Collegii
679 3744 906 3805 Admiralitatis
923 3749 1032 3820 legitur
1042 3751 1072 3803 in
1083 3760 1164 3821 opere
1176 3745 1275 3804 Hulsii
1280 3789 1289 3816 ‚
1311 3745 1410 3804 Achte

320 3848 484 3926 Schrffart‚
504 3847 813 3924 zusammengebracbt
833 3847 926 3908 durch
947 3849 1079 3923 meyland
1103 3849 1242 3906 Lmiuum
1264 3849 1409 3908 Huisium.

320 3952 449 4028 Franks.
469 3954 551 4026 alM.
575 3956 660 4014 1608.
680 3967 744 4030 cap.
761 3971 813 4012 xv.
829 3967 862 4029 p.
883 3971 931 4028 42.
950 3971 990 4026 sq.

358 4059 491 4134 Epistola
509 4057 642 4133 Episcopi
667 4057 861 4116 Malacceusis
887 4057 930 4114 ad
954 4057 1060 4132 Regem
1081 4076 1096 4114 c
1118 4058 1216 4114 Grotii
1234 4055 1409 4132 apographis

318 4181 338 4220 a
358 4162 410 4221 Fr.
431 4162 576 4233 Mullero‚
597 4163 749 4237 bibliopola
770 4159 1045 4231 Amstelodamensi,
1066 4173 1143 4219 emta
1164 4173 1225 4232 est,
1245 4167 1296 4234 qui
1315 4181 1407 4219 exem·

313 4269 395 4341 plum
416 4267 475 4341 ejus
497 4268 574 4324 nobis
590 4268 742 4342 praebuit.

360 4370 494 4443 Quatuor
521 4372 656 4445 epistolae
686 4371 894 4429 Lusitanorum
924 4371 967 4428 ad
984 4371 1112 4429 Batauos
1133 4374 1304 4427 exstantia
1325 4383 1407 4444 opere

316 4471 454 4546 fratrum
473 4474 508 4530 de
528 4475 604 4548 Bry,
632 4474 707 4546 quod
725 4477 918 4534 inscribitur:
948 4473 1104 4550 Appendix
1123 4473 1189 4531 oder
1210 4474 1407 4550 Erga‘ntzung
