3552 5654
248 703 253 712 ,
352 655 413 715 140
678 653 724 700 or
747 652 840 720 June
866 651 1049 700 onerosa.
1075 652 1155 699 cnr.
1179 653 1213 697 x.

349 820 481 890 apparet
506 806 561 889 jus
580 804 626 870 ibi
647 805 786 872 describi
816 825 882 872 non
909 811 942 875 τὸ
969 813 1025 875 τῶν
1052 805 1312 886 amandandum
1339 802 1522 885 itopiuetstt'm

349 919 413 984 hoc
436 930 508 996 est,
538 936 600 1001 qua
622 931 790 1004 reguntur
820 927 1014 981 contractus
1047 915 1257 1000 aequalitate
1287 934 1326 977 ca
1359 931 1444 996 quaa
1476 925 1523 976 cst

349 1025 524 1092 secundum
542 1030 791 1110 quantitatem,
816 1025 874 1092 sed
888 1031 921 1094 ri
936 1028 1132 1108 itateuursuiu
1144 1025 1173 1104 ¹,
1197 1044 1259 1110 quo
1272 1021 1523 1088 distributiones

344 1135 435 1219 fiunt
455 1157 518 1200 aaa
537 1135 711 1202 secuudum
724 1141 973 1222 quantitatem,
997 1134 1053 1201 sad
1062 1133 1237 1200 secundum
1256 1135 1522 1220 proportionem,

350 1247 420 1312 sive
438 1245 646 1312 Geometrica
665 1247 859 1329 aequalitate
878 1240 905 1308 ²:
931 1265 1072 1327 quorum
1091 1263 1152 1312 nos
1172 1243 1183 1278 ³
1202 1244 1266 1308 hoc
1283 1241 1523 1327 assignatricis,

351 1356 433 1422 illud
456 1356 721 1440 compensatricis
748 1356 896 1441 justitiae
919 1376 1002 1439 opus
1025 1355 1272 1439 appellavimus.
1318 1353 1393 1417 Hoc
1416 1366 1523 1416 autem

347 1468 403 1551 jus
425 1467 694 1548 distributivum,
712 1481 751 1533 ut
771 1482 913 1547 vocant,
943 1469 1052 1532 locum
1076 1484 1141 1531 non
1165 1466 1264 1532 habet
1284 1465 1369 1530 inter
1391 1477 1523 1545 partes,

349 1597 410 1643 nec
442 1577 634 1660 apartibus
665 1577 705 1642 ad
738 1593 870 1658 totum,
903 1577 961 1644 sed
983 1597 1001 1642 a
1023 1591 1095 1642 toto
1130 1577 1171 1641 ad
1204 1591 1331 1659 partes,
1366 1572 1523 1657 dignitate

350 1688 475 1753 scilicet
498 1702 531 1753 et
551 1687 709 1754 relatione
728 1688 769 1754 ad
786 1702 893 1754 totum
912 1686 1101 1753 differentes
1118 1683 1140 1753 ⁴.
1187 1687 1297 1773 Quare
1320 1705 1379 1750 nec
1399 1684 1432 1749 in
1452 1682 1524 1748 aliis

351 1799 449 1864 rebus
481 1814 655 1879 versatur,
691 1818 788 1880 quam
823 1818 905 1880 quae
940 1817 1126 1862 communes
1160 1812 1238 1862 sunt
1271 1815 1329 1861 seu
1361 1793 1521 1878 publicae.

351 1909 449 1974 Unde
480 1908 675 1994 intelligitur
705 1908 739 1972 in
770 1909 856 1973 bello
888 1907 1023 1991 publico
1052 1907 1202 1990 praedam
1234 1905 1423 1972 naturaliter
1453 1921 1523 1969 esse

351 2017 514 2100 publicam
538 2033 612 2084 ante
631 2018 906 2084 distributionem.
950 2017 1023 2083 Nec
1048 2017 1108 2084 alia
1141 2016 1208 2082 fuit
1230 2016 1398 2082 Ambrosii
1419 2024 1430 2056 ⁵
1451 2034 1523 2082 sen-

352 2129 454 2194 tentia
481 2128 620 2194 dicentis
648 2149 687 2194 ex
715 2127 887 2211 disciplina
915 2128 1046 2193 militari
1076 2147 1168 2208 esse,
1189 2142 1227 2192 ut
1255 2131 1328 2214 regi
1349 2139 1525 2194 serutatur

353 2243 473 2304 omnia.
518 2239 642 2324 Regem
666 2239 750 2304 enim
770 2259 843 2304 cum
863 2239 945 2304 dicit
964 2260 1037 2304 eum
1059 2238 1234 2324 intelligit,
1258 2238 1316 2319 qui
1334 2238 1424 2305 vices
1443 2235 1525 2321 gerit

353 2349 563 2432 reipublicae.
609 2348 717 2416 Addit
748 2365 856 2416 autem
887 2351 1012 2434 justum
1036 2369 1129 2430 esse,
1152 2364 1191 2415 ut
1213 2348 1266 2414 his
1290 2348 1348 2431 qui
1378 2347 1411 2412 in
1433 2344 1524 2430 adJu·

353 2473 496 2524 mentum
515 2460 680 2527 societatis
696 2460 833 2527 fuerunt
847 2481 921 2544 pars
934 2460 1143 2526 emolumenti
1154 2458 1338 2538 tribuatur,
1358 2472 1525 2524 utmerces

354 2568 485 2634 laboris.
505 2570 576 2653 Jam
597 2586 676 2636 vero
695 2590 818 2636 merces
837 2571 981 2636 nondum
1001 2585 1110 2636 nostra
1129 2585 1196 2652 est,
1209 2571 1265 2635 sed
1284 2569 1379 2636 nobis
1391 2569 1526 2634 debetur

354 2694 386 2744 et
408 2680 630 2762 undecunque
653 2681 738 2747 solvi
760 2697 880 2764 potest.
926 2681 1054 2748 Indicat
1076 2683 1140 2746 hoc
1164 2681 1275 2764 Scipio
1293 2683 1305 2718 ⁶
1325 2680 1358 2744 in
1380 2681 1525 2745 oratione

353 2789 394 2855 ad
416 2790 540 2857 socium
553 2792 788 2859 Musanissam:
808 2793 944 2878 Syphax
962 2792 1080 2878 populi
1092 2791 1238 2856 Romani
1250 2794 1407 2876 auspiciis
1418 2795 1524 2860 uictus

353 2912 534 2984 captusque
554 2915 624 2965 ast:
648 2905 764 2987 itaqua
785 2908 875 2988 ipse,
898 2905 1066 2988 conjunx,
1091 2925 1251 2990 regnum,
1264 2923 1369 2988 ager,
1389 2901 1526 2988 oppida,

354 3010 496 3072 homines
512 3014 571 3093 qui
584 3015 765 3090 exsistunt,
779 3013 949 3098 quidquid
963 3013 1102 3099 danique
1119 3015 1277 3100 Syphacis
1287 3014 1525 3100 fuit,praea'a

348 3118 466 3202 populi
488 3118 635 3184 Romani
657 3135 713 3186 est.
738 3123 781 3187 L.
802 3144 937 3206 quoque
959 3125 1123 3190 Aemilius
1144 3126 1230 3208 apud
1249 3124 1383 3190 Livium
1406 3125 1525 3191 diserte

353 3241 510 3308 testatur,
534 3244 628 3312 capta
647 3232 727 3296 urbe
750 3233 919 3299 arbitrium
942 3236 1078 3317 praedae
1102 3255 1167 3303 non
1191 3256 1290 3320 penes
1311 3234 1447 3301 militem
1467 3235 1525 3302 sed

354 3336 577 3420 imperatorem
601 3360 693 3422 esse,
722 3343 779 3424 qui
802 3344 927 3409 scilicet
951 3346 1165 3427 arepublica'
1173 3346 1228 3430 jus
1250 3348 1312 3410 tale
1335 3359 1524 3426 acceperat,

355 3463 392 3514 ut
418 3468 495 3514 mox
514 3453 669 3535 exemplis
690 3454 977 3522 demonstrabitur.
1022 3459 1093 3523 Nec
1118 3457 1298 3539 quidquam
1321 3458 1430 3524 obstat
1450 3457 1523 3522 vul-

355 3559 555 3642 gatissimum
583 3562 666 3629 illud
685 3564 719 3646 ⁷,
740 3582 831 3650 capta
855 3568 942 3633 bello
965 3569 1074 3634 statim
1097 3568 1167 3633 fieri
1184 3567 1358 3650 capientis:
1383 3566 1417 3631 id
1440 3566 1523 3633 enim

354 3669 437 3734 hanc
456 3672 647 3740 sententiam
662 3677 793 3760 recipit,
814 3694 851 3744 ut
868 3673 1013 3745 hostium
1034 3680 1088 3746 illa
1105 3700 1174 3746 esse
1193 3680 1359 3760 desinant,
1370 3679 1525 3762 capientis

389 3975 397 4007 ¹
416 3976 495 4026 Arist.
513 3981 544 4028 de
562 3994 626 4030 mor.
645 3985 676 4032 ad
692 3984 795 4033 Nicom.
810 3987 826 4033 l.
846 3998 868 4041 5.
887 4001 909 4034 e.
931 3999 953 4042 5.
970 3988 994 4035 6.
1011 3998 1036 4035 et
1053 4000 1076 4045 7.
1096 3988 1134 4049 [p.
1153 3987 1371 4048 1130.2.etsqq.]
1406 3983 1417 4017 ²
1434 3987 1525 4034 Thom.

356 4080 378 4114 a.
398 4080 421 4114 a.
441 4081 466 4126 q.
483 4069 524 4117 61.
548 4081 593 4144 art.
620 4086 640 4120 1.
666 4085 764 4134 etseq.
798 4073 850 4123 ³c.
870 4091 893 4124 2.
911 4088 968 4124 ante
986 4079 1003 4124 1.
1021 4090 1044 4133 s.
1079 4078 1149 4125 ⁴Gl.
1167 4079 1193 4126 in
1211 4091 1234 4126 c.
1251 4079 1412 4126 Vulturanae.
1430 4088 1454 4125 et
1472 4090 1525 4136 seq.

356 4157 445 4218 [Dect.
464 4161 532 4208 Grat.
548 4176 574 4221 p.
593 4177 616 4211 α.
637 4177 674 4211 12.
693 4179 716 4212 α.
735 4167 788 4227 as]
815 4165 825 4196 ⁵
844 4168 875 4215 de
893 4168 1046 4216 Abrahamo.
1059 4171 1076 4215 l.
1094 4181 1115 4216 1.
1134 4182 1158 4216 c.
1177 4180 1200 4225 3.
1219 4168 1311 4216 citatur
1325 4167 1352 4215 in
1370 4181 1393 4215 c.
1402 4167 1469 4216 dicat
1479 4166 1524 4214 ali·

354 4247 420 4305 quis.
431 4247 519 4307 [Dect.
530 4252 598 4299 Grat.
615 4267 641 4313 p.
652 4267 675 4302 α.
687 4267 726 4311 2³·
746 4269 768 4310 5.
788 4257 839 4317 25.]
859 4256 902 4304 ubi
922 4259 962 4304 Gl.
979 4259 1009 4304 V.
1025 4259 1095 4306 Bald.
1112 4259 1138 4307 in
1155 4261 1171 4306 l.
1189 4273 1247 4319 pen.
1258 4261 1287 4306 C.
1297 4261 1328 4306 de
1346 4261 1431 4308 donat.
1442 4260 1485 4321 [C.
1501 4262 1524 4308 8.

356 4349 396 4397 ⁵4·
415 4337 467 4399 36.]
502 4338 512 4370 ⁶
530 4341 586 4389 Liv.
604 4345 620 4390 1.
638 4356 678 4399 30·
697 4344 732 4408 [c.
753 4346 803 4407 14.]
840 4343 886 4393 ⁷1.
902 4348 1049 4416 naturalem.
1068 4348 1094 4396 if.
1112 4351 1143 4397 de
1161 4363 1217 4409 aeq.
1236 4351 1303 4398 dom.
1322 4353 1343 4408 ς.
1363 4349 1405 4398 fin.
1422 4351 1466 4412 [D.
1483 4365 1524 4412 41.

358 4439 379 4474 1.
398 4427 433 4488 5.]
450 4440 474 4475 et
491 4431 508 4476 1.
526 4432 599 4480 adeo.
619 4433 655 4482 ibi
674 4435 717 4498 [D.
734 4448 775 4495 41.
796 4449 817 4484 1.
835 4436 873 4497 7.]
894 4438 953 4485 inst.
972 4439 1002 4486 de
1019 4451 1066 4486 rer.
1085 4439 1138 4487 div.
1155 4443 1176 4497 ξ.
1194 4439 1255 4488 item
1278 4454 1307 4488 ea
1328 4455 1391 4500 quae
1408 4454 1439 4489 ex
1458 4443 1523 4490 bost.

357 4515 388 4574 [1.
409 4530 432 4564 a.
453 4531 474 4565 1.
495 4522 516 4577 ξ.
535 4523 586 4583 17.]
607 4526 623 4571 l.
644 4539 664 4573 1.
684 4529 706 4585 5.
726 4540 746 4574 1.
765 4525 791 4574 ff.
809 4529 839 4574 de
858 4541 910 4599 aeq.
925 4541 995 4587 poss.
1014 4526 1058 4591 [D.
1076 4543 1117 4591 41.
1136 4529 1172 4593 a]
