3546 5654
448 682 450 688 ’
530 672 577 718 DE
601 671 695 739 JURE
721 672 906 717 PRAEDAE·
933 672 1016 718 cnl’.
1041 670 1091 718 XI·
1335 674 1395 736 203

228 825 353 893 numiui
385 825 506 910 injuste
537 843 713 908 oppressos
742 825 935 905 defendere,
968 824 1054 892 facto
1084 824 1202 907 patuit.
1247 826 1333 892 Nam
1366 841 1398 890 et

227 937 333 1003 aditus
353 939 499 1004 reclusus
523 951 572 1002 est
595 952 627 1001 et
649 937 840 1005 commercia
862 937 1045 1019 celebrata,
1078 951 1111 1002 et
1133 937 1246 1002 eodem
1261 937 1293 1004 in
1305 939 1396 1016 loce,

227 1048 283 1113 ubi
307 1048 503 1114 Batavorum
527 1047 603 1113 odio
627 1047 756 1130 rapinas
783 1067 858 1128 suas
882 1048 1036 1114 adversus
1071 1067 1179 1132 regem
1206 1047 1303 1132 Jorae
1327 1049 1397 1113 Lu-

225 1159 322 1224 sitani
354 1174 586 1239 exercuerant,
620 1174 788 1242 praesente
812 1159 926 1225 eodem
949 1178 1025 1243 rege
1048 1173 1080 1224 et
1103 1158 1255 1226 Batavica
1284 1179 1301 1224 e
1320 1159 1397 1225 navi

225 1284 413 1353 spectante,
426 1269 519 1336 navis
531 1269 722 1335 Lusitanica
733 1269 823 1337 victa
833 1270 1030 1338 Batavorum
1043 1269 1076 1334 in
1088 1284 1282 1353 potestatem
1294 1269 1397 1336 venit.

269 1381 322 1445 Ex
342 1380 497 1461 hisquae
517 1379 658 1446 diximus
678 1396 830 1464 apparet,
851 1381 983 1463 eosqui
1003 1401 1021 1446 a
1041 1381 1179 1446 diversis
1201 1380 1396 1447 Batavorum

227 1491 461 1573 societatibus,
486 1511 570 1574 quae
599 1511 686 1558 nunc
717 1492 751 1558 in
783 1511 886 1558 unum
915 1512 1034 1576 corpus
1065 1494 1283 1573 coaluerunt,
1306 1491 1397 1558 missi

226 1603 351 1669 Indiam
371 1602 500 1683 adiere,
524 1602 811 1684 Lusitanos,cum
830 1623 942 1669 revera
962 1603 1076 1669 hostes
1099 1619 1234 1683 essent,
1257 1623 1322 1669 non
1350 1617 1397 1668 ta-

226 1735 299 1780 men
329 1713 474 1780 hostium
503 1716 577 1780 loco
609 1714 786 1795 habuisse,
819 1714 876 1782 sed
898 1714 1084 1794 remisisse,
1110 1714 1186 1780 dum
1208 1715 1396 1781 ullomodo

225 1825 342 1908 licuit,
363 1826 419 1910 jus
439 1824 524 1892 illud
545 1826 623 1891 belli
646 1825 840 1891 concordiae
859 1825 1031 1891 tentandae
1052 1824 1166 1909 gratia.
1214 1825 1314 1892 Unde
1336 1825 1397 1890 eti-

225 1959 274 2003 am
305 1937 474 2003 codicillos
505 1935 576 2003 sive
608 1938 759 2003 mandata
788 1935 923 2002 bellicae
951 1937 1143 2020 potestatis,
1168 1957 1252 2019 quae
1275 1937 1396 2003 nemini

226 2049 313 2132 apud
334 2050 474 2115 Batavos
502 2048 612 2132 negari
640 2051 771 2128 solent,
795 2047 921 2130 priores
944 2048 1098 2114 nauarchi
1116 2050 1207 2113 nulla
1227 2068 1395 2132 accepere:

223 2159 443 2243 posteriores,
465 2159 560 2224 etiam
588 2159 645 2240 qui
683 2174 893 2241 acceperant,
936 2158 1025 2224 haud
1055 2157 1151 2224 facile
1182 2174 1394 2241 usurparunt.

224 2271 311 2336 Nam
330 2285 387 2335 aut
404 2270 506 2335 vitam
530 2287 621 2333 suam
642 2268 858 2350 fortunasque
879 2266 942 2333 sibi
961 2267 1167 2348 commissas,
1180 2269 1271 2349 quod
1282 2284 1397 2335 natura

225 2396 258 2446 et
279 2380 359 2446 fides
380 2380 558 2463 cogebant,
582 2392 696 2443 contra
711 2378 778 2444 vim
802 2378 921 2443 illatam
942 2392 1214 2462 propugnarunt,
1234 2392 1290 2443 aut
1309 2379 1396 2462 peri·

225 2492 338 2557 culum
369 2489 433 2556 sibi
463 2489 687 2570 intentantes,
711 2509 753 2554 ne
774 2508 901 2572 semper
922 2489 1073 2555 timerent
1095 2491 1148 2556 vel
1171 2488 1283 2555 timere
1304 2489 1396 2556 vide-

225 2615 359 2682 rentur,
383 2601 470 2666 ultro
501 2599 643 2684 aggressi
673 2615 770 2666 sunt:
794 2599 880 2664 sicut
909 2598 1057 2667 Neckius
1086 2600 1126 2666 ad
1151 2600 1323 2683 Tidorim,
1355 2601 1396 2666 ad

224 2713 414 2777 Bantamum
433 2709 668 2795 Wolphardus.
713 2710 792 2775 Post
811 2712 914 2775 multa
931 2711 1060 2776 tandem
1081 2709 1248 2793 facinora,
1273 2712 1396 2794 quibus

225 2826 421 2891 Batavorum
446 2820 687 2905 simplicitatem
707 2820 836 2887 illusam
858 2820 1022 2901 diximus,
1033 2821 1106 2905 jura
1126 2820 1223 2902 belli,
1235 2842 1319 2903 quae
1338 2843 1396 2888 ve·

223 2937 274 3001 lut
292 2934 400 3018 sopita
421 2934 645 3017 quieverant,
668 2931 860 2999 resuscitata
879 2945 957 2997 sunt
977 2946 1008 2997 et
1030 2934 1134 3014 palam
1157 2931 1309 2998 exercita.
1342 2933 1395 2998 Ne
1438 2963 1443 2969 ·

224 3061 294 3111 tum
316 3045 449 3128 quidem
471 3045 620 3126 exemplo
640 3042 876 3109 Lusitanorum
897 3041 1034 3128 prodige
1058 3043 1107 3108 uti
1133 3043 1232 3110 libuit
1251 3045 1395 3110 humano

223 3156 405 3242 sanguine,
429 3155 487 3222 sed
516 3155 686 3221 clementia
711 3174 814 3239 prope
844 3153 942 3220 nimia
966 3153 1010 3218 ita
1034 3169 1161 3239 gestum
1181 3170 1230 3220 est
1248 3157 1394 3238 bellum,

214 3284 263 3334 =ut
282 3282 409 3333 tanturn
428 3267 576 3332 immensi
600 3281 728 3333 sumtus
750 3265 792 3331 ad
813 3263 1083 3333 homines'naves
1103 3285 1221 3350 resque
1244 3266 1395 3332 tutandas

225 3381 264 3444 ab
293 3378 356 3458 iis,
380 3379 536 3445 adversus
560 3398 701 3460 quorum
723 3397 809 3444 amia
830 3376 1028 3459 suscipiendi
1050 3375 1206 3458 fuerunt,
1231 3378 1327 3445 armis
1346 3399 1396 3444 re-

224 3506 449 3575 poscerentur.
501 3491 641 3556 Primam
674 3488 820 3556 omnium
852 3508 1013 3556 caraccam
1046 3509 1118 3556 sero
1149 3490 1324 3556 admodum
1363 3505 1396 3556 et

224 3616 301 3686 post
318 3602 479 3668 diutinam
501 3601 689 3684 patientiam
711 3600 849 3682 Zelandi
868 3600 908 3664 ad
930 3600 1067 3667 Sanctae
1088 3601 1233 3668 Helenae
1254 3600 1394 3667 insulam

224 3726 398 3797 ceperunt,
411 3729 444 3779 et
465 3712 597 3795 quidem
610 3711 727 3778 irritati
748 3730 906 3794 responso
922 3711 1036 3777 hostili
1051 3709 1215 3792 peritique
1228 3710 1394 3792 prioribus

222 3825 297 3892 telis
320 3824 566 3890 Lusitanorum.
600 3823 647 3887 Et
665 3842 862 3904 quamquam
882 3821 996 3888 iisdem
1015 3820 1185 3887 Lusitanis
1206 3821 1393 3886 mandatum

223 3937 256 4002 in
289 3957 323 4006 se
341 3937 463 4001 bellurn
484 3947 731 4015 compererant,
758 3931 960 4013 consiliaque
991 3932 1062 4015 ejus
1092 3931 1138 3995 rei
1167 3930 1300 4009 habita,
1329 3929 1392 4013 ipsi

222 4063 329 4114 tamen
352 4047 411 4128 qui
438 4059 515 4129 post
537 4042 706 4109 victoriam
726 4062 804 4110 suae
824 4043 936 4125 potius
956 4041 1170 4108 humanitatis
1192 4061 1289 4122 quam
1313 4041 1393 4106 alio-

222 4177 293 4224 rum
321 4156 459 4243 injuriae
488 4153 733 4233 meminissent,
758 4172 824 4219 non
848 4153 947 4219 modo
968 4153 1161 4237 mergendos
1178 4154 1308 4237 J'amjam
1325 4173 1392 4218 ser-

222 4286 361 4348 varunt,
384 4268 443 4334 sed
461 4282 548 4333 trans
566 4286 652 4331 mare
674 4265 714 4331 ad
737 4265 874 4330 insulam
898 4282 973 4330 orae
996 4262 1149 4329 Brasiliae
1174 4263 1391 4347 propinquam

223 4394 404 4460 vexerunt,
428 4378 474 4444 ibi
505 4397 641 4462 quoque
668 4376 774 4444 omnis
804 4375 931 4461 generis
958 4389 1140 4442 commeatu
1169 4376 1329 4460 juverunt
1360 4391 1393 4442 et

224 4513 292 4573 quo
312 4490 443 4556 facilius
464 4489 683 4556 continentem
703 4488 922 4574 attingerent,
936 4487 1117 4568 naviculam
1131 4485 1211 4569 ipsis
1222 4501 1390 4570 struxere,

1407 3517 1477 3562 Anno
1501 3524 1553 3564 1602

1408 3571 1502 3618 Martio
1519 3578 1552 3618 16.
