3552 5654
353 674 414 720 110
528 711 532 718 .
645 671 692 720 nit
716 673 808 740 justis
835 672 1021 720 PRAEDAE·
1045 673 1128 720 CAP·
1153 672 1235 722 vul.

350 826 497 911 captivos
529 827 748 895 Athenienses
780 827 868 910 apud
897 825 1045 892 Siculum
1067 838 1076 871 ¹
1097 827 1136 891 ab
1158 825 1235 910 his,
1265 826 1323 908 qui
1342 826 1466 893 malitia
1489 844 1522 895 et

348 939 527 1021 cupiditate
558 958 617 1005 sua
648 939 682 1006 in
704 939 813 1005 clades
836 937 1022 1005 inciderunt
1044 937 1166 1006 frustra
1189 937 1352 1004 fortunam
1377 941 1519 1006 accusari

349 1050 451 1130 dicit,
482 1047 668 1132 frustraque
702 1048 845 1115 affectari
879 1049 1065 1132 supplicum
1099 1068 1228 1116 nomen.
1273 1049 1401 1115 Servari
1434 1049 1519 1116 enim

348 1161 409 1227 ista
440 1161 601 1244 praesidia
631 1160 843 1240 hominibus,
877 1180 1017 1241 quorum
1048 1180 1123 1226 cum
1155 1180 1258 1244 purus
1285 1175 1370 1227 esset
1393 1160 1520 1226 animus

340 1273 418 1338 sola
440 1270 574 1338 fortuna
596 1271 755 1354 peccavit.
801 1272 888 1337 Nam
913 1271 971 1354 qui
995 1270 1092 1337 istius
1122 1286 1230 1339 essent
1255 1271 1340 1356 juris
1370 1286 1518 1340 auctores

346 1379 530 1450 infelicibus
548 1381 823 1464 misericordiam,
847 1403 903 1465 per
932 1381 1126 1467 injustitiam
1145 1382 1412 1464 delinquentibus
1439 1401 1519 1465 poe·

345 1513 420 1561 nam
442 1494 664 1578 proposuisse.
709 1493 837 1559 Deinde
858 1491 1044 1559 concludit:
1068 1495 1161 1578 διόπερ
1179 1499 1309 1570 ἑκουσίως
1325 1497 1452 1578 ἑλόμενοι
1467 1495 1519 1562 πό-

345 1623 435 1688 λεμον
449 1607 544 1674 ἄδικον
560 1608 699 1690 εὐψύχως
716 1607 909 1688 ὑπομενόντων
928 1608 970 1674 τὰ
986 1607 1088 1672 radron
1108 1606 1194 1673 δειναὶ.
1221 1599 1336 1686 Quare
1357 1625 1430 1670 cum
1454 1603 1518 1670 bel·

346 1714 416 1780 lum
439 1716 602 1800 injustum
625 1728 739 1800 sponte
768 1717 973 1800 inceperint,
998 1714 1138 1800 jusdem
1164 1715 1358 1799 infortunia
1371 1714 1519 1799 fortiter

338 1824 476 1909 ferant.
501 1825 729 1908 Eumdemque
741 1825 773 1891 in
794 1845 925 1892 sensum
945 1825 1151 1893 Themistius
1172 1821 1183 1857 ¹
1203 1825 1312 1892 deberi
1331 1825 1412 1892 dicit
1428 1825 1517 1892 casui

347 1935 499 2019 veniam,
532 1936 632 2003 errori
662 1935 929 2021 castigationem,
961 1936 1129 2019 iniquitati
1159 1957 1307 2021 poenam.
1350 1938 1389 2003 In
1420 1937 1517 2004 tertio

345 2061 454 2114 autem
478 2067 595 2133 genere
618 2068 674 2114 eos
696 2048 814 2130 ponit,
844 2047 904 2129 qui
926 2047 1114 2114 rebellionis
1134 2046 1270 2114 fuerunt
1291 2063 1461 2127 auctores,
1484 2048 1518 2114 in

339 2158 514 2240 secundo,
549 2158 607 2242 qui
639 2159 763 2242 impetu
796 2159 937 2241 quodam
959 2158 1037 2226 belli
1059 2159 1183 2244 abrepti
1214 2174 1311 2240 sunt,
1335 2159 1369 2225 in
1391 2159 1516 2242 primu,

347 2269 406 2351 qui
429 2269 513 2352 parti
541 2285 611 2336 tum
639 2269 723 2336 forte
755 2269 908 2336 validiori
938 2270 1194 2337 succubuerunt.
1239 2270 1335 2336 Sicut
1354 2270 1394 2338 de
1413 2269 1518 2334 Athe-

346 2380 515 2448 niensibus
554 2381 635 2448 dicit
673 2381 852 2466 Vellejus,
894 2400 949 2446 eos
989 2381 1196 2448 Mithridatis
1233 2380 1436 2464 temporibus
1476 2381 1517 2447 ab

346 2491 487 2558 inimicis
519 2511 715 2575 oppressos,
758 2505 964 2576 oppugnatos
997 2491 1037 2557 ab
1069 2491 1179 2559 amicis
1217 2507 1249 2558 et
1277 2491 1403 2558 animos
1430 2508 1517 2558 extra

345 2601 495 2684 moenia,
525 2622 660 2686 corpora
684 2603 872 2670 necessitati
899 2603 1077 2670 servientes
1106 2603 1190 2669 intra
1220 2623 1332 2670 muros
1349 2603 1516 2670 habuisse.

345 2714 424 2801 Quo
446 2716 593 2797 exemplo
616 2715 748 2798 probari
768 2729 877 2798 potest
897 2715 1028 2782 illorum
1050 2714 1241 2795 distinctio,
1265 2714 1323 2796 qui
1347 2715 1428 2780 alios
1449 2735 1518 2782 esse

345 2826 458 2892 hostes
487 2825 626 2906 dicunt,
659 2825 740 2892 alios
770 2826 857 2909 apud
888 2827 1010 2893 hostes.
1056 2826 1111 2891 Ad
1141 2827 1230 2894 hunc
1263 2825 1363 2911 igitur
1383 2826 1517 2894 modum

344 2936 452 3008 victor
471 2937 593 3022 judicis
623 2953 738 3003 nactus
761 2951 954 3020 potestatem
976 2937 1290 3004 animadversionem
1312 2935 1516 3020 temperabit.

345 3048 391 3116 Et
421 3049 461 3114 de
490 3068 627 3131 corpore
659 3049 828 3116 hactenus.
875 3049 932 3114 Ad
963 3049 1049 3114 bona
1070 3069 1149 3115 vero
1172 3048 1262 3131 quod
1281 3048 1420 3130 attinet,
1444 3067 1517 3114 cum

345 3159 423 3226 satis
456 3159 533 3225 alibi
553 3159 565 3195 ⁸
584 3159 627 3224 sit
655 3160 852 3242 explicatum
885 3159 966 3242 eripi
999 3180 1036 3226 ea
1068 3179 1165 3244 posse
1198 3159 1239 3226 ad
1261 3159 1516 3242 propulsandum

345 3271 549 3354 periculum,
583 3270 674 3353 quod
701 3271 788 3338 vitae
818 3286 875 3338 aut
903 3271 1002 3338 rebus
1034 3271 1203 3352 imminet,
1228 3269 1353 3353 acquiri
1375 3289 1454 3336 vero
1477 3289 1517 3334 ex

345 3402 440 3450 causa
473 3381 598 3462 debiti,
632 3402 773 3464 quorum
806 3383 889 3451 illud
917 3403 957 3449 ex
986 3381 1082 3466 primi
1116 3381 1262 3464 ordinis,
1285 3383 1350 3447 hoc
1370 3400 1410 3447 ex
1429 3378 1516 3446 tertii

344 3492 472 3578 legibus
504 3492 696 3574 descendit,
729 3493 813 3575 quid
844 3492 898 3560 hic
930 3493 964 3559 in
996 3493 1138 3562 subditis
1170 3493 1271 3558 statui
1305 3492 1420 3558 debeat
1442 3491 1517 3561 visu

344 3625 410 3672 non
434 3619 483 3672 est
505 3604 648 3672 difficile.
675 3605 834 3672 Subditos
857 3605 962 3686 enim,
987 3620 1148 3688 quatenus
1170 3605 1224 3688 jus
1246 3619 1394 3672 nostrum
1419 3602 1514 3669 etiam

343 3716 535 3782 innocentes
568 3714 774 3799 impediunt,
808 3697 895 3783 bello
928 3715 1048 3802 subjici
1076 3730 1150 3782 ante
1171 3713 1183 3784 ⁴,
1203 3715 1326 3806 dictum
1350 3729 1409 3782 est.
1455 3715 1516 3780 Fa-

344 3826 521 3897 cultatibus
553 3841 660 3893 autem
693 3826 762 3894 suis
794 3827 978 3910 impediunt
1009 3847 1069 3894 nos
1093 3846 1226 3908 omneS,
1251 3825 1347 3894 etiam
1371 3825 1430 3908 qui
1453 3824 1515 3908 ipsi

343 3960 410 4007 non
441 3938 582 4008 militant
600 3938 636 4020 ⁶,
664 3959 738 4005 curn
762 3939 890 4005 tributa
908 3938 1101 4021 conferunt,
1134 3938 1256 4020 quibus
1279 3959 1316 4004 ea
1337 3952 1515 4022 parantur,

343 4072 428 4134 quae
460 4069 522 4118 nos
554 4051 587 4124 in
618 4051 706 4117 vitae
728 4050 895 4118 adducunt
918 4050 1091 4120 discrimen
1124 4070 1232 4132 neque
1254 4064 1379 4117 tantum
1407 4061 1520 4118 vetant.

343 4179 454 4230 nostra
483 4183 695 4257 recuperare,
729 4163 786 4227 sed
809 4183 895 4229 nova
919 4162 1051 4247 insuper
1074 4177 1198 4246 cogunt
1219 4160 1364 4226 amittere
1382 4155 1407 4225 ⁸.
1455 4157 1518 4224 His

344 4305 533 4318 *annun—-

376 4382 768 4449 ¹Diod.Sie.l.13.[c.29.]
803 4382 857 4433 ²in
876 4383 991 4434 oratione
1009 4385 1041 4433 ad
1058 4386 1189 4432 Valentem
1210 4382 1248 4447 [p.
1269 4396 1388 4434 111..vs.
1414 4381 1466 4444 rs]
1494 4393 1518 4430 et

332 4480 368 4547 ,in
389 4483 467 4528 altera
482 4480 513 4528 ad
532 4477 741 4527 Valentinianum.
761 4476 799 4538 [p.
821 4479 874 4538 148.
899 4489 938 4525 vs.
962 4477 998 4538 ³.]
1034 4475 1083 4524 ³0.
1107 4489 1130 4533 ³·
1146 4476 1172 4526 ln
1192 4478 1329 4525 demonstr.
1347 4485 1393 4524 art.
1413 4487 1435 4522 1.
1452 4473 1520 4522 Viet.

341 4588 366 4621 n.
386 4584 424 4632 39.
445 4581 483 4624 55·
508 4568 519 4599 ⁴
537 4571 568 4616 ad
586 4580 630 4616 art.
650 4581 672 4614 2.
692 4569 775 4614 conci.
794 4568 818 4614 6.
843 4567 853 4598 ⁵
872 4583 896 4615 v.
915 4581 937 4616 c.
957 4581 980 4617 a.
1004 4566 1094 4616 ‘siim
1115 4567 1140 4615 in
1164 4582 1189 4616 v.
1210 4565 1362 4616 Restitutio.
1379 4577 1402 4621 3·
1419 4565 1445 4614 in
1460 4561 1519 4614 fine.
