3530 5656
357 629 397 688 γα
650 629 697 676 us
720 599 813 694 Jun'r
840 629 1024 678 runcone.
1049 627 1129 676 cnr.
1153 627 1220 674 vn.

355 783 410 850 Ex
431 781 537 866 primo
558 785 654 854 ἄδικόν
675 811 704 853 τι
722 785 916 868 repiremus,
940 802 980 850 ex
998 782 1143 852 secundo
1158 786 1337 858 mee,
1371 799 1411 848 err
1429 779 1528 850 tertio

354 895 445 963 ἄδικοι
473 893 621 960 dicimur.
668 875 785 960 Omnis
814 909 921 960 autem
952 899 1052 964 ἀδικία
1081 911 1193 960 secum
1221 892 1321 958 habet
1340 896 1473 976 ἀδίκημα
1494 907 1529 960 et

354 1007 487 1088 ἀδίκημα
508 1023 604 1070 ornne
623 1010 657 1074 ci
678 1006 792 1075 trem:
824 1005 882 1072 sed
904 1025 971 1070 non
993 1019 1091 1072 retro.
1136 1003 1223 1070 Nam
1246 1002 1308 1070 ista
1330 1021 1527 1086 quemquem

355 1112 389 1181 in
421 1133 461 1180 eo
492 1115 546 1180 cui
576 1113 615 1182 fit
640 1115 760 1200 iniuria
780 1115 865 1182 nihil
885 1115 1067 1199 differunt,
1090 1115 1342 1200 distinguuntur
1364 1129 1471 1181 tamen
1492 1113 1528 1180 in

286 1269 290 1276 -
351 1221 502 1294 faciente.
550 1225 636 1292 Nam
667 1231 766 1298 ὤδικΙω
795 1245 862 1294 non
884 1241 934 1294 est
953 1227 1017 1292 nisi
1040 1225 1242 1307 deliberato,
1264 1231 1297 1296 ic
1319 1227 1524 1309 routpertus:

352 1339 485 1418 iilum
506 1334 670 1402 interdum
682 1355 749 1403 non
761 1337 958 1420 deliberato,
979 1336 1379 1420 sedprroeedcntetumen
1391 1334 1527 1401 scientia

355 1458 388 1510 et
408 1447 604 1528 voluntate,
634 1449 698 1514 hoc
719 1463 770 1516 est
789 1453 900 1525 imeri,
935 1447 994 1515 ubi
1019 1446 1174 1520 nimirum
1198 1445 1354 1531 intelligit
1375 1464 1473 1530 agens
1495 1460 1530 1518 et

354 1556 388 1622 in
420 1576 517 1639 quern
548 1572 580 1623 et
609 1560 779 1641 quomodo
809 1572 842 1624 et
875 1577 935 1624 cur
956 1573 1055 1646 aget,
1079 1557 1224 1642 ideoque
1242 1557 1313 1640 ipse
1332 1557 1407 1624 vult
1425 1573 1530 1640 cgere.

352 1673 397 1736 Ti
419 1669 514 1737 ὶδικον
533 1682 665 1750 autem,
699 1670 790 1752 quod
811 1669 997 1741 scholastici
1016 1670 1027 1712 ²
1048 1685 1168 1741 vocant
1186 1669 1345 1754 injustum
1363 1667 1528 1734 materiale

354 1791 387 1851 et
418 1775 545 1844 formali
579 1795 775 1863 opponunt,
807 1781 929 1849 Baldus
950 1777 962 1819 ²
983 1801 1062 1848 vero
1092 1781 1212 1848 vitium
1246 1778 1438 1852 existentiae
1459 1797 1527 1844 nou

354 1888 573 1956 conscientiae
606 1893 768 1974 appellet,
808 1910 879 1960 csse
909 1905 1020 1975 potest
1053 1891 1087 1958 in
1116 1891 1157 1963 iis
1188 1890 1309 1973 edam,
1344 1909 1428 1972 quae
1462 1909 1530 1956 non

356 2015 473 2082 sponte
507 1999 614 2083 fiunt,
647 2002 744 2087 cujus
777 2003 905 2089 generis
930 2016 1009 2068 sunt
1031 2001 1211 2069 infortunia
1232 2015 1264 2067 et
1286 2020 1434 2081 errores,
1456 2006 1529 2070 ew

352 2116 484 2196 xime
515 2115 565 2182 nat
587 2117 811 2198 imprime:
840 2115 923 2180 haec
943 2113 1075 2196 quidem
1095 2133 1169 2180 cum
1193 2111 1323 2178 initium
1347 2110 1464 2196 egendi
1486 2110 1529 2176 ab

355 2222 463 2288 animo
496 2236 545 2290 est
579 2223 705 2308 egentis
733 2223 792 2290 sed
822 2223 867 2290 ita
901 2239 1008 2291 temen
1041 2239 1080 2291 ut
1102 2225 1136 2292 in
1158 2224 1272 2307 aliquo
1298 2221 1449 2302 fallatur,
1472 2221 1528 2288 ills

352 2353 434 2400 vero
457 2334 514 2401 ubi
537 2333 669 2402 initiunt
699 2335 816 2422 agendi
845 2333 998 2416 aliunde,
1032 2349 1071 2402 ut
1092 2335 1120 2404 si
1143 2337 1244 2402 telum
1267 2353 1365 2400 rnunu
1387 2331 1526 2418 fugerit,

355 2445 440 2510 etin
464 2445 595 2510 coactis.
637 2449 683 2514 Ti
704 2447 798 2516 ἄδικον
820 2465 916 2512 omne
937 2461 1065 2513 veteres
1080 2445 1165 2530 juris
1186 2445 1329 2512 Romani
1351 2443 1527 2514 suctores*

354 2575 500 2634 noxam,
524 2570 557 2620 ct
575 2555 609 2620 id
624 2556 754 2639 proprie
766 2555 820 2621 cui
833 2557 925 2625 abest
944 2561 978 2626 ri
1000 2561 1131 2639 ἀδίκημα
1145 2558 1340 2642 pauperiem
1361 2555 1526 2628 dixerunt.

352 2665 482 2732 Anirnel
512 2666 603 2749 quod
632 2685 730 2734 sensu
757 2666 893 2734 rationis
926 2681 1015 2734 caret
1046 2665 1166 2751 injuria
1183 2685 1251 2734 non
1274 2663 1370 2744 ircit,
1392 2665 1456 2730 hoc
1479 2677 1529 2732 esc

350 2781 483 2860 ἀδίκημα
503 2790 560 2844 eut
580 2782 678 2848 ὦδικία
700 2777 733 2843 in
755 2778 845 2844 istud
867 2777 985 2845 animai
1006 2795 1072 2850 non
1095 2777 1206 2858 cadit,
1230 2795 1304 2842 euru
1323 2777 1527 2842 voluntatem

352 2907 418 2954 non
439 2888 557 2954 habeat
577 2903 610 2954 ct
630 2890 735 2955 rnulto
758 2889 866 2959 minus
887 2887 1093 2956 eiectionem.
1136 2887 1292 2973 Iniurium
1312 2901 1418 2952 nmen
1439 2884 1528 2954 facit.

350 2999 438 3064 Nam
459 2997 579 3083 injuria
600 3017 718 3067 nomen
736 3001 883 3082 generale
907 3014 956 3066 est
976 3015 1014 3066 ut
1032 2999 1066 3064 in
1088 3001 1160 3084 lege
1172 2997 1305 3082 Aquilia
1324 2997 1361 3078 ⁴,
1385 2997 1527 3063 etiamin

353 3127 416 3189 eo,
439 3109 498 3191 qui
519 3127 636 3174 nocere
659 3109 776 3178 noluit.
821 3110 868 3176 Et
887 3108 974 3176 forte
992 3129 1059 3178 non
1078 3111 1256 3178 errabimus
1275 3109 1303 3176 si
1315 3109 1462 3175 dicamus
1477 3113 1528 3177 τὸν

350 3221 482 3288 diedesi
493 3223 660 3303 epate-rom
674 3219 794 3305 facere
810 3223 1000 3308 insuetam,
1015 3228 1065 3292 τὸν
1076 3227 1231 3292 ἀδικοῦντα
1243 3221 1363 3306 facere
1373 3221 1525 3305 injuria,

351 3333 399 3397 τὸν
417 3331 512 3398 ἄδικον
524 3329 826 3416 facereinjuriosc.
849 3332 981 3420 Quibus
1003 3331 1524 3418 respondentnmnmpewm.

350 3443 562 3523 δικαιοπραγεῖν
572 3442 623 3508 cei
638 3443 752 3518 δικαίως
763 3444 917 3526 πρόπαν,
933 3443 1054 3527 facere
1065 3444 1148 3528 fus,
1160 3442 1391 3530 facerejure,
1405 3439 1525 3524 facere

343 3549 447 3633 juste.
470 3549 614 3616 Possunt
631 3564 664 3616 et
685 3552 765 3618 haec
788 3553 829 3620 ed
850 3555 951 3622 verbe
969 3554 1130 3624 Marciani
1151 3554 1163 3594 ⁶
1185 3551 1370 3638 dejrtdiciis
1381 3549 1526 3634 publicis

353 3659 480 3742 aptari,
501 3675 540 3726 ut
561 3660 705 3728 dicemus
725 3665 820 3734 ἄδικόν
838 3691 867 3734 rr
889 3667 1029 3749 πράττειν
1048 3685 1121 3730 eunt
1144 3663 1203 3747 qui
1215 3684 1320 3745 casu,
1342 3669 1450 3732 ἀδικεῖν
1465 3660 1524 3743 qui

351 3774 609 3858 impermixtos
629 3777 767 3858 eperum
788 3793 862 3840 eunt
874 3775 933 3858 qui
940 3779 1110 3864 proposito
1121 3773 1295 3858 delinquit.
1319 3773 1407 3839 Dico
1423 3771 1526 3856 igitur

353 3901 414 3950 nos
425 3903 499 3948 curn
516 3883 550 3949 in
563 3885 657 3950 hoste
668 3884 819 3970 injuriant
831 3885 1028 3969 requirimus
1041 3886 1136 3953 etiarn
1149 3905 1218 3952 eam
1232 3883 1524 3968 comprehendere,

352 4014 436 4077 quae
465 3996 652 4063 voluntarie
681 4015 748 4062 non
772 3995 846 4062 fiat:
883 3997 974 4079 quod
997 3998 1060 4063 hoc
1093 3997 1193 4064 modo
1222 3993 1429 4064 manifestum
1452 3993 1523 4060 erit.

385 4335 503 4388 1ΊἹιοιπ.
530 4351 799 4402 consperto.
834 4337 894 4390 'ad
911 4343 928 4388 1.
949 4354 970 4390 r.
989 4342 1018 4396 C.
1038 4342 1105 4394 unde
1124 4340 1160 4389 vi.
1178 4341 1222 4402 [C.
1239 4343 1262 4388 8.
1280 4340 1318 4402 φ]
1354 4337 1399 4386 ⁸1.
1420 4336 1523 4388 1.ff.si

351 4430 502 4490 quadrupes.
521 4429 565 4494 [D.
582 4443 607 4495 p.
627 4430 662 4491 r.]
697 4428 742 4480 ⁴1.
761 4431 806 4482 sed
822 4429 879 4480 etsi.
897 4433 919 4490 §-
940 4444 961 4479 ι.
979 4431 1004 4486 ff.
1021 4432 1052 4486 ed
1067 4433 1085 4478 1.
1101 4430 1187 4491 nquit.
1199 4431 1242 4492 [D.
1258 4445 1282 4492 9.
1299 4444 1321 4480 2.
1333 4429 1369 4493 s.]
1403 4428 1449 4477 ⁵1.
1464 4442 1522 4490 per·

350 4518 519 4577 spiciendurn.
535 4524 558 4580 4.
576 4520 739 4582 delinquitur.
756 4520 782 4569 ff.
797 4522 829 4570 de
846 4520 946 4581 poenis.
965 4521 1009 4582 [Dr
1025 4523 1066 4582 48.
1086 4535 1123 4582 19.
1145 4535 1182 4570 ιι.
1199 4521 1221 4582 §-
1239 4521 1275 4583 n]
