3530 5656
599 643 647 689 DE
670 641 765 708 JURE
790 640 974 690 sunnon.
998 643 1078 691 CAF.
1102 643 1142 690 11.
1415 642 1458 704 2?

285 818 370 881 quos
402 817 513 864 omnes
541 812 652 883 gentes
676 817 759 880 quae
780 796 946 880 republica
966 811 1107 864 utuntur
1126 817 1229 879 aeque
1249 812 1379 864 sanctos
1401 798 1458 863 ha·

283 911 385 992 bent,
410 909 449 974 de
472 909 612 976 mortuis
632 908 826 993 sepeliendis
847 917 857 958 ¹
883 923 916 973 et
935 909 999 975 alia
1020 909 1194 994 ejusmodi.
1241 909 1327 975 Sunt
1349 924 1456 975 autem
1471 925 1540 1024 rlrova
1553 924 1589 989 p·

283 1023 363 1087 haec
384 1021 523 1087 duorum
547 1041 713 1106 generum.
741 1020 818 1086 Alia
838 1020 923 1086 enim
946 1021 1032 1103 pacti
1054 1021 1122 1088 vim
1143 1022 1265 1092 babent
1285 1020 1369 1087 inter
1391 1041 1457 1088 res·
1471 989 1578 1025 ‘mm'

283 1133 454 1217 publicas,
479 1147 516 1198 ut
540 1152 624 1214 quae
646 1132 745 1198 modo
766 1131 929 1200 diximus:
954 1132 1016 1198 alia
1041 1153 1107 1198 non
1130 1133 1275 1215 babent,
1300 1153 1384 1215 quae
1407 1152 1457 1198 re·

282 1259 395 1328 ceptae
417 1243 529 1327 potius
550 1244 798 1328 consuetudinis
816 1243 972 1326 nornine,
997 1263 1093 1326 quam
1112 1244 1195 1328 juris
1216 1244 1456 1328 appellaverim.

284 1356 347 1422 Sed
371 1371 477 1422 tamen
499 1370 531 1420 et
552 1355 632 1422 lraec
649 1355 732 1440 juris
754 1355 899 1441 gentium
920 1353 1109 1438 frequenter
1132 1355 1304 1436 dicuntur,
1323 1371 1362 1422 ut
1373 1375 1457 1438 quae

283 1468 322 1533 de
342 1466 525 1549 servitute,
550 1467 591 1532 de
612 1467 707 1535 certis
727 1482 951 1534 contractuum
972 1467 1143 1552 generibus
1166 1483 1198 1532 et
1213 1468 1455 1535 successionum

283 1580 397 1645 ordine
425 1578 540 1663 populi
572 1599 684 1646 omnes
715 1594 771 1646 aut
802 1579 973 1663 plerique,
998 1599 1070 1644 cum
1094 1579 1228 1646 seorsim
1252 1580 1390 1665 singulis
1413 1579 1458 1644 ita

283 1692 472 1776 expediret,
505 1691 538 1757 in
559 1691 702 1757 eamdem
733 1689 867 1758 formam
896 1689 1077 1758 imitatione
1097 1705 1154 1757 aut
1175 1689 1312 1758 fortuito
1335 1705 1457 1758 statue·
1491 1671 1492 1674 Ἴ

283 1817 368 1870 runt.
412 1790 527 1892 Quare
559 1804 598 1868 ab
632 1802 686 1870 his
718 1801 878 1870 institutis
910 1802 998 1868 licet·
1011 1802 1149 1887 singulis
1176 1803 1348 1884 recedere,
1379 1803 1456 1885 quia

282 1935 341 1981 nec
362 1914 576 1981 communiter
598 1914 656 1981 sed
678 1914 843 2000 sigillatim
867 1913 1052 2010 introducta
1074 1928 1164 1980 sunt.
1193 1914 1280 1980 Nam
1306 1929 1339 1980 et
1358 1914 1456 1981 simili

282 2027 406 2092 ratione
433 2045 499 2092 non
524 2025 686 2108 quidquid
723 2026 756 2092 in
779 2026 945 2109 republica
967 2025 1132 2108 plerisque
1151 2025 1306 2092 usitatum
1327 2041 1377 2093 est
1393 2041 1457 2092 sta-

268 2139 339 2204 tim
360 2140 415 2224 jus
437 2137 555 2217 faciet,
574 2137 632 2204 sed
654 2137 689 2204 id
710 2138 838 2202 demum
863 2137 954 2220 quod
976 2136 1098 2204 civium
1121 2137 1204 2203 inter
1224 2157 1259 2204 se
1277 2137 1456 2204 communi-

282 2251 440 2318 cationem
475 2249 616 2333 respicit.
663 2249 748 2315 Sunt
779 2249 863 2316 eninr
896 2252 998 2317 multa
1028 2269 1094 2315 non
1115 2249 1239 2333 publici
1260 2250 1317 2317 sed
1336 2249 1455 2333 privati

281 2362 404 2442 moris,
437 2361 546 2444 qualia
573 2360 700 2427 infinita
722 2361 761 2426 de
783 2361 929 2441 vestito,
953 2361 992 2427 de
1011 2360 1199 2442 conviviis,
1225 2361 1266 2426 de
1285 2359 1456 2427 funeribus

283 2472 456 2556 antiquarii
491 2488 695 2558 congerunt,
724 2493 742 2537 a
773 2472 896 2555 quibus
927 2472 986 2540 etsi
1020 2475 1123 2558 vulgo
1156 2473 1295 2556 receptis
1329 2473 1454 2539 licitum

284 2601 388 2652 tamen
421 2599 470 2651 est
500 2583 639 2669 singulis
672 2583 1012 2667 patribusfamiliarum
1047 2603 1109 2652 suo
1142 2584 1275 2650 arbitrio
1298 2585 1454 2650 recedere.

283 2696 347 2762 Sed
381 2697 466 2761 inter
494 2697 581 2780 leges
615 2707 755 2762 caeteras
787 2695 858 2779 ejus
891 2695 1034 2780 gentium
1053 2694 1162 2781 J'uris,
1187 2695 1278 2777 quod
1300 2698 1394 2762 velut
1417 2717 1455 2761 ex

283 2822 451 2874 contractu
474 2808 616 2890 populos
636 2806 739 2891 ligat,
762 2806 935 2890 praecipua
957 2821 1007 2873 est
1029 2826 1113 2889 quae
1135 2806 1257 2889 primae
1277 2807 1341 2892 legi
1364 2806 1454 2872 civili

283 2919 496 2987 assimilatur:
520 2919 575 2982 Ne
595 2919 781 3006 respublica
802 2939 864 2983 neu
894 2921 1032 2988 cinisio
1053 2917 1197 2984 alteram
1219 2918 1455 3004 rempublicam
1481 2931 1600 2978 sexrrr.

283 3030 465 3100 alteriusve
496 3035 597 3100 ciuem
622 3033 682 3118 jus
714 3053 808 3096 suum
839 3033 905 3095 nisi
924 3030 1055 3117 judicio
1086 3045 1310 3116 exsequatur.
1348 3030 1455 3096 Cuius

283 3143 414 3225 quidem
433 3141 527 3227 'legis
558 3143 732 3209 necessitas
755 3163 812 3225 per
835 3162 869 3208 se
889 3142 1060 3225 perspicua
1084 3157 1133 3210 est
1156 3156 1188 3208 et
1210 3162 1250 3207 ex
1272 3141 1347 3222 his,
1371 3161 1456 3224 quae

283 3273 379 3337 supra
400 3253 566 3337 diximuS,
586 3255 686 3337 repeti
720 3268 848 3337 potest:
872 3254 929 3322 sed
952 3254 1013 3320 alia
1035 3254 1089 3320 hic
1110 3253 1267 3336 quaedam
1287 3253 1456 3319 suboritur
1547 3340 1548 3344 Ἰ

283 3366 477 3448 difficultas,
511 3387 594 3448 quae
625 3367 658 3432 in
691 3368 761 3450 lege
792 3365 882 3431 civili
914 3384 979 3431 non
1006 3379 1081 3432 erat.
1127 3365 1213 3430 Nam
1234 3364 1324 3431 cives
1346 3363 1455 3447 reipu-

283 3477 386 3543 blicae
418 3497 495 3544 suae
527 3481 758 3557 ὑποτάσσοντκι,
783 3477 923 3559 ideoque
947 3476 1016 3544 sive
1036 3477 1120 3542 inter
1142 3496 1176 3544 sc
1208 3475 1277 3542 sive
1309 3495 1382 3541 cum
1405 3497 1455 3541 re·

283 3588 413 3671 publica
443 3609 502 3656 sua
520 3588 740 3670 contendunt,
770 3588 886 3654 merito
909 3591 979 3675 ejus
998 3587 1156 3673 judicium
1178 3587 1363 3671 accipiunt:
1390 3607 1456 3654 res·

283 3698 413 3782 publica
424 3715 530 3767 autem
544 3699 636 3765 alteri
648 3699 844 3784 reipublicae
860 3719 926 3766 non
939 3703 1135 3770 ὑποτάσσεται
1152 3699 1210 3766 sed
1229 3702 1455 3782 divenderetur,

282 3833 345 3877 non
375 3813 488 3878 subter
518 3811 576 3877 ssd
601 3824 720 3877 contra
746 3815 860 3897 posita
892 3825 963 3891 est,
987 3826 1086 3893 atque
1109 3810 1220 3876 itidem
1255 3809 1337 3877 civis
1356 3810 1455 3877 unius

281 3923 346 3988 civi
377 3922 521 3989 alterius.
567 3923 614 3986 At
645 3922 874 4006 rempublicam
903 3921 1035 4004 quidem
1057 3922 1174 3988 debere
1194 3921 1339 4006 iudicare
1361 3920 1454 3989 facile
1467 3949 1536 3998 rr...
1549 3951 1586 4016 μ.

281 4037 474 4115 constabat,
507 4034 547 4099 ad
570 4048 674 4100 utram
696 4054 776 4100 vero
798 4033 933 4099 duarum
956 4032 990 4098 id
1010 4033 1185 4116 pertineret
1207 4048 1453 4100 controversum
1467 4004 1573 4050 ‘Imm'

281 4167 350 4214 esse
373 4161 528 4231 poterat,
553 4146 676 4230 quippe
696 4165 769 4210 cunr
793 4145 939 4229 singulae
962 4144 1045 4209 illud
1068 4160 1202 4228 possent
1222 4144 1387 4211 occinere:

314 4465 417 4527 lsoph.
442 4467 519 4524 Aiace
548 4470 599 4531 [vs.
628 4471 711 4532 rasa]
735 4481 759 4517 et
784 4467 911 4529 Antigone
933 4465 1035 4527 passim.
1061 4466 1112 4514 Dio
1139 4468 1268 4526 chrysost.
1289 4469 1321 4516 de
1338 4481 1453 4517 consuet.

282 4557 348 4624 [vol.
364 4571 387 4606 2.
405 4559 494 4608 Reisk.
511 4574 537 4624 p.
552 4560 622 4625 411.]
642 4561 721 4612 Isocr.
737 4562 795 4608 Hel.
809 4573 865 4608 enc-
884 4559 921 4624 [p.
939 4559 1008 4621 214]
1028 4569 1053 4606 et
1070 4557 1098 4606 in
1113 4558 1202 4622 Peneg.
1220 4557 1259 4622 [p.
1279 4570 1318 4614 31.
1336 4561 1433 4626 steph]
