<?xml version="1.0" encoding="UTF-8"?>
<!DOCTYPE html PUBLIC "-//W3C//DTD XHTML 1.0 Transitional//EN"
    "http://www.w3.org/TR/xhtml1/DTD/xhtml1-transitional.dtd">
<html xmlns="http://www.w3.org/1999/xhtml" xml:lang="en" lang="en">
 <head>
  <title>
</title>
<meta http-equiv="Content-Type" content="text/html;charset=utf-8" />
  <meta name='ocr-system' content='tesseract 3.04.00' />
  <meta name='ocr-capabilities' content='ocr_page ocr_carea ocr_par ocr_line ocrx_word'/>
</head>
<body>
  <div class='ocr_page' id='page_1' title='image "./ledroitdeprised00hamagoog_0139.png"; bbox 0 0 3552 5654; ppageno 0'>
   <div class='ocr_carea' id='block_1_1' title="bbox 551 681 1414 749">
    <p class='ocr_par' dir='ltr' id='par_1_1' title="bbox 551 681 1414 749">
     <span class='ocr_line' id='line_1_1' title="bbox 551 681 1414 749; baseline 0 -22"><span class='ocrx_word' id='word_1_1' title='bbox 551 681 597 727; x_wconf 73' lang='lat' dir='ltr'>mr</span> <span class='ocrx_word' id='word_1_2' title='bbox 621 682 713 749; x_wconf 84' lang='lat' dir='ltr'>JURE</span> <span class='ocrx_word' id='word_1_3' title='bbox 740 682 922 730; x_wconf 83' lang='lat' dir='ltr'><strong>PRAEDAE.</strong></span> <span class='ocrx_word' id='word_1_4' title='bbox 948 683 1028 729; x_wconf 82' lang='lat' dir='ltr'>CAI’.</span> <span class='ocrx_word' id='word_1_5' title='bbox 1052 682 1131 728; x_wconf 91' lang='lat' dir='ltr'>VIII.</span> <span class='ocrx_word' id='word_1_6' title='bbox 1354 683 1414 743; x_wconf 84' lang='lat'>117</span> 
     </span>
    </p>
   </div>
   <div class='ocr_carea' id='block_1_2' title="bbox 223 832 1573 3906">
    <p class='ocr_par' dir='ltr' id='par_1_2' title="bbox 223 832 1573 3906">
     <span class='ocr_line' id='line_1_2' title="bbox 239 832 1573 941; baseline 0 -42"><span class='ocrx_word' id='word_1_7' title='bbox 239 832 357 918; x_wconf 90' lang='lat' dir='ltr'>recipit</span> <span class='ocrx_word' id='word_1_8' title='bbox 378 834 449 902; x_wconf 90' lang='lat' dir='ltr'>sive</span> <span class='ocrx_word' id='word_1_9' title='bbox 478 833 733 902; x_wconf 90' lang='lat' dir='ltr'>additamentum</span> <span class='ocrx_word' id='word_1_10' title='bbox 754 848 786 901; x_wconf 77' lang='lat' dir='ltr'>ct</span> <span class='ocrx_word' id='word_1_11' title='bbox 807 847 969 921; x_wconf 79' lang='lat' dir='ltr'>quatenus</span> <span class='ocrx_word' id='word_1_12' title='bbox 985 832 1067 919; x_wconf 82' lang='lat' dir='ltr'>fides</span> <span class='ocrx_word' id='word_1_13' title='bbox 1084 838 1267 921; x_wconf 76' lang='lat' dir='ltr'>permittit.</span> <span class='ocrx_word' id='word_1_14' title='bbox 1313 833 1414 900; x_wconf 93' lang='lat' dir='ltr'>Nunc</span> <span class='ocrx_word' id='word_1_15' title='bbox 1427 842 1504 941; x_wconf 52' lang='lat'>2³:321·</span> <span class='ocrx_word' id='word_1_16' title='bbox 1512 842 1573 941; x_wconf 76' lang='lat' dir='ltr'>II&#39;</span> 
     </span>
     <span class='ocr_line' id='line_1_3' title="bbox 239 927 1560 1032; baseline 0 -22"><span class='ocrx_word' id='word_1_17' title='bbox 239 945 406 1027; x_wconf 90' lang='lat' dir='ltr'>quomodo</span> <span class='ocrx_word' id='word_1_18' title='bbox 429 938 664 1029; x_wconf 68' lang='lat' dir='ltr'>subditi&#39;juste</span> <span class='ocrx_word' id='word_1_19' title='bbox 686 946 809 1012; x_wconf 89' lang='lat' dir='ltr'>bellum</span> <span class='ocrx_word' id='word_1_20' title='bbox 826 959 953 1032; x_wconf 84' lang='lat' dir='ltr'><strong>gerant,</strong></span> <span class='ocrx_word' id='word_1_21' title='bbox 974 944 1201 1028; x_wconf 91' lang='lat' dir='ltr'>explicandum</span> <span class='ocrx_word' id='word_1_22' title='bbox 1214 959 1283 1012; x_wconf 88' lang='lat' dir='ltr'>est:</span> <span class='ocrx_word' id='word_1_23' title='bbox 1307 961 1482 1027; x_wconf 78' lang='lat' dir='ltr'>nequerm</span> <span class='ocrx_word' id='word_1_24' title='bbox 1492 927 1532 995; x_wconf 59' lang='lat'><em>⁸¹1·</em></span> <span class='ocrx_word' id='word_1_25' title='bbox 1553 927 1560 942; x_wconf 69' lang='grc'>’</span> 
     </span>
     <span class='ocr_line' id='line_1_4' title="bbox 239 1055 1415 1139; baseline 0.003 -20"><span class='ocrx_word' id='word_1_26' title='bbox 239 1055 325 1121; x_wconf 88' lang='lat' dir='ltr'>enirn</span> <span class='ocrx_word' id='word_1_27' title='bbox 347 1057 388 1122; x_wconf 90' lang='lat' dir='ltr'>ab</span> <span class='ocrx_word' id='word_1_28' title='bbox 417 1055 482 1122; x_wconf 92' lang='lat' dir='ltr'>illis</span> <span class='ocrx_word' id='word_1_29' title='bbox 512 1056 636 1139; x_wconf 90' lang='lat' dir='ltr'>suscipi</span> <span class='ocrx_word' id='word_1_30' title='bbox 659 1057 737 1124; x_wconf 89' lang='lat' dir='ltr'>satis</span> <span class='ocrx_word' id='word_1_31' title='bbox 765 1070 856 1139; x_wconf 91' lang='lat' dir='ltr'>patet</span> <span class='ocrx_word' id='word_1_32' title='bbox 877 1062 900 1122; x_wconf 90' lang='lat'>¹.</span> <span class='ocrx_word' id='word_1_33' title='bbox 945 1055 1087 1121; x_wconf 85' lang='lat' dir='ltr'><strong>Materia</strong></span> <span class='ocrx_word' id='word_1_34' title='bbox 1119 1056 1197 1122; x_wconf 91' lang='lat' dir='ltr'>belli</span> <span class='ocrx_word' id='word_1_35' title='bbox 1229 1055 1415 1122; x_wconf 85' lang='lat' dir='ltr'><strong>voluntarie</strong></span> 
     </span>
     <span class='ocr_line' id='line_1_5' title="bbox 239 1165 1416 1251; baseline 0.003 -22"><span class='ocrx_word' id='word_1_36' title='bbox 239 1165 411 1250; x_wconf 86' lang='lat' dir='ltr'>agentibus</span> <span class='ocrx_word' id='word_1_37' title='bbox 441 1165 548 1249; x_wconf 90' lang='lat' dir='ltr'>ipsum</span> <span class='ocrx_word' id='word_1_38' title='bbox 569 1167 625 1251; x_wconf 88' lang='lat' dir='ltr'>jus</span> <span class='ocrx_word' id='word_1_39' title='bbox 648 1165 735 1244; x_wconf 91' lang='lat' dir='ltr'>fuit,</span> <span class='ocrx_word' id='word_1_40' title='bbox 759 1165 903 1234; x_wconf 90' lang='lat' dir='ltr'>subditis</span> <span class='ocrx_word' id='word_1_41' title='bbox 924 1179 1131 1249; x_wconf 90' lang='lat' dir='ltr'>praeceptum</span> <span class='ocrx_word' id='word_1_42' title='bbox 1160 1165 1355 1250; x_wconf 90' lang='lat' dir='ltr'>superioris:</span> <span class='ocrx_word' id='word_1_43' title='bbox 1377 1181 1416 1232; x_wconf 90' lang='lat' dir='ltr'>ut</span> 
     </span>
     <span class='ocr_line' id='line_1_6' title="bbox 239 1275 1416 1362; baseline 0.001 -22"><span class='ocrx_word' id='word_1_44' title='bbox 239 1275 341 1362; x_wconf 85' lang='lat' dir='ltr'>igitur</span> <span class='ocrx_word' id='word_1_45' title='bbox 369 1276 435 1342; x_wconf 91' lang='lat' dir='ltr'>illis</span> <span class='ocrx_word' id='word_1_46' title='bbox 466 1278 543 1361; x_wconf 89' lang='lat' dir='ltr'>jus,</span> <span class='ocrx_word' id='word_1_47' title='bbox 574 1277 620 1344; x_wconf 86' lang='lat' dir='ltr'>ita</span> <span class='ocrx_word' id='word_1_48' title='bbox 648 1277 702 1344; x_wconf 92' lang='lat' dir='ltr'>his</span> <span class='ocrx_word' id='word_1_49' title='bbox 731 1291 939 1361; x_wconf 88' lang='lat' dir='ltr'>praeceptum</span> <span class='ocrx_word' id='word_1_50' title='bbox 973 1276 1082 1360; x_wconf 84' lang='lat' dir='ltr'>egredi</span> <span class='ocrx_word' id='word_1_51' title='bbox 1113 1289 1186 1344; x_wconf 90' lang='lat' dir='ltr'>tuto</span> <span class='ocrx_word' id='word_1_52' title='bbox 1207 1295 1274 1343; x_wconf 91' lang='lat' dir='ltr'>non</span> <span class='ocrx_word' id='word_1_53' title='bbox 1296 1276 1373 1342; x_wconf 91' lang='lat' dir='ltr'>licet</span> <span class='ocrx_word' id='word_1_54' title='bbox 1393 1281 1416 1342; x_wconf 82' lang='lat'>¹.</span> 
     </span>
     <span class='ocr_line' id='line_1_7' title="bbox 240 1385 1417 1470; baseline 0.001 -19"><span class='ocrx_word' id='word_1_55' title='bbox 240 1385 368 1470; x_wconf 86' lang='lat' dir='ltr'><strong>Legum</strong></span> <span class='ocrx_word' id='word_1_56' title='bbox 391 1386 476 1453; x_wconf 92' lang='lat' dir='ltr'>enim</span> <span class='ocrx_word' id='word_1_57' title='bbox 498 1387 749 1470; x_wconf 88' lang='lat' dir='ltr'>convenientia,</span> <span class='ocrx_word' id='word_1_58' title='bbox 770 1402 808 1453; x_wconf 94' lang='lat' dir='ltr'>ut</span> <span class='ocrx_word' id='word_1_59' title='bbox 827 1386 905 1453; x_wconf 91' lang='lat' dir='ltr'>alibi</span> <span class='ocrx_word' id='word_1_60' title='bbox 926 1386 1130 1453; x_wconf 89' lang='lat' dir='ltr'>ostendimus</span> <span class='ocrx_word' id='word_1_61' title='bbox 1146 1385 1182 1468; x_wconf 83' lang='lat'>¹,</span> <span class='ocrx_word' id='word_1_62' title='bbox 1201 1386 1326 1454; x_wconf 87' lang='lat' dir='ltr'>ratione</span> <span class='ocrx_word' id='word_1_63' title='bbox 1337 1387 1417 1454; x_wconf 92' lang='lat' dir='ltr'>sub-</span> 
     </span>
     <span class='ocr_line' id='line_1_8' title="bbox 241 1496 1417 1582; baseline 0.001 -21"><span class='ocrx_word' id='word_1_64' title='bbox 241 1497 385 1563; x_wconf 92' lang='lat' dir='ltr'>ditorum</span> <span class='ocrx_word' id='word_1_65' title='bbox 416 1497 450 1563; x_wconf 90' lang='lat' dir='ltr'>in</span> <span class='ocrx_word' id='word_1_66' title='bbox 482 1519 518 1564; x_wconf 89' lang='lat' dir='ltr'>ea</span> <span class='ocrx_word' id='word_1_67' title='bbox 541 1498 695 1582; x_wconf 91' lang='lat' dir='ltr'>opinione</span> <span class='ocrx_word' id='word_1_68' title='bbox 718 1496 887 1576; x_wconf 87' lang='lat' dir='ltr'>consistit,</span> <span class='ocrx_word' id='word_1_69' title='bbox 912 1516 977 1578; x_wconf 89' lang='lat' dir='ltr'>qua</span> <span class='ocrx_word' id='word_1_70' title='bbox 999 1496 1207 1580; x_wconf 83' lang='lat' dir='ltr'>superiorum</span> <span class='ocrx_word' id='word_1_71' title='bbox 1227 1499 1318 1582; x_wconf 87' lang='lat' dir='ltr'>jussa</span> <span class='ocrx_word' id='word_1_72' title='bbox 1338 1515 1417 1563; x_wconf 92' lang='lat' dir='ltr'>con-</span> 
     </span>
     <span class='ocr_line' id='line_1_9' title="bbox 242 1607 1416 1692; baseline 0 -20"><span class='ocrx_word' id='word_1_73' title='bbox 242 1626 322 1690; x_wconf 89' lang='lat' dir='ltr'>grua</span> <span class='ocrx_word' id='word_1_74' title='bbox 350 1607 496 1692; x_wconf 85' lang='lat' dir='ltr'>justitiae</span> <span class='ocrx_word' id='word_1_75' title='bbox 529 1609 747 1676; x_wconf 84' lang='lat' dir='ltr'>arbitrantur:</span> <span class='ocrx_word' id='word_1_76' title='bbox 771 1609 834 1675; x_wconf 93' lang='lat' dir='ltr'>hoc</span> <span class='ocrx_word' id='word_1_77' title='bbox 857 1621 965 1673; x_wconf 91' lang='lat' dir='ltr'>autem</span> <span class='ocrx_word' id='word_1_78' title='bbox 988 1607 1062 1673; x_wconf 91' lang='lat' dir='ltr'>illos</span> <span class='ocrx_word' id='word_1_79' title='bbox 1086 1607 1171 1674; x_wconf 90' lang='lat' dir='ltr'>tueri</span> <span class='ocrx_word' id='word_1_80' title='bbox 1198 1626 1265 1674; x_wconf 93' lang='lat' dir='ltr'>non</span> <span class='ocrx_word' id='word_1_81' title='bbox 1284 1622 1416 1690; x_wconf 89' lang='lat' dir='ltr'>potest,</span> 
     </span>
     <span class='ocr_line' id='line_1_10' title="bbox 241 1717 1417 1804; baseline -0.001 -22"><span class='ocrx_word' id='word_1_82' title='bbox 241 1737 316 1783; x_wconf 93' lang='lat' dir='ltr'>cum</span> <span class='ocrx_word' id='word_1_83' title='bbox 339 1719 480 1788; x_wconf 89' lang='lat' dir='ltr'>mandati</span> <span class='ocrx_word' id='word_1_84' title='bbox 499 1718 579 1784; x_wconf 90' lang='lat' dir='ltr'>fines</span> <span class='ocrx_word' id='word_1_85' title='bbox 602 1738 668 1785; x_wconf 93' lang='lat' dir='ltr'>non</span> <span class='ocrx_word' id='word_1_86' title='bbox 689 1720 878 1786; x_wconf 88' lang='lat' dir='ltr'>observant.</span> <span class='ocrx_word' id='word_1_87' title='bbox 923 1717 1067 1785; x_wconf 79' lang='lat' dir='ltr'>Eatenus</span> <span class='ocrx_word' id='word_1_88' title='bbox 1089 1717 1190 1802; x_wconf 86' lang='lat' dir='ltr'>igitur</span> <span class='ocrx_word' id='word_1_89' title='bbox 1206 1720 1296 1804; x_wconf 87' lang='lat' dir='ltr'>juste</span> <span class='ocrx_word' id='word_1_90' title='bbox 1316 1718 1417 1783; x_wconf 91' lang='lat' dir='ltr'>bella·</span> 
     </span>
     <span class='ocr_line' id='line_1_11' title="bbox 241 1827 1418 1914; baseline 0.001 -21"><span class='ocrx_word' id='word_1_91' title='bbox 241 1829 343 1911; x_wconf 91' lang='lat' dir='ltr'>bunt,</span> <span class='ocrx_word' id='word_1_92' title='bbox 367 1844 530 1912; x_wconf 89' lang='lat' dir='ltr'>quatenus</span> <span class='ocrx_word' id='word_1_93' title='bbox 551 1830 738 1896; x_wconf 84' lang='lat' dir='ltr'>mandatum</span> <span class='ocrx_word' id='word_1_94' title='bbox 756 1829 942 1914; x_wconf 78' lang='lat' dir='ltr'>accipiunt:</span> <span class='ocrx_word' id='word_1_95' title='bbox 964 1847 1032 1895; x_wconf 92' lang='lat' dir='ltr'>non</span> <span class='ocrx_word' id='word_1_96' title='bbox 1052 1828 1137 1893; x_wconf 87' lang='lat' dir='ltr'>enim</span> <span class='ocrx_word' id='word_1_97' title='bbox 1159 1827 1243 1893; x_wconf 94' lang='lat' dir='ltr'>idem</span> <span class='ocrx_word' id='word_1_98' title='bbox 1264 1828 1418 1894; x_wconf 91' lang='lat' dir='ltr'>omnibus</span> 
     </span>
     <span class='ocr_line' id='line_1_12' title="bbox 242 1937 1418 2024; baseline 0.002 -22"><span class='ocrx_word' id='word_1_99' title='bbox 242 1938 434 2024; x_wconf 79' lang='lat' dir='ltr'>injungitur.</span> <span class='ocrx_word' id='word_1_100' title='bbox 480 1940 526 2006; x_wconf 91' lang='lat' dir='ltr'>Et</span> <span class='ocrx_word' id='word_1_101' title='bbox 551 1942 638 2008; x_wconf 91' lang='lat' dir='ltr'>bona</span> <span class='ocrx_word' id='word_1_102' title='bbox 665 1940 798 2024; x_wconf 93' lang='lat' dir='ltr'>quidem</span> <span class='ocrx_word' id='word_1_103' title='bbox 822 1940 856 2006; x_wconf 92' lang='lat' dir='ltr'>in</span> <span class='ocrx_word' id='word_1_104' title='bbox 875 1942 1035 2006; x_wconf 91' lang='lat' dir='ltr'>bellorum</span> <span class='ocrx_word' id='word_1_105' title='bbox 1058 1959 1139 2006; x_wconf 91' lang='lat' dir='ltr'>usus</span> <span class='ocrx_word' id='word_1_106' title='bbox 1159 1937 1309 2006; x_wconf 87' lang='lat' dir='ltr'>conferre</span> <span class='ocrx_word' id='word_1_107' title='bbox 1329 1958 1418 2004; x_wconf 91' lang='lat' dir='ltr'>com·</span> 
     </span>
     <span class='ocr_line' id='line_1_13' title="bbox 242 2049 1418 2134; baseline 0.001 -20"><span class='ocrx_word' id='word_1_108' title='bbox 242 2069 339 2116; x_wconf 90' lang='lat' dir='ltr'>mune</span> <span class='ocrx_word' id='word_1_109' title='bbox 374 2065 423 2118; x_wconf 92' lang='lat' dir='ltr'>est</span> <span class='ocrx_word' id='word_1_110' title='bbox 454 2050 619 2130; x_wconf 89' lang='lat' dir='ltr'>omnium,</span> <span class='ocrx_word' id='word_1_111' title='bbox 652 2050 800 2134; x_wconf 91' lang='lat' dir='ltr'>corporis</span> <span class='ocrx_word' id='word_1_112' title='bbox 834 2065 940 2116; x_wconf 89' lang='lat' dir='ltr'>autem</span> <span class='ocrx_word' id='word_1_113' title='bbox 973 2049 1191 2117; x_wconf 86' lang='lat' dir='ltr'>ministerium</span> <span class='ocrx_word' id='word_1_114' title='bbox 1215 2051 1303 2117; x_wconf 92' lang='lat' dir='ltr'>bello</span> <span class='ocrx_word' id='word_1_115' title='bbox 1325 2049 1418 2115; x_wconf 88' lang='lat' dir='ltr'>adhi-</span> 
     </span>
     <span class='ocr_line' id='line_1_14' title="bbox 242 2161 1417 2245; baseline -0.001 -18"><span class='ocrx_word' id='word_1_116' title='bbox 242 2161 336 2240; x_wconf 90' lang='lat' dir='ltr'>bere,</span> <span class='ocrx_word' id='word_1_117' title='bbox 360 2161 452 2244; x_wconf 93' lang='lat' dir='ltr'>quod</span> <span class='ocrx_word' id='word_1_118' title='bbox 471 2161 609 2228; x_wconf 89' lang='lat' dir='ltr'>militare</span> <span class='ocrx_word' id='word_1_119' title='bbox 630 2161 774 2245; x_wconf 92' lang='lat' dir='ltr'>dicitur,</span> <span class='ocrx_word' id='word_1_120' title='bbox 797 2180 865 2228; x_wconf 92' lang='lat' dir='ltr'>non</span> <span class='ocrx_word' id='word_1_121' title='bbox 885 2179 997 2228; x_wconf 90' lang='lat' dir='ltr'>omnes</span> <span class='ocrx_word' id='word_1_122' title='bbox 1012 2161 1186 2245; x_wconf 82' lang='lat' dir='ltr'>J&#39;ubentur:</span> <span class='ocrx_word' id='word_1_123' title='bbox 1208 2179 1318 2245; x_wconf 88' lang='lat' dir='ltr'>neque</span> <span class='ocrx_word' id='word_1_124' title='bbox 1341 2180 1417 2227; x_wconf 88' lang='lat' dir='ltr'>sane</span> 
     </span>
     <span class='ocr_line' id='line_1_15' title="bbox 243 2271 1418 2355; baseline 0 -19"><span class='ocrx_word' id='word_1_125' title='bbox 243 2271 375 2355; x_wconf 90' lang='lat' dir='ltr'>expedit</span> <span class='ocrx_word' id='word_1_126' title='bbox 393 2272 416 2338; x_wconf 76' lang='lat'>⁴.</span> <span class='ocrx_word' id='word_1_127' title='bbox 461 2271 586 2339; x_wconf 89' lang='lat' dir='ltr'>Ordine</span> <span class='ocrx_word' id='word_1_128' title='bbox 606 2272 691 2340; x_wconf 90' lang='lat' dir='ltr'>enim</span> <span class='ocrx_word' id='word_1_129' title='bbox 713 2287 746 2338; x_wconf 91' lang='lat' dir='ltr'>et</span> <span class='ocrx_word' id='word_1_130' title='bbox 767 2272 889 2338; x_wconf 90' lang='lat' dir='ltr'>dilectu</span> <span class='ocrx_word' id='word_1_131' title='bbox 913 2290 1021 2353; x_wconf 91' lang='lat' dir='ltr'>opus,</span> <span class='ocrx_word' id='word_1_132' title='bbox 1044 2271 1132 2336; x_wconf 94' lang='lat' dir='ltr'>sicut</span> <span class='ocrx_word' id='word_1_133' title='bbox 1151 2286 1183 2337; x_wconf 91' lang='lat' dir='ltr'>et</span> <span class='ocrx_word' id='word_1_134' title='bbox 1201 2291 1308 2338; x_wconf 92' lang='lat' dir='ltr'>rerum</span> <span class='ocrx_word' id='word_1_135' title='bbox 1329 2271 1418 2355; x_wconf 90' lang='lat' dir='ltr'>judi-</span> 
     </span>
     <span class='ocr_line' id='line_1_16' title="bbox 242 2379 1418 2463; baseline 0 -17"><span class='ocrx_word' id='word_1_136' title='bbox 242 2397 386 2447; x_wconf 88' lang='lat' dir='ltr'>catarum</span> <span class='ocrx_word' id='word_1_137' title='bbox 419 2383 585 2449; x_wconf 85' lang='lat' dir='ltr'>exsecutio</span> <span class='ocrx_word' id='word_1_138' title='bbox 616 2399 684 2449; x_wconf 92' lang='lat' dir='ltr'>non</span> <span class='ocrx_word' id='word_1_139' title='bbox 715 2398 815 2463; x_wconf 89' lang='lat' dir='ltr'>penes</span> <span class='ocrx_word' id='word_1_140' title='bbox 844 2399 1115 2462; x_wconf 90' lang='lat' dir='ltr'>unumquemque</span> <span class='ocrx_word' id='word_1_141' title='bbox 1146 2393 1216 2460; x_wconf 89' lang='lat' dir='ltr'>est,</span> <span class='ocrx_word' id='word_1_142' title='bbox 1239 2379 1299 2445; x_wconf 91' lang='lat' dir='ltr'>sed</span> <span class='ocrx_word' id='word_1_143' title='bbox 1319 2398 1418 2461; x_wconf 90' lang='lat' dir='ltr'>penes</span> 
     </span>
     <span class='ocr_line' id='line_1_17' title="bbox 244 2488 1419 2577; baseline 0 -21"><span class='ocrx_word' id='word_1_144' title='bbox 244 2511 300 2557; x_wconf 86' lang='lat' dir='ltr'>eos</span> <span class='ocrx_word' id='word_1_145' title='bbox 318 2493 498 2575; x_wconf 86' lang='lat' dir='ltr'>duntaxat,</span> <span class='ocrx_word' id='word_1_146' title='bbox 519 2493 577 2576; x_wconf 93' lang='lat' dir='ltr'>qui</span> <span class='ocrx_word' id='word_1_147' title='bbox 604 2494 732 2577; x_wconf 86' lang='lat' dir='ltr'>jussum</span> <span class='ocrx_word' id='word_1_148' title='bbox 763 2505 958 2573; x_wconf 88' lang='lat' dir='ltr'>acceperunt</span> <span class='ocrx_word' id='word_1_149' title='bbox 978 2488 1003 2555; x_wconf 81' lang='lat'>⁵.</span> <span class='ocrx_word' id='word_1_150' title='bbox 1049 2489 1104 2555; x_wconf 88' lang='lat' dir='ltr'>Fit</span> <span class='ocrx_word' id='word_1_151' title='bbox 1135 2503 1241 2555; x_wconf 90' lang='lat' dir='ltr'>autem</span> <span class='ocrx_word' id='word_1_152' title='bbox 1266 2490 1329 2556; x_wconf 92' lang='lat' dir='ltr'>hoc</span> <span class='ocrx_word' id='word_1_153' title='bbox 1361 2505 1419 2556; x_wconf 91' lang='lat' dir='ltr'>aut</span> 
     </span>
     <span class='ocr_line' id='line_1_18' title="bbox 232 2600 1418 2685; baseline 0.004 -23"><span class='ocrx_word' id='word_1_154' title='bbox 232 2601 459 2685; x_wconf 86' lang='lat' dir='ltr'>nominatim,</span> <span class='ocrx_word' id='word_1_155' title='bbox 493 2617 551 2668; x_wconf 92' lang='lat' dir='ltr'>aut</span> <span class='ocrx_word' id='word_1_156' title='bbox 581 2603 666 2669; x_wconf 91' lang='lat' dir='ltr'>inter</span> <span class='ocrx_word' id='word_1_157' title='bbox 701 2616 862 2680; x_wconf 92' lang='lat' dir='ltr'>caeteros,</span> <span class='ocrx_word' id='word_1_158' title='bbox 897 2615 936 2666; x_wconf 92' lang='lat' dir='ltr'>ut</span> <span class='ocrx_word' id='word_1_159' title='bbox 966 2600 1010 2666; x_wconf 90' lang='lat' dir='ltr'>ita</span> <span class='ocrx_word' id='word_1_160' title='bbox 1043 2600 1174 2683; x_wconf 90' lang='lat' dir='ltr'>dicam,</span> <span class='ocrx_word' id='word_1_161' title='bbox 1198 2601 1262 2666; x_wconf 90' lang='lat' dir='ltr'>hoc</span> <span class='ocrx_word' id='word_1_162' title='bbox 1287 2616 1338 2667; x_wconf 91' lang='lat' dir='ltr'>est</span> <span class='ocrx_word' id='word_1_163' title='bbox 1357 2621 1418 2684; x_wconf 92' lang='lat' dir='ltr'>per</span> 
     </span>
     <span class='ocr_line' id='line_1_19' title="bbox 245 2710 1417 2794; baseline -0.001 -16"><span class='ocrx_word' id='word_1_164' title='bbox 245 2710 469 2780; x_wconf 87' lang='lat' dir='ltr'>evocationem</span> <span class='ocrx_word' id='word_1_165' title='bbox 491 2712 586 2779; x_wconf 94' lang='lat' dir='ltr'>utin</span> <span class='ocrx_word' id='word_1_166' title='bbox 609 2714 776 2794; x_wconf 91' lang='lat' dir='ltr'>tumultu,</span> <span class='ocrx_word' id='word_1_167' title='bbox 797 2731 865 2794; x_wconf 92' lang='lat' dir='ltr'>quo</span> <span class='ocrx_word' id='word_1_168' title='bbox 888 2711 1024 2778; x_wconf 91' lang='lat' dir='ltr'>celebris</span> <span class='ocrx_word' id='word_1_169' title='bbox 1046 2711 1103 2776; x_wconf 90' lang='lat' dir='ltr'>illa</span> <span class='ocrx_word' id='word_1_170' title='bbox 1123 2729 1191 2778; x_wconf 88' lang='lat' dir='ltr'>vox</span> <span class='ocrx_word' id='word_1_171' title='bbox 1209 2713 1381 2777; x_wconf 93' lang='lat' dir='ltr'>consulum</span> <span class='ocrx_word' id='word_1_172' title='bbox 1404 2714 1417 2750; x_wconf 84' lang='lat'>⁸</span> 
     </span>
     <span class='ocr_line' id='line_1_20' title="bbox 244 2820 1417 2910; baseline -0.003 -20"><span class='ocrx_word' id='word_1_173' title='bbox 244 2838 386 2906; x_wconf 90' lang='lat' dir='ltr'>spectat:</span> <span class='ocrx_word' id='word_1_174' title='bbox 405 2827 464 2908; x_wconf 82' lang='lat' dir='ltr'>qui</span> <span class='ocrx_word' id='word_1_175' title='bbox 485 2822 722 2910; x_wconf 76' lang='lat' dir='ltr'>rempublicam</span> <span class='ocrx_word' id='word_1_176' title='bbox 745 2821 874 2890; x_wconf 72' lang='lat' dir='ltr'>salvam</span> <span class='ocrx_word' id='word_1_177' title='bbox 894 2820 1011 2890; x_wconf 76' lang='lat' dir='ltr'>volunt</span> <span class='ocrx_word' id='word_1_178' title='bbox 1031 2842 1081 2886; x_wconf 78' lang='lat' dir='ltr'>me</span> <span class='ocrx_word' id='word_1_179' title='bbox 1099 2834 1308 2907; x_wconf 82' lang='lat' dir='ltr'>sequantur,</span> <span class='ocrx_word' id='word_1_180' title='bbox 1330 2836 1364 2887; x_wconf 89' lang='lat' dir='ltr'>et</span> <span class='ocrx_word' id='word_1_181' title='bbox 1383 2821 1417 2886; x_wconf 89' lang='lat' dir='ltr'>in</span> 
     </span>
     <span class='ocr_line' id='line_1_21' title="bbox 241 2930 1419 3018; baseline -0.002 -18"><span class='ocrx_word' id='word_1_182' title='bbox 241 2933 340 3018; x_wconf 77' lang='lat' dir='ltr'>Justis</span> <span class='ocrx_word' id='word_1_183' title='bbox 358 2933 654 3016; x_wconf 89' lang='lat' dir='ltr'>proscriptionibus</span> <span class='ocrx_word' id='word_1_184' title='bbox 663 2933 686 2999; x_wconf 84' lang='lat'>⁷.</span> <span class='ocrx_word' id='word_1_185' title='bbox 710 2932 830 3014; x_wconf 88' lang='lat' dir='ltr'>Neque</span> <span class='ocrx_word' id='word_1_186' title='bbox 850 2945 976 2997; x_wconf 89' lang='lat' dir='ltr'>tantum</span> <span class='ocrx_word' id='word_1_187' title='bbox 987 2935 1103 3016; x_wconf 70' lang='grc' dir='ltr'><em>ἄμέσως</em></span> <span class='ocrx_word' id='word_1_188' title='bbox 1115 2930 1186 2998; x_wconf 93' lang='lat' dir='ltr'>sive</span> <span class='ocrx_word' id='word_1_189' title='bbox 1198 2931 1339 3012; x_wconf 91' lang='lat' dir='ltr'>directe,</span> <span class='ocrx_word' id='word_1_190' title='bbox 1360 2932 1419 2998; x_wconf 91' lang='lat' dir='ltr'>sed</span> 
     </span>
     <span class='ocr_line' id='line_1_22' title="bbox 243 3041 1440 3136; baseline -0.002 -26"><span class='ocrx_word' id='word_1_191' title='bbox 243 3048 378 3128; x_wconf 80' lang='grc' dir='ltr'><strong><em>ἐμμέσως</em></strong></span> <span class='ocrx_word' id='word_1_192' title='bbox 396 3064 520 3126; x_wconf 92' lang='lat' dir='ltr'>perque</span> <span class='ocrx_word' id='word_1_193' title='bbox 540 3042 763 3126; x_wconf 86' lang='lat' dir='ltr'>interpositam</span> <span class='ocrx_word' id='word_1_194' title='bbox 787 3061 967 3126; x_wconf 89' lang='lat' dir='ltr'>personam.</span> <span class='ocrx_word' id='word_1_195' title='bbox 1013 3042 1102 3108; x_wconf 91' lang='lat' dir='ltr'>Ecce</span> <span class='ocrx_word' id='word_1_196' title='bbox 1127 3041 1212 3108; x_wconf 90' lang='lat' dir='ltr'>enim</span> <span class='ocrx_word' id='word_1_197' title='bbox 1234 3042 1419 3126; x_wconf 87' lang='lat' dir='ltr'>respublica</span> <span class='ocrx_word' id='word_1_198' title='bbox 1438 3126 1440 3136; x_wconf 31' lang='grc' dir='ltr'>Ι</span> 
     </span>
     <span class='ocr_line' id='line_1_23' title="bbox 244 3151 1418 3238; baseline 0.002 -20"><span class='ocrx_word' id='word_1_199' title='bbox 244 3169 302 3220; x_wconf 89' lang='lat' dir='ltr'>aut</span> <span class='ocrx_word' id='word_1_200' title='bbox 327 3151 482 3236; x_wconf 89' lang='lat' dir='ltr'>Princeps</span> <span class='ocrx_word' id='word_1_201' title='bbox 500 3153 583 3220; x_wconf 86' lang='lat' dir='ltr'>¹belli</span> <span class='ocrx_word' id='word_1_202' title='bbox 611 3154 728 3220; x_wconf 92' lang='lat' dir='ltr'>ducem</span> <span class='ocrx_word' id='word_1_203' title='bbox 751 3153 853 3238; x_wconf 85' lang='lat' dir='ltr'>legit,</span> <span class='ocrx_word' id='word_1_204' title='bbox 877 3153 936 3236; x_wconf 94' lang='lat' dir='ltr'>qui</span> <span class='ocrx_word' id='word_1_205' title='bbox 957 3166 1089 3236; x_wconf 89' lang='lat' dir='ltr'>accepta</span> <span class='ocrx_word' id='word_1_206' title='bbox 1110 3167 1272 3238; x_wconf 89' lang='lat' dir='ltr'>potestate</span> <span class='ocrx_word' id='word_1_207' title='bbox 1295 3153 1418 3220; x_wconf 88' lang='lat' dir='ltr'>consti-</span> 
     </span>
     <span class='ocr_line' id='line_1_24' title="bbox 244 3261 1417 3348; baseline 0 -19"><span class='ocrx_word' id='word_1_208' title='bbox 244 3264 311 3330; x_wconf 94' lang='lat' dir='ltr'>tuit</span> <span class='ocrx_word' id='word_1_209' title='bbox 341 3265 493 3332; x_wconf 88' lang='lat' dir='ltr'>tribunos</span> <span class='ocrx_word' id='word_1_210' title='bbox 525 3280 557 3331; x_wconf 91' lang='lat' dir='ltr'>et</span> <span class='ocrx_word' id='word_1_211' title='bbox 587 3264 822 3346; x_wconf 90' lang='lat' dir='ltr'>centuriones,</span> <span class='ocrx_word' id='word_1_212' title='bbox 856 3264 946 3330; x_wconf 91' lang='lat' dir='ltr'>ethi</span> <span class='ocrx_word' id='word_1_213' title='bbox 977 3263 1113 3329; x_wconf 89' lang='lat' dir='ltr'>militem</span> <span class='ocrx_word' id='word_1_214' title='bbox 1137 3265 1253 3348; x_wconf 85' lang='lat' dir='ltr'>legunt</span> <span class='ocrx_word' id='word_1_215' title='bbox 1267 3261 1293 3332; x_wconf 83' lang='lat'>⁸.</span> <span class='ocrx_word' id='word_1_216' title='bbox 1340 3264 1417 3330; x_wconf 86' lang='lat' dir='ltr'>Sine</span> 
     </span>
     <span class='ocr_line' id='line_1_25' title="bbox 244 3373 1418 3460; baseline 0 -19"><span class='ocrx_word' id='word_1_217' title='bbox 244 3374 396 3442; x_wconf 86' lang='lat' dir='ltr'>mandato</span> <span class='ocrx_word' id='word_1_218' title='bbox 418 3391 526 3444; x_wconf 90' lang='lat' dir='ltr'>autem</span> <span class='ocrx_word' id='word_1_219' title='bbox 547 3377 636 3460; x_wconf 90' lang='lat' dir='ltr'>juste</span> <span class='ocrx_word' id='word_1_220' title='bbox 664 3395 731 3442; x_wconf 91' lang='lat' dir='ltr'>non</span> <span class='ocrx_word' id='word_1_221' title='bbox 753 3375 887 3442; x_wconf 91' lang='lat' dir='ltr'>militari</span> <span class='ocrx_word' id='word_1_222' title='bbox 913 3375 999 3441; x_wconf 88' lang='lat' dir='ltr'>Cato</span> <span class='ocrx_word' id='word_1_223' title='bbox 1021 3373 1100 3442; x_wconf 89' lang='lat' dir='ltr'>satis</span> <span class='ocrx_word' id='word_1_224' title='bbox 1122 3374 1284 3441; x_wconf 87' lang='lat' dir='ltr'>intellexit</span> <span class='ocrx_word' id='word_1_225' title='bbox 1303 3377 1339 3458; x_wconf 77' lang='lat'>⁹,</span> <span class='ocrx_word' id='word_1_226' title='bbox 1359 3377 1418 3458; x_wconf 90' lang='lat' dir='ltr'>qui</span> 
     </span>
     <span class='ocr_line' id='line_1_26' title="bbox 244 3484 1416 3570; baseline 0.001 -19"><span class='ocrx_word' id='word_1_227' title='bbox 244 3484 350 3552; x_wconf 90' lang='lat' dir='ltr'>lilium</span> <span class='ocrx_word' id='word_1_228' title='bbox 371 3487 505 3553; x_wconf 89' lang='lat' dir='ltr'>missurn</span> <span class='ocrx_word' id='word_1_229' title='bbox 528 3485 649 3552; x_wconf 86' lang='lat' dir='ltr'>factum</span> <span class='ocrx_word' id='word_1_230' title='bbox 669 3488 822 3554; x_wconf 90' lang='lat' dir='ltr'>monebat</span> <span class='ocrx_word' id='word_1_231' title='bbox 838 3500 877 3552; x_wconf 92' lang='lat' dir='ltr'>ut</span> <span class='ocrx_word' id='word_1_232' title='bbox 896 3500 1046 3569; x_wconf 89' lang='lat' dir='ltr'>caveret,</span> <span class='ocrx_word' id='word_1_233' title='bbox 1068 3506 1109 3552; x_wconf 89' lang='lat' dir='ltr'>ne</span> <span class='ocrx_word' id='word_1_234' title='bbox 1125 3486 1283 3570; x_wconf 89' lang='lat' dir='ltr'>praelium</span> <span class='ocrx_word' id='word_1_235' title='bbox 1302 3486 1416 3569; x_wconf 91' lang='lat' dir='ltr'>iniret,</span> 
     </span>
     <span class='ocr_line' id='line_1_27' title="bbox 223 3596 1416 3692; baseline 0 -29"><span class='ocrx_word' id='word_1_236' title='bbox 223 3686 226 3692; x_wconf 21' lang='grc'>1</span> <span class='ocrx_word' id='word_1_237' title='bbox 244 3596 309 3664; x_wconf 89' lang='lat' dir='ltr'>nisi</span> <span class='ocrx_word' id='word_1_238' title='bbox 330 3616 419 3664; x_wconf 90' lang='lat' dir='ltr'>novo</span> <span class='ocrx_word' id='word_1_239' title='bbox 438 3597 573 3666; x_wconf 84' lang='lat' dir='ltr'>militiae</span> <span class='ocrx_word' id='word_1_240' title='bbox 591 3613 793 3666; x_wconf 87' lang='lat' dir='ltr'>sacramento</span> <span class='ocrx_word' id='word_1_241' title='bbox 814 3597 996 3684; x_wconf 87' lang='lat' dir='ltr'>obligatus:</span> <span class='ocrx_word' id='word_1_242' title='bbox 1019 3598 1230 3680; x_wconf 89' lang='lat' dir='ltr'>nequeenim</span> <span class='ocrx_word' id='word_1_243' title='bbox 1251 3599 1307 3683; x_wconf 90' lang='lat' dir='ltr'>jus</span> <span class='ocrx_word' id='word_1_244' title='bbox 1329 3617 1416 3680; x_wconf 87' lang='lat' dir='ltr'>esse,</span> 
     </span>
     <span class='ocr_line' id='line_1_28' title="bbox 247 3709 1419 3795; baseline 0 -21"><span class='ocrx_word' id='word_1_245' title='bbox 247 3709 305 3791; x_wconf 91' lang='lat' dir='ltr'>qui</span> <span class='ocrx_word' id='word_1_246' title='bbox 326 3709 421 3775; x_wconf 90' lang='lat' dir='ltr'>miles</span> <span class='ocrx_word' id='word_1_247' title='bbox 440 3730 508 3777; x_wconf 94' lang='lat' dir='ltr'>non</span> <span class='ocrx_word' id='word_1_248' title='bbox 530 3710 596 3792; x_wconf 87' lang='lat' dir='ltr'>sit,</span> <span class='ocrx_word' id='word_1_249' title='bbox 620 3730 764 3795; x_wconf 85' lang='lat' dir='ltr'>pugnare</span> <span class='ocrx_word' id='word_1_250' title='bbox 786 3729 861 3777; x_wconf 89' lang='lat' dir='ltr'>cum</span> <span class='ocrx_word' id='word_1_251' title='bbox 882 3711 989 3777; x_wconf 91' lang='lat' dir='ltr'>hoste.</span> <span class='ocrx_word' id='word_1_252' title='bbox 1034 3710 1098 3775; x_wconf 92' lang='lat' dir='ltr'>Vis</span> <span class='ocrx_word' id='word_1_253' title='bbox 1118 3725 1227 3776; x_wconf 89' lang='lat' dir='ltr'>autem</span> <span class='ocrx_word' id='word_1_254' title='bbox 1239 3710 1318 3776; x_wconf 87' lang='lat' dir='ltr'>haec</span> <span class='ocrx_word' id='word_1_255' title='bbox 1331 3729 1419 3775; x_wconf 92' lang='lat' dir='ltr'>man-</span> 
     </span>
     <span class='ocr_line' id='line_1_29' title="bbox 246 3819 1418 3906; baseline 0.001 -21"><span class='ocrx_word' id='word_1_256' title='bbox 246 3819 314 3886; x_wconf 92' lang='lat' dir='ltr'>dati</span> <span class='ocrx_word' id='word_1_257' title='bbox 345 3820 378 3900; x_wconf 85' lang='lat' dir='ltr'>in</span> <span class='ocrx_word' id='word_1_258' title='bbox 411 3821 552 3904; x_wconf 83' lang='lat' dir='ltr'>singulis</span> <span class='ocrx_word' id='word_1_259' title='bbox 583 3821 679 3887; x_wconf 87' lang='lat' dir='ltr'>etiam</span> <span class='ocrx_word' id='word_1_260' title='bbox 712 3821 898 3888; x_wconf 90' lang='lat' dir='ltr'>actionibus</span> <span class='ocrx_word' id='word_1_261' title='bbox 927 3835 1104 3904; x_wconf 88' lang='lat' dir='ltr'>spectatur.</span> <span class='ocrx_word' id='word_1_262' title='bbox 1149 3821 1289 3888; x_wconf 90' lang='lat' dir='ltr'>Peccant</span> <span class='ocrx_word' id='word_1_263' title='bbox 1316 3821 1418 3906; x_wconf 85' lang='lat' dir='ltr'>igitur</span> 
     </span>
    </p>
   </div>
   <div class='ocr_carea' id='block_1_3' title="bbox 246 3930 1418 4014">
    <p class='ocr_par' dir='ltr' id='par_1_3' title="bbox 246 3930 1418 4014">
     <span class='ocr_line' id='line_1_30' title="bbox 246 3930 1418 4014; baseline 0.002 -19"><span class='ocrx_word' id='word_1_264' title='bbox 246 3930 385 4010; x_wconf 91' lang='lat' dir='ltr'>milites,</span> <span class='ocrx_word' id='word_1_265' title='bbox 410 3931 467 4014; x_wconf 91' lang='lat' dir='ltr'>qui</span> <span class='ocrx_word' id='word_1_266' title='bbox 489 3932 580 3997; x_wconf 92' lang='lat' dir='ltr'>nulla</span> <span class='ocrx_word' id='word_1_267' title='bbox 601 3931 721 3997; x_wconf 91' lang='lat' dir='ltr'>ducum</span> <span class='ocrx_word' id='word_1_268' title='bbox 745 3931 939 3997; x_wconf 87' lang='lat' dir='ltr'>auctoritate</span> <span class='ocrx_word' id='word_1_269' title='bbox 961 3930 1233 4014; x_wconf 89' lang='lat' dir='ltr'>populationibus</span> <span class='ocrx_word' id='word_1_270' title='bbox 1254 3947 1287 3999; x_wconf 93' lang='lat' dir='ltr'>et</span> <span class='ocrx_word' id='word_1_271' title='bbox 1309 3931 1418 3999; x_wconf 90' lang='lat' dir='ltr'>incen-</span> 
     </span>
    </p>
   </div>
   <div class='ocr_carea' id='block_1_4' title="bbox 246 4198 1418 4629">
    <p class='ocr_par' dir='ltr' id='par_1_4' title="bbox 246 4198 1418 4629">
     <span class='ocr_line' id='line_1_31' title="bbox 281 4198 1418 4263; baseline 0.001 -13"><span class='ocrx_word' id='word_1_272' title='bbox 281 4200 335 4250; x_wconf 89' lang='lat' dir='ltr'>¹in</span> <span class='ocrx_word' id='word_1_273' title='bbox 355 4216 394 4262; x_wconf 88' lang='lat' dir='ltr'>pr.</span> <span class='ocrx_word' id='word_1_274' title='bbox 415 4200 516 4263; x_wconf 87' lang='lat' dir='ltr'>capitis.</span> <span class='ocrx_word' id='word_1_275' title='bbox 549 4198 604 4251; x_wconf 64' lang='lat' dir='ltr'>&#39;in</span> <span class='ocrx_word' id='word_1_276' title='bbox 627 4203 711 4251; x_wconf 90' lang='lat' dir='ltr'>concl.</span> <span class='ocrx_word' id='word_1_277' title='bbox 733 4201 758 4250; x_wconf 85' lang='lat'>⁶.</span> <span class='ocrx_word' id='word_1_278' title='bbox 791 4199 851 4250; x_wconf 81' lang='lat' dir='ltr'>³ad</span> <span class='ocrx_word' id='word_1_279' title='bbox 875 4204 960 4250; x_wconf 89' lang='lat' dir='ltr'>concl.</span> <span class='ocrx_word' id='word_1_280' title='bbox 977 4202 1002 4251; x_wconf 88' lang='grc' dir='ltr'>ό.</span> <span class='ocrx_word' id='word_1_281' title='bbox 1020 4213 1066 4250; x_wconf 85' lang='lat' dir='ltr'>art.</span> <span class='ocrx_word' id='word_1_282' title='bbox 1083 4213 1107 4259; x_wconf 79' lang='lat'>³·</span> <span class='ocrx_word' id='word_1_283' title='bbox 1139 4199 1192 4250; x_wconf 91' lang='lat' dir='ltr'>⁴c.</span> <span class='ocrx_word' id='word_1_284' title='bbox 1210 4204 1242 4250; x_wconf 90' lang='lat' dir='ltr'>de</span> <span class='ocrx_word' id='word_1_285' title='bbox 1260 4203 1418 4254; x_wconf 88' lang='lat' dir='ltr'>occidendis.</span> 
     </span>
     <span class='ocr_line' id='line_1_32' title="bbox 248 4290 1417 4356; baseline 0.003 -16"><span class='ocrx_word' id='word_1_286' title='bbox 248 4293 336 4353; x_wconf 83' lang='lat' dir='ltr'>[Dect.</span> <span class='ocrx_word' id='word_1_287' title='bbox 357 4295 426 4340; x_wconf 84' lang='lat' dir='ltr'>Grat.</span> <span class='ocrx_word' id='word_1_288' title='bbox 443 4307 470 4352; x_wconf 91' lang='lat' dir='ltr'>p.</span> <span class='ocrx_word' id='word_1_289' title='bbox 489 4306 512 4340; x_wconf 84' lang='lat'>2.</span> <span class='ocrx_word' id='word_1_290' title='bbox 532 4303 572 4350; x_wconf 78' lang='lat'>2³·</span> <span class='ocrx_word' id='word_1_291' title='bbox 591 4303 614 4348; x_wconf 81' lang='lat' dir='ltr'>s.</span> <span class='ocrx_word' id='word_1_292' title='bbox 633 4291 670 4356; x_wconf 89' lang='lat'>8.]</span> <span class='ocrx_word' id='word_1_293' title='bbox 706 4290 751 4340; x_wconf 82' lang='lat'>⁵1.</span> <span class='ocrx_word' id='word_1_294' title='bbox 768 4294 814 4340; x_wconf 89' lang='lat' dir='ltr'>ult.</span> <span class='ocrx_word' id='word_1_295' title='bbox 833 4294 862 4340; x_wconf 90' lang='lat' dir='ltr'>C.</span> <span class='ocrx_word' id='word_1_296' title='bbox 879 4294 912 4340; x_wconf 89' lang='lat' dir='ltr'>de</span> <span class='ocrx_word' id='word_1_297' title='bbox 930 4291 1010 4349; x_wconf 87' lang='lat' dir='ltr'>judic.</span> <span class='ocrx_word' id='word_1_298' title='bbox 1029 4292 1072 4354; x_wconf 90' lang='lat' dir='ltr'>[C.</span> <span class='ocrx_word' id='word_1_299' title='bbox 1089 4304 1112 4351; x_wconf 75' lang='lat'>3.</span> <span class='ocrx_word' id='word_1_300' title='bbox 1131 4306 1155 4340; x_wconf 83' lang='lat'>2.</span> <span class='ocrx_word' id='word_1_301' title='bbox 1174 4293 1211 4355; x_wconf 90' lang='lat'>4.]</span> <span class='ocrx_word' id='word_1_302' title='bbox 1230 4294 1248 4340; x_wconf 90' lang='lat' dir='ltr'>l.</span> <span class='ocrx_word' id='word_1_303' title='bbox 1264 4293 1316 4342; x_wconf 89' lang='lat' dir='ltr'>mil.</span> <span class='ocrx_word' id='word_1_304' title='bbox 1334 4294 1356 4356; x_wconf 72' lang='grc' dir='ltr'>ς.</span> <span class='ocrx_word' id='word_1_305' title='bbox 1373 4293 1417 4355; x_wconf 91' lang='lat' dir='ltr'>qui</span> 
     </span>
     <span class='ocr_line' id='line_1_33' title="bbox 246 4380 1415 4449; baseline 0.003 -19"><span class='ocrx_word' id='word_1_306' title='bbox 246 4380 324 4438; x_wconf 80' lang='lat' dir='ltr'>judie.</span> <span class='ocrx_word' id='word_1_307' title='bbox 348 4382 374 4430; x_wconf 83' lang='lat' dir='ltr'>ff.</span> <span class='ocrx_word' id='word_1_308' title='bbox 396 4385 427 4433; x_wconf 90' lang='lat' dir='ltr'>de</span> <span class='ocrx_word' id='word_1_309' title='bbox 450 4397 477 4431; x_wconf 88' lang='lat' dir='ltr'>rc</span> <span class='ocrx_word' id='word_1_310' title='bbox 500 4380 554 4440; x_wconf 80' lang='lat' dir='ltr'>jud.</span> <span class='ocrx_word' id='word_1_311' title='bbox 580 4382 624 4444; x_wconf 87' lang='lat' dir='ltr'>[D.</span> <span class='ocrx_word' id='word_1_312' title='bbox 649 4396 691 4444; x_wconf 85' lang='lat'>42.</span> <span class='ocrx_word' id='word_1_313' title='bbox 717 4396 738 4431; x_wconf 88' lang='lat'>1.</span> <span class='ocrx_word' id='word_1_314' title='bbox 764 4383 788 4430; x_wconf 90' lang='lat'>6.</span> <span class='ocrx_word' id='word_1_315' title='bbox 812 4386 833 4442; x_wconf 73' lang='lat'>5.</span> <span class='ocrx_word' id='word_1_316' title='bbox 858 4383 894 4444; x_wconf 72' lang='lat' dir='ltr'>a]</span> <span class='ocrx_word' id='word_1_317' title='bbox 934 4382 945 4415; x_wconf 80' lang='lat'>⁶</span> <span class='ocrx_word' id='word_1_318' title='bbox 968 4386 1038 4432; x_wconf 90' lang='lat' dir='ltr'>serv.</span> <span class='ocrx_word' id='word_1_319' title='bbox 1056 4385 1088 4433; x_wconf 84' lang='lat' dir='ltr'>ad</span> <span class='ocrx_word' id='word_1_320' title='bbox 1105 4382 1213 4432; x_wconf 83' lang='lat' dir='ltr'>Aeneid.</span> <span class='ocrx_word' id='word_1_321' title='bbox 1231 4385 1248 4432; x_wconf 92' lang='lat' dir='ltr'>l.</span> <span class='ocrx_word' id='word_1_322' title='bbox 1267 4386 1289 4432; x_wconf 88' lang='lat'>8.</span> <span class='ocrx_word' id='word_1_323' title='bbox 1310 4381 1361 4448; x_wconf 87' lang='lat' dir='ltr'>[vs.</span> <span class='ocrx_word' id='word_1_324' title='bbox 1382 4383 1415 4449; x_wconf 89' lang='lat'>1.]</span> 
     </span>
     <span class='ocr_line' id='line_1_34' title="bbox 246 4469 1418 4538; baseline 0.003 -19"><span class='ocrx_word' id='word_1_325' title='bbox 246 4469 257 4508; x_wconf 82' lang='lat'>²</span> <span class='ocrx_word' id='word_1_326' title='bbox 280 4472 341 4520; x_wconf 83' lang='lat' dir='ltr'>silv.</span> <span class='ocrx_word' id='word_1_327' title='bbox 359 4472 386 4521; x_wconf 92' lang='lat' dir='ltr'>in</span> <span class='ocrx_word' id='word_1_328' title='bbox 403 4489 430 4523; x_wconf 91' lang='lat' dir='ltr'>v.</span> <span class='ocrx_word' id='word_1_329' title='bbox 449 4474 591 4523; x_wconf 84' lang='lat' dir='ltr'>Assasinus.</span> <span class='ocrx_word' id='word_1_330' title='bbox 608 4487 633 4533; x_wconf 89' lang='lat' dir='ltr'>q.</span> <span class='ocrx_word' id='word_1_331' title='bbox 652 4486 675 4531; x_wconf 81' lang='lat'>3.</span> <span class='ocrx_word' id='word_1_332' title='bbox 709 4474 755 4522; x_wconf 81' lang='lat'>⁸1.</span> <span class='ocrx_word' id='word_1_333' title='bbox 782 4487 803 4522; x_wconf 90' lang='lat' dir='ltr'>r.</span> <span class='ocrx_word' id='word_1_334' title='bbox 821 4477 843 4532; x_wconf 66' lang='grc' dir='ltr'>ξ.</span> <span class='ocrx_word' id='word_1_335' title='bbox 860 4475 1013 4534; x_wconf 79' lang='lat' dir='ltr'>magistrum.</span> <span class='ocrx_word' id='word_1_336' title='bbox 1032 4475 1058 4524; x_wconf 81' lang='lat' dir='ltr'>ff.</span> <span class='ocrx_word' id='word_1_337' title='bbox 1083 4477 1114 4524; x_wconf 89' lang='lat' dir='ltr'>de</span> <span class='ocrx_word' id='word_1_338' title='bbox 1136 4487 1221 4524; x_wconf 87' lang='lat' dir='ltr'>exerc.</span> <span class='ocrx_word' id='word_1_339' title='bbox 1244 4486 1292 4524; x_wconf 90' lang='lat' dir='ltr'>act.</span> <span class='ocrx_word' id='word_1_340' title='bbox 1317 4475 1362 4538; x_wconf 91' lang='lat' dir='ltr'>[D.</span> <span class='ocrx_word' id='word_1_341' title='bbox 1380 4488 1418 4537; x_wconf 88' lang='lat'>14.</span> 
     </span>
     <span class='ocr_line' id='line_1_35' title="bbox 250 4562 949 4629; baseline 0.003 -19"><span class='ocrx_word' id='word_1_342' title='bbox 250 4563 411 4624; x_wconf 84' lang='lat'><strong>1.1.§.1.]</strong></span> <span class='ocrx_word' id='word_1_343' title='bbox 447 4562 531 4612; x_wconf 77' lang='lat' dir='ltr'>⁹Cic.</span> <span class='ocrx_word' id='word_1_344' title='bbox 550 4566 581 4612; x_wconf 91' lang='lat' dir='ltr'>de</span> <span class='ocrx_word' id='word_1_345' title='bbox 603 4563 645 4612; x_wconf 84' lang='lat' dir='ltr'>off.</span> <span class='ocrx_word' id='word_1_346' title='bbox 664 4567 680 4613; x_wconf 93' lang='lat' dir='ltr'>l.</span> <span class='ocrx_word' id='word_1_347' title='bbox 702 4579 722 4614; x_wconf 90' lang='lat'>1.</span> <span class='ocrx_word' id='word_1_348' title='bbox 743 4564 778 4629; x_wconf 92' lang='lat' dir='ltr'>[c.</span> <span class='ocrx_word' id='word_1_349' title='bbox 800 4578 837 4613; x_wconf 89' lang='lat' dir='ltr'>rr.</span> <span class='ocrx_word' id='word_1_350' title='bbox 856 4566 877 4626; x_wconf 87' lang='lat'>§.</span> <span class='ocrx_word' id='word_1_351' title='bbox 897 4565 949 4628; x_wconf 60' lang='lat'>32]</span> 
     </span>
    </p>
   </div>
   <div class='ocr_carea' id='block_1_5' title="bbox 0 0 1791 5654">
    <p class='ocr_par' dir='ltr' id='par_1_5' title="bbox 0 0 1791 5654">
     <span class='ocr_line' id='line_1_36' title="bbox 0 0 1791 5654; baseline 0 0"><span class='ocrx_word' id='word_1_352' title='bbox 0 0 1791 5654; x_wconf 95' lang='lat' dir='ltr'> </span> 
     </span>
    </p>
   </div>
  </div>
 </body>
</html>
