3530 5656
549 662 597 710 DE
619 662 713 729 June
739 661 921 724 tutona.
946 662 1025 711 CAP.
1049 663 1089 711 Hs
1369 661 1408 725 19

236 821 359 902 tacita,
383 818 446 884 alia
468 836 618 901 expressa
639 831 699 884 est.
744 815 862 882 Tacita
884 835 924 882 ex
946 817 1040 902 signo
1061 815 1298 899 qualicunque.
1343 813 1408 880 Ex·

238 949 347 1017 pressa
378 951 418 996 ex
446 949 486 994 eo
520 928 640 1013 signo,
673 927 766 1010 quod
782 927 991 1013 singulariter
1012 927 1138 996 bomini
1159 927 1253 994 Deus
1276 941 1351 993 eum
1374 926 1409 992 in

238 1063 333 1111 usum
356 1041 469 1124 dedit,
494 1058 643 1106 sermone
665 1038 791 1106 scilicet
814 1041 844 1103 ¹:
866 1040 959 1122 quod
978 1054 1127 1107 sanctum
1148 1040 1229 1107 adeo
1250 1053 1284 1104 et
1303 1037 1410 1106 invio·

236 1155 334 1222 labile
366 1153 505 1219 habetur
536 1151 577 1218 ad
609 1150 879 1218 communicanda
911 1152 998 1218 bona
1024 1150 1247 1218 ethominum
1270 1150 1409 1218 intense

236 1267 424 1334 voluntates
455 1263 732 1344 instrumentum,
766 1277 806 1328 ut
836 1261 983 1329 omnium
1005 1275 1170 1330 consensu
1191 1263 1320 1330 nullum
1339 1279 1410 1346 gra-

237 1378 313 1446 vius
331 1377 488 1443 habeatur
507 1372 720 1458 opprobrium
741 1373 912 1440 mendacio
934 1368 956 1440 ².
1003 1373 1049 1439 Et
1060 1374 1123 1441 ista
1131 1388 1303 1458 pactorum
1316 1373 1409 1458 origo

236 1505 309 1572 est,
334 1509 418 1572 quae
440 1485 666 1570 conjungenda
693 1499 765 1566 est,
790 1499 828 1551 ut
850 1484 945 1568 diri,
974 1505 1050 1552 cum
1072 1487 1144 1570 lege
1166 1499 1277 1566 sexta,
1312 1504 1410 1567 quam

237 1601 413 1686 respiciens
436 1597 621 1665 Simonides
638 1596 800 1682 justitiam
822 1596 999 1680 definivit,
1034 1617 1149 1666 aarum
1171 1597 1281 1666 dicere
1301 1611 1332 1664 et
1354 1619 1410 1664 aa·

238 1728 364 1800 ceptum
388 1707 558 1778 reddere&
591 1709 639 1775 Et
655 1708 817 1775 Platonici
839 1729 935 1794 saepe
956 1709 1118 1794 justitiam
1129 1715 1264 1790 ballenae
1275 1724 1411 1789 vocant,

240 1825 453 1892 Fidelitarem
476 1821 644 1888 transtulit
662 1822 827 1907 Apulejus
847 1819 870 1888 ⁴.
916 1820 979 1887 His
999 1820 1044 1888 ita
1062 1820 1253 1889 constitutis
1272 1842 1411 1889 cumac-

238 1936 361 2002 ciderct
382 1950 420 2002 ut
439 1932 559 2017 multi),
583 1953 667 2016 quae
689 1932 860 1999 hominum
881 1933 1099 2015 quorumdam
1123 1953 1163 2000 ex
1182 1950 1337 2018 corrupto
1361 1935 1410 2002 in-

239 2049 336 2134 genio
368 2046 491 2114 malitia
522 2060 593 2129 est,
625 2059 684 2112 aut
714 2045 972 2131 obligationibus
1005 2065 1071 2112 non
1103 2045 1328 2113 satisfacerent
1356 2061 1414 2113 aut

240 2161 336 2227 etiam
354 2159 505 2226 fortunas
528 2158 647 2224 alienas
669 2158 838 2241 ipsamque
855 2157 957 2224 vitam
977 2157 1186 2243 impeterent,
1217 2160 1318 2242 idque
1336 2160 1413 2242 plu·

240 2272 357 2338 timum
387 2271 520 2355 impune
538 2268 677 2353 ferrent,
703 2268 780 2353 quia
798 2269 902 2353 parati
931 2269 1132 2353 improvidos
1155 2285 1212 2338 aut
1230 2270 1326 2337 multi
1345 2271 1412 2336 sin-

241 2386 335 2470 gulos
358 2383 607 2464 adoriebantur,
629 2400 718 2451 novo
743 2381 888 2448 remedio
909 2401 992 2466 opus
1012 2380 1095 2462 fuit,
1119 2397 1161 2448 ne
1178 2383 1338 2449 humanae
1359 2401 1412 2449 so·

238 2496 367 2563 rietatis
385 2497 471 2580 leges
492 2495 653 2563 invalidae
675 2489 977 2575 destituerentur⁵‚
1003 2509 1208 2562 excrescente
1226 2492 1413 2578 praesertim

241 2607 365 2674 ineam
388 2606 631 2674 multitudinem
654 2607 824 2672 hominum
835 2625 994 2688 numero,
1018 2620 1058 2672 ut
1069 2607 1267 2692 longissimis
1281 2604 1413 2673 discreti

241 2718 355 2802 spatiis
382 2717 605 2785 benefaciendi
634 2717 718 2784 inter
749 2736 783 2782 se
814 2717 1002 2784 occasiones
1020 2718 1215 2786 amitterent.
1260 2717 1413 2784 Minores

242 2830 343 2916 igitur
365 2831 537 2897 societates
559 2845 661 2896 unum
684 2829 848 2895 inlocum
869 2828 1018 2894 homines
1039 2829 1192 2914 colligere
1214 2845 1413 2914 coeperunt,

241 2959 308 3008 non
320 2963 387 3024 quo
399 2942 508 3024 illam,
522 2962 606 3025 quae
617 2942 747 3010 cunctis
767 2940 956 3008 bominibus
969 2940 1338 3023 intercedit,rollerent,
1357 2942 1417 3009 sed

243 3068 283 3118 ut
300 3073 369 3118 eam
388 3053 520 3119 certiori
541 3054 703 3137 pracsidio
727 3053 953 3120 immunirent:
975 3052 1074 3120 simul
1095 3053 1209 3133 etiam,
1234 3067 1272 3119 ut
1289 3055 1414 3138 multa,

242 3184 327 3247 quae
355 3165 515 3231 humanae
546 3165 633 3232 vitae
656 3186 737 3234 usus
759 3168 921 3249 postulat,
941 3165 1095 3233 distincta
1116 3167 1297 3232 multorum
1318 3185 1416 3250 opera

242 3276 446 3343 commodius
467 3275 703 3344 conferrentur.
750 3277 902 3365 Quippe,
924 3291 962 3343 ut
977 3275 1200 3362 significanter
1218 3275 1330 3360 inquit
1348 3277 1414 3344 Pn-

242 3388 318 3456 nius
337 3396 368 3470 ⁶,
391 3389 543 3454 discretis
570 3389 702 3476 quidem
721 3390 813 3455 bonis
833 3391 995 3471 omnum,
1019 3408 1081 3454 sua
1101 3390 1258 3475 cujusque
1280 3388 1328 3455 ad
1348 3393 1400 3455 rin

240 3500 335 3586 gulos
354 3501 462 3578 mala,
488 3505 622 3567 sociatis
640 3514 751 3566 antam
770 3514 871 3586 atque
884 3504 1070 3587 permistis,
1096 3500 1304 3588 singulorum
1324 3500 1416 3566 mala

244 3611 292 3677 ad
312 3615 492 3695 neminem,
526 3612 574 3679 ad
590 3629 694 3678 omnes
726 3616 869 3677 omnium
899 3613 982 3677 bona
997 3615 1180 3698 pertinent.
1234 3613 1280 3678 Et
1301 3612 1335 3678 in
1356 3613 1416 3678 hac

244 3743 291 3802 re,
313 3737 350 3788 ur
368 3723 402 3788 in
421 3722 494 3789 aliis
510 3723 674 3802 omnibus,
696 3723 837 3789 humana
860 3722 1020 3789 industria
1039 3738 1185 3789 naturam
1203 3725 1329 3790 imitata
1348 3739 1415 3808 cst,

245 3855 329 3916 quae
349 3833 493 3901 universi
513 3827 796 3902 ¹conseruationem
820 3833 955 3900 foedere
976 3835 1117 3917 quodam
1140 3854 1247 3902 rerum
1271 3837 1416 3903 omniurn

245 3946 395 4014 firmavit.
420 3946 510 4011 Haec
528 3945 630 4030 igitur
646 3945 754 4012 minor
768 3945 906 4013 societas
926 3961 1087 4012 consensu
1100 3946 1241 4029 quodam
1254 3961 1418 4014 contracta

252 4117 443 4136 “Qu-unu*—

280 4218 382 4269 ¹Arist.
406 4221 438 4268 de
460 4232 514 4280 rep.
537 4220 554 4266 l.
580 4230 601 4267 1.
625 4231 648 4267 c.
673 4232 697 4266 a.
723 4215 762 4281 [p.
783 4229 854 4276 ross.
875 4231 896 4267 r.
913 4231 952 4268 vs.
972 4216 1024 4281 14.]
1043 4219 1060 4266 l.
1077 4216 1171 4267 Labeo.
1189 4218 1209 4280 s.
1229 4232 1251 4267 a.
1269 4220 1295 4267 n.
1313 4221 1345 4268 de
1362 4234 1417 4282 sup.

245 4312 293 4372 leg.
319 4309 366 4374 [ll.
391 4321 431 4368 sp.
455 4309 548 4374 10.7.]
567 4311 654 4358 anon
671 4307 758 4370 ligura.
774 4309 801 4358 ff.
819 4311 850 4358 de
869 4309 921 4358 obl.
938 4321 963 4358 et
981 4320 1030 4358 act.
1047 4307 1094 4372 [D.
1111 4321 1152 4371 μ
1170 4317 1194 4368 r.
1212 4308 1265 4374 sla]
1284 4310 1374 4360 Tbom.
1393 4325 1417 4360 n.

247 4411 270 4449 a.
293 4416 321 4462 q.
350 4415 404 4465 1⁰9·
427 4411 474 4450 art.
501 4414 524 4459 ³·
557 4399 662 4450 8Rom.
682 4414 703 4450 r.
722 4413 762 4460 31.
795 4399 895 4450 ⁸1³rato
912 4402 944 4450 de
961 4414 1015 4462 rep.
1032 4402 1049 4449 l.
1070 4411 1091 4450 r.
1111 4401 1150 4463 [p.
1167 4402 1320 4464 sarde]
1355 4401 1417 4452 *de

245 4493 307 4542 Plat.
336 4492 402 4553 [vol.
428 4506 450 4540 a.
473 4506 501 4554 p.
528 4491 598 4557 aaa]
633 4491 644 4524 ⁶
670 4508 696 4543 v.
722 4494 783 4542 Plar.
808 4492 884 4542 Polie.
907 4490 1037 4557 [patrina]
1063 4503 1088 4542 et
1107 4494 1138 4542 de
1155 4505 1210 4554 rep.
1225 4494 1244 4542 l.
1261 4499 1285 4542 n.
1303 4491 1342 4556 [p.
1360 4495 1417 4558 ³⁶9·
1517 4569 1526 4582 x

247 4582 272 4630 b.
290 4581 327 4647 c.]
361 4581 554 4646 venenum.
569 4582 609 4647 [ῦι
627 4596 668 4644 82·
683 4584 706 4647 5·
724 4583 761 4649 la]

1158 4673 1197 4738 2*
