3536 5692
377 651 438 711 288
677 667 722 714 uu
746 668 838 734 June
865 669 1048 717 ansanus.
1074 669 1153 715 cao.
1179 669 1258 715 xrrr.

377 819 503 885 ditione
532 823 620 906 regis
653 825 712 906 qni
743 843 830 886 anne
860 836 906 887 est
942 824 1189 910 Hispaniarum
1223 840 1280 889 aut
1313 823 1549 905 arclriducum,

378 946 460 997 terra
474 946 648 1013 auraque,
673 932 794 998 directe
807 949 863 999 aut
874 955 931 1016 per
944 935 1122 1016 circuitus,
1145 935 1367 1018 qualicunque
1379 951 1550 1019 praetextu

378 1059 436 1106 aut
459 1045 576 1154 ⁸colore
609 1045 748 1123 vehere,
782 1043 887 1126 ferre,
920 1060 1137 1128 transportare
1172 1067 1270 1114 aooes
1306 1061 1367 1110 ant
1403 1068 1454 1111 res
1489 1062 1549 1112 aot

378 1157 592 1218 mercimonia
616 1153 712 1236 nlla,
737 1155 799 1220 sub
822 1174 923 1237 paena
947 1160 1132 1221 omissionis
1156 1156 1340 1222 eorumdem
1363 1156 1548 1239 aliisquein

379 1263 488 1330 edicto
524 1265 694 1347 expressis.
743 1266 868 1349 Jubent
906 1266 1039 1349 insuper
1079 1283 1243 1332 curatores
1284 1267 1331 1333 rei
1372 1269 1549 1334 maritimae

379 1375 573 1459 (collegium
604 1376 828 1443 Admiralatus
852 1378 1018 1462 dicitur),
1043 1399 1183 1460 quorum
1207 1379 1369 1444 ordinaria
1390 1378 1423 1444 in
1443 1380 1550 1446 causis

379 1486 539 1571 ejusmodi
570 1487 664 1552 notio
696 1502 768 1568 est,
799 1487 838 1553 de
866 1490 964 1554 rebus
998 1489 1040 1554 ad
1063 1491 1174 1555 hostes
1196 1489 1366 1556 destinatis
1391 1489 1548 1573 intercep

220 1609 286 1654 Data
300 1607 322 1652 t.
332 1623 366 1654 12·
378 1598 486 1680 tisque
518 1619 557 1662 ex
588 1599 796 1682 praescriptis
830 1599 925 1665 istius
961 1600 1059 1666 edicti
1099 1601 1251 1685 judicari.
1308 1601 1397 1666 Huic
1440 1601 1548 1667 edicto

220 1678 248 1707 m.
264 1665 325 1722 Sept.
342 1677 365 1706 a.

221 1721 303 1814 5533&
333 1801 340 1814 ⁶
349 1773 363 1813 ι
379 1710 534 1777 convenit
556 1710 743 1776 eorumdem
766 1711 928 1777 Ordinum
950 1711 1174 1795 interpretatio
1195 1712 1236 1778 ad
1255 1712 1431 1794 diplomata
1455 1713 1549 1778 liberi

220 1823 291 1868 aan.
304 1780 347 1869 'si-
361 1804 366 1815 ⁸
379 1835 577 1886 commeatus
598 1821 809 1888 Lusitanicae
837 1822 961 1889 nationi
980 1843 1145 1890 concessa.
1191 1823 1286 1910 Quae
1305 1843 1380 1888 cum
1398 1824 1549 1890 nonnulli

380 1948 492 1999 contra
511 1934 703 2000 sententiam
725 1933 758 1998 in
770 1953 835 1999 non
848 1935 1005 2017 permissa
1015 1935 1259 2018 producerent,
1283 1935 1328 2000 ita
1340 1935 1550 2018 intelligenda

286 2030 288 2041 '
379 2044 442 2126 ipsi
472 2044 707 2126 decreverunt,
745 2061 783 2111 ut
803 2045 974 2112 Lusitanis
1004 2068 1183 2129 eorumque
1204 2047 1302 2113 rebus
1323 2047 1355 2110 in
1383 2045 1549 2112 foederato

379 2155 491 2239 Belgio
521 2157 657 2238 repertis
687 2172 757 2222 tuta
777 2174 885 2226 essent
904 2158 1012 2224 omnia
1035 2158 1099 2224 fide
1118 2158 1273 2241 publica,
1297 2177 1357 2224 nee
1378 2157 1486 2222 minus
1509 2156 1549 2221 iis

378 2267 498 2348 rebus,
524 2288 604 2349 quas
628 2267 733 2333 eidem
746 2268 916 2349 Lusitani,
935 2289 974 2334 ex
987 2270 1099 2355 Belgio
1113 2270 1289 2351 duntaxat,
1311 2269 1344 2334 in
1355 2268 1433 2334 alias
1445 2283 1546 2332 terras

378 2378 655 2460 transmitterent,
679 2380 848 2463 impetrata
871 2381 1028 2464 singulari
1051 2380 1290 2463 permissione,
1316 2394 1353 2445 ut
1369 2380 1549 2444 moshabet

379 2491 567 2574 Belgarum,
591 2491 766 2557 Caeterum
786 2491 856 2558 sive
880 2492 1094 2558 Lusitaniae
1119 2492 1197 2556 locis
1221 2491 1394 2555 hostilibus
1416 2490 1548 2553 ialoeos

378 2602 533 2682 hostiles,
566 2617 604 2666 ut
634 2623 674 2667 ex
697 2602 803 2669 insula
826 2604 937 2669 Sancti
961 2603 1110 2668 Thomae
1134 2618 1190 2668 aut
1213 2601 1349 2667 Brasilia
1372 2600 1549 2684 Ulyssipo·

378 2732 475 2793 nem,
508 2728 564 2778 aut
595 2713 798 2798 Ulyssipone
822 2714 855 2780 in
877 2715 1046 2780 Brasiliam
1071 2714 1262 2780 Thomaeve
1282 2714 1446 2791 insulam,
1479 2710 1549 2777 sive

378 2846 419 2888 ex
449 2824 527 2888 locis
558 2825 731 2890 hostilibus
760 2829 796 2889 in
830 2826 912 2890 locos
945 2848 1008 2890 aaa
1039 2826 1195 2905 hostiles,
1228 2829 1295 2894 site
1316 2845 1357 2889 ex
1383 2824 1461 2888 locis
1487 2843 1549 2886 aaa

378 2935 552 3000 hostilibus
574 2940 611 3000 ia
634 2937 717 3001 locos
740 2937 871 3001 hostiles
902 2937 1093 3003 commercia
1116 2951 1303 3018 mutarent,
1328 2935 1551 3017 deprehensos

380 3048 411 3111 in
437 3047 507 3112 istis
532 3048 734 3114 commerciis
755 3047 928 3129 homines,
958 3067 1065 3126 naves,
1079 3069 1173 3114 resve
1194 3047 1430 3114 Lusitanorum
1460 3045 1551 3110 nulla

380 3180 418 3224 ex
451 3159 513 3223 fide
534 3159 666 3241 publica
686 3158 860 3225 securitate
879 3158 1072 3240 fracturos,
1096 3159 1154 3225 sed
1176 3173 1233 3223 aut
1253 3178 1270 3222 a
1292 3156 1437 3240 publicis
1459 3155 1551 3221 navi·

380 3271 441 3336 bus
470 3285 526 3337 aut
550 3271 592 3336 ab
614 3271 693 3335 aliis
713 3272 821 3338 victos
842 3276 878 3338 ia
895 3272 1026 3358 praeda
1038 3271 1129 3356 fore.
1176 3271 1323 3353 Apparet
1345 3270 1421 3333 hine
1443 3285 1549 3332 carac-

380 3403 448 3447 cam
470 3403 658 3463 mercesque
680 3383 713 3449 in
731 3404 766 3448 ea
786 3385 859 3468 jure
878 3382 999 3465 triplici
1019 3381 1223 3465 capientibus
1245 3381 1391 3446 cessisse.
1416 3378 1548 3457 Prim0,

381 3494 458 3576 quia
490 3494 726 3561 Lusitanorum
763 3509 875 3575 erant,
900 3493 1107 3561 subditorum
1138 3493 1223 3577 regis
1256 3490 1446 3573 Hispaniae.
1494 3489 1553 3554 Se·

380 3609 511 3688 cunda,
545 3606 623 3688 quia
651 3607 828 3672 Macaiinte
857 3605 1056 3686 veniebant,
1082 3625 1164 3685 quae
1195 3602 1324 3668 colonia
1347 3616 1397 3667 est
1418 3599 1551 3665 Lusita-

379 3740 496 3786 norum
515 3733 547 3784 et
569 3738 604 3784 ea
624 3717 750 3784 ratione
772 3718 903 3785 hostilis
923 3717 1036 3781 haberi
1056 3716 1163 3781 debet.
1188 3713 1325 3791 Tertio,
1349 3712 1427 3794 quia
1447 3711 1549 3794 Ulys-

380 3833 526 3915 siponem
561 3831 796 3909 mittebantur,
833 3830 943 3894 urbem
972 3828 1173 3894 Lusitaniae.
1219 3827 1313 3913 Quae
1337 3839 1445 3890 autem
1471 3823 1549 3889 huic

381 3964 504 4010 aurnexa
534 3958 582 4007 est
611 3941 795 4025 inspecti0,
827 3956 936 4006 utrum
961 3939 1086 4005 scilicet
1107 3939 1154 4019 ii,
1179 3938 1237 4021 qui
1267 3951 1424 4019 ceperunt
1446 3955 1551 4000 carae·
1653 3991 1657 3998 .

382 4077 473 4131 cam,
496 4054 681 4120 marrdatum
695 4053 728 4117 id
740 4052 878 4117 faciendi
892 4051 1088 4131 habuerint,
1102 4069 1304 4134 supervacua
1317 4047 1421 4113 videri
1433 4061 1552 4129 potest.

384 4167 489 4232 Omne
524 4165 606 4231 euim
641 4164 765 4231 subditi
795 4164 828 4228 in
861 4165 947 4228 bello
969 4163 1110 4228 officium
1133 4177 1189 4227 aut
1209 4161 1337 4227 hostem
1358 4173 1414 4223 aut
1437 4156 1554 4241 magis-

383 4292 502 4342 tratum
524 4276 669 4359 respicit.
716 4277 770 4339 An
791 4275 975 4340 mandatum
999 4272 1118 4353 fuerit,
1143 4273 1184 4336 ad
1204 4272 1332 4337 hostem
1355 4272 1448 4351 plane
1473 4267 1556 4332 nibil

383 4389 548 4473 pertinet,
583 4387 637 4453 cui
668 4386 746 4451 satis
771 4387 848 4452 'esse
887 4387 983 4451 debet
1017 4403 1145 4449 causam
1181 4381 1324 4448 adfuisse
1355 4378 1554 4444 offertdendi.

384 4504 498 4583 Atque
522 4501 568 4564 ita
595 4519 668 4563 curu
693 4497 842 4562 Lusitani
863 4496 992 4562 Batavis
1014 4495 1159 4562 hostium
1184 4496 1257 4559 loco
1281 4493 1347 4559 sint
1370 4506 1402 4557 et
1423 4488 1556 4572 spoliari
