3546 5654
511 672 561 720 nn
581 675 674 740 JURE
701 675 883 720 Pannonis.
909 677 988 722 cnP.
1013 677 1077 723 XII.
1318 675 1380 736 209

250 827 464 912 Taprobanes
487 830 643 911 pleraque
667 847 765 910 quarn
789 843 900 894 exacte
923 829 1020 895 nobis
1041 828 1183 896 Romani
1205 842 1212 876 ¹
1234 828 1381 910 descrip-

205 939 303 1006 sere‘.2
346 939 418 1024 Jam
442 959 520 1006 vero
544 954 577 1005 et
599 954 742 1006 caeteras
765 938 887 1006 insulas
915 953 988 1006 ante
1012 941 1192 1008 Lusitanos
1214 959 1281 1008 non
1304 938 1379 1004 fini-

203 1050 275 1115 timi
297 1066 424 1116 tanturn
448 1051 562 1116 Persae
585 1065 618 1116 et
637 1051 781 1128 Arabes,
806 1053 864 1116 sed
883 1045 1049 1135 Etitopaei
1070 1051 1181 1130 etiam,
1204 1051 1378 1134 praecipue

203 1161 325 1228 Veneti
348 1175 516 1228 noverant.
561 1162 729 1229 Praeterea
762 1163 910 1228 inventio
934 1163 1017 1228 nihil
1038 1163 1122 1247 J'uris
1146 1162 1264 1228 tribuit
1283 1167 1294 1202 ¹
1314 1161 1377 1226 nisi

205 1271 322 1353 inea,
356 1293 438 1353 quae
470 1287 543 1339 ante
561 1272 799 1340 inventionem
833 1273 959 1340 nullius
981 1273 1123 1340 fuerant.
1171 1273 1280 1354 Atqui
1303 1271 1376 1336 Indi
1389 1273 1469 1319 Prail·
1485 1273 1519 1318 1¹·

204 1402 278 1447 cum
302 1384 343 1447 ad
365 1403 421 1449 eos
443 1382 597 1450 Lusitani
620 1400 802 1466 venerunt,
827 1385 889 1450 etsi
911 1385 1030 1469 partim
1054 1385 1234 1463 idolatrae,
1259 1383 1374 1465 partim

204 1475 432 1560 Mahumetani
454 1510 543 1561 erant
562 1495 784 1579 gravibusque
795 1495 938 1578 peccatis
951 1495 1135 1577 involuti⁸,
1160 1494 1376 1560 nihilominus

204 1604 337 1687 publice
360 1625 396 1671 ac
420 1605 572 1687 privatim
596 1626 702 1672 rerum
724 1607 1037 1689 possessionumque
1052 1625 1182 1672 suarum
1194 1604 1373 1671 dominium

204 1716 411 1796 habuerunt,
436 1717 527 1798 quod
550 1716 617 1782 illis
640 1717 710 1782 sine
731 1719 819 1802 justa
842 1736 941 1783 causa
964 1717 1046 1799 eripi
1071 1736 1136 1782 non
1160 1714 1281 1798 potuit.
1327 1716 1374 1780 Ita

203 1826 391 1894 certissimis
433 1827 616 1893 rationibus
653 1843 730 1911 post
764 1828 846 1894 alios
880 1842 1032 1894 auctores
1066 1826 1197 1894 maximi
1233 1825 1376 1891 nominis

203 1937 372 2003 concludit
394 1937 563 2021 Hispanus
584 1938 735 2004 Victoria
752 1938 774 2004 ⁴.
821 1939 901 2002 Non
917 1952 1088 2024 possunt,
1103 1937 1236 2020 inquit,
1262 1940 1375 2004 Chris-

203 2051 294 2113 tiani
323 2049 487 2114 seculares
518 2063 580 2114 aut
600 2049 815 2115 ecclesiastici
829 2063 995 2136 potestate
1013 2048 1109 2117 ciuili
1127 2063 1159 2114 at
1174 2053 1374 2136 principata

198 2162 343 2244 privare
373 2157 541 2242 infideles,
574 2181 608 2225 eo
640 2160 814 2226 duntaxat
837 2161 961 2240 titula,
998 2164 1080 2244 qaia
1103 2158 1249 2242 infideles
1272 2174 1373 2240 sant,

204 2272 270 2333 nisi
302 2269 345 2332 ab
375 2273 420 2333 eis
443 2269 517 2335 alia
540 2271 673 2354 injuria
690 2269 848 2355 profecta
872 2275 927 2335 sit.
972 2270 1070 2335 Fides
1094 2269 1203 2349 enim,
1228 2285 1266 2335 ut
1288 2285 1374 2335 recte

204 2378 314 2459 inquit
347 2379 496 2445 Thomas
515 2377 551 2459 ⁵,
584 2399 650 2447 non
675 2380 764 2446 tollit
785 2380 841 2463 jus
862 2382 1008 2446 naturale
1030 2394 1086 2445 aut
1109 2380 1310 2461 humanum,
1335 2400 1375 2444 ex

204 2508 272 2570 quo
304 2488 447 2556 dominia
478 2488 626 2572 profecta
659 2505 753 2556 sunt:
787 2490 852 2556 imo
885 2490 1016 2556 credere
1040 2488 1189 2556 infideles
1213 2509 1279 2555 non
1303 2510 1373 2556 esse

203 2620 311 2666 rerum
335 2618 466 2666 suarum
489 2599 641 2667 dominos
663 2600 861 2667 haereticum
886 2615 936 2668 est
956 2598 991 2679 ⁶,
1016 2616 1048 2667 et
1071 2620 1123 2666 res
1145 2601 1186 2667 ab
1209 2600 1274 2667 illis
1297 2621 1375 2684 pos-

204 2729 309 2776 sessas
338 2711 403 2776 illis
435 2712 478 2776 ob
508 2712 573 2778 hoc
596 2711 703 2794 ipsum
728 2712 851 2795 eripere
874 2711 997 2777 furtum
1023 2726 1072 2778 est
1096 2725 1128 2776 et
1150 2711 1284 2794 rapina,
1307 2732 1374 2777 non

202 2822 311 2888 minus
345 2842 442 2904 quam
478 2822 506 2887 si
541 2822 625 2888 idem
661 2822 718 2888 fiat
753 2823 966 2888 Christianis.
1020 2822 1124 2888 Recte
1159 2821 1260 2906 igitur
1293 2822 1375 2888 dicit

201 2933 351 3000 Victoria
372 2952 439 2999 non
463 2935 564 3018 magis
587 2932 650 2999 ista
670 2933 710 2999 de
732 2954 829 2999 causa
853 2933 1010 3017 Hispanis
1028 2934 1083 3018 jus
1102 2933 1136 2997 in
1156 2933 1255 2998 Indos
1274 2953 1374 3015 quae·

202 3045 319 3125 situm,
346 3064 443 3126 quam
466 3044 556 3112 Indis
579 3043 695 3112 fuisset
718 3045 751 3111 in
774 3045 965 3129 Hispanos,
988 3044 1017 3109 si
1037 3043 1095 3126 qui
1107 3045 1237 3110 illorum
1248 3043 1374 3126 priores

203 3155 236 3221 in
270 3155 463 3238 Hispaniam
500 3155 681 3222 venissent.
728 3155 849 3238 Neque
888 3176 967 3223 vero
1006 3169 1084 3221 sunt
1118 3154 1191 3222 Indi
1226 3153 1374 3220 Orientis

203 3281 345 3334 amentes
376 3281 434 3331 aut
464 3266 619 3333 insensati
652 3266 709 3332 sed
741 3267 904 3352 ingeniosi
936 3282 969 3332 et
1001 3268 1171 3348 sollertes,
1204 3265 1250 3331 ita
1272 3280 1373 3332 utne

202 3377 279 3443 hinc
301 3377 435 3460 quidem
459 3392 646 3461 praetextus
668 3377 866 3463 subjiciendi
886 3377 993 3462 possit
1011 3378 1162 3457 desumi,
1187 3376 1246 3460 qui
1264 3391 1371 3443 tamen

201 3508 259 3572 per
281 3508 316 3554 se
338 3489 418 3554 satis
439 3503 489 3556 est
519 3488 708 3556 manifestae
733 3469 933 3572 iniquitatis.
977 3489 1048 3573 Jam
1072 3489 1151 3556 olim
1174 3488 1372 3555 Plutarchus

201 3603 346 3687 πρόφασιν
364 3603 533 3682 πλεονεξίας
552 3599 656 3666 fuisse
676 3599 757 3666 dicit
773 3606 967 3685 ἡμερῶσαιτόι
976 3601 1167 3684 βαρβαρικοὶ,
1192 3599 1372 3682 improbam

202 3709 328 3776 scilicet
355 3709 451 3774 alieni
481 3710 693 3792 cupiditatem
721 3711 786 3776 hoc
815 3710 877 3774 sibi
906 3711 1017 3776 velum
1047 3709 1248 3788 obtendere,
1282 3709 1373 3790 quod

201 3821 379 3887 barbariem
409 3820 657 3886 mansuefaciat.
703 3821 749 3885 Et
778 3839 866 3886 nunc
895 3819 991 3884 etiam
1020 3821 1110 3885 color
1130 3819 1184 3885 ille
1204 3819 1372 3902 redigendi

201 3931 337 3998 invitas
350 3946 464 4016 gentes
494 3931 534 3996 ad
564 3949 671 3996 mores
700 3930 930 4012 humaniores,
966 3930 1025 4010 qui
1056 3929 1194 3996 Graecis
1228 3928 1306 3993 olim
1341 3943 1373 3993 et

135 4085 137 4089 ψ
202 4043 391 4110 Alexandro
423 4056 601 4125 usurpatus
635 4055 708 4120 est,
740 4039 945 4124 atheologis
977 4039 1154 4121 omnibus,
1185 4037 1372 4121 praesertim

199 4222 391 4234 u-*n———n

235 4322 293 4370 ¹V.
311 4323 375 4372 Plin.
397 4325 456 4372 Nat.
473 4325 532 4373 hist.
556 4326 573 4373 l.
596 4326 619 4373 6.
643 4338 667 4373 c.
693 4337 733 4372 22.
767 4320 812 4371 ²1.
837 4336 860 4380 3.
882 4323 909 4370 ff.
931 4324 962 4371 de
984 4336 1039 4382 acq.
1063 4335 1112 4370 rcr.
1133 4323 1200 4370 dom.
1219 4319 1263 4384 [D.
1277 4333 1319 4382 4¹·
1338 4321 1372 4382 1.]

202 4411 337 4460 ³Covarr.
357 4415 383 4462 in
401 4429 425 4463 c.
448 4427 590 4476 peccatum.
610 4419 631 4474 5.
653 4429 691 4463 ro.
708 4430 733 4462 n.
752 4428 775 4463 a.
794 4425 818 4462 ct
836 4427 860 4474 4.
883 4425 908 4462 et
926 4426 948 4469 s.
982 4411 1042 4462 ⁴de
1066 4424 1120 4473 pot.
1144 4412 1195 4462 civ.
1213 4425 1239 4472 p.
1259 4424 1280 4460 1.
1302 4426 1327 4458 n.
1350 4425 1374 4472 9.

201 4502 320 4550 ‘Thom
337 4517 360 4551 2.
377 4518 400 4552 2.
415 4519 440 4564 q.
461 4519 498 4553 ro.
513 4518 609 4554 arara.
643 4506 739 4555 “vica
755 4507 786 4555 de
800 4505 868 4554 lndis
886 4519 911 4565 p.
932 4517 952 4551 1.
970 4519 995 4552 n.
1009 4518 1034 4565 4.
1053 4515 1075 4559 s.
1094 4505 1117 4551 6.
1133 4516 1157 4561 7.
1175 4515 1200 4552 et
1220 4515 1257 4562 19.

1204 4613 1241 4672 ¹4
