3546 5654
369 684 430 728 212
672 680 719 725 DE
742 679 836 746 JURE
861 679 1045 726 PRAEDAE.
1070 682 1150 728 CAP.
1177 683 1243 750 XII.

367 835 473 901 nihilo
502 849 551 900 est
576 827 698 917 justior
719 840 752 914 ¹,
776 853 873 915 quam
903 834 958 899 ille
984 834 1188 902 Graecorum
1215 837 1248 900 in
1269 837 1447 918 barbaros,
1472 857 1540 918 quo

369 945 528 1011 Boethius
547 943 558 980 ¹
578 945 740 1028 respexit:

608 1055 664 1120 An
688 1055 820 1122 distant
844 1060 926 1141 quia
951 1056 1178 1142 dissidentque
1200 1079 1302 1123 mores

607 1168 759 1253 Injustas
783 1170 870 1232 acies
894 1180 925 1232 et
943 1167 1026 1252 fera
1051 1168 1138 1232 bella
1162 1183 1313 1248 morant,

607 1277 826 1362 Alternisque
849 1277 968 1345 uolunt
985 1283 1103 1364 perire
1126 1279 1233 1344 telis?

608 1389 688 1452 Non
712 1401 759 1452 est
773 1388 873 1472 justa
897 1392 981 1452 sutis
1005 1393 1168 1456 saeuitiae
1191 1394 1293 1455 ratio.

412 1503 478 1568 Ista
508 1515 615 1566 autem
639 1514 672 1565 et
695 1498 846 1562 Thornae
870 1512 903 1564 et
925 1499 1059 1564 concilii
1095 1499 1252 1566 Toletani
1277 1515 1309 1566 et
1333 1500 1487 1586 Gregorii
1511 1516 1543 1566 et

368 1615 623 1696 theologorum,
660 1609 928 1691 canonistarum,
967 1609 1332 1694 jurisprudentiumque
1371 1611 1438 1677 fere
1472 1633 1541 1678 orn·

369 1725 460 1790 niurn
481 1727 492 1762 ⁸
511 1721 681 1788 conclusio
714 1735 783 1786 est:
830 1734 1123 1803 quantumcunque
1159 1721 1240 1788 fides
1276 1723 1465 1788 annuntiata
1499 1723 1543 1789 sit

369 1834 515 1900 barbaris
547 1834 639 1917 (narn
672 1833 713 1899 de
745 1831 797 1896 his
830 1831 889 1913 qul
921 1831 1047 1897 subditi
1078 1846 1151 1898 ante
1183 1832 1320 1899 fuerunt
1344 1834 1543 1900 Christianis

368 1942 599 2025 Principibus,
625 1940 701 2006 item
729 1943 768 2008 de
792 1943 950 2025 apostatis
969 1943 1032 2008 alia
1064 1959 1113 2010 est
1134 1944 1305 2028 quaestio)
1330 1945 1544 2026 probabiliter

371 2068 403 2118 ct
426 2052 645 2133 sufficienter,
669 2052 746 2120 etsi
767 2052 933 2118 noluerint
953 2073 1021 2118 eam
1042 2052 1207 2137 recipere,
1232 2074 1297 2121 non
1318 2070 1424 2121 tamen
1444 2056 1542 2122 licere

371 2164 431 2228 hac
453 2164 577 2230 ratione
601 2182 658 2228 eos
681 2165 769 2229 bello
793 2163 946 2246 persequi
971 2178 1004 2230 et
1026 2164 1288 2247 spoliare-bonis
1310 2167 1389 2233 suis.
1415 2166 1542 2250 Operae

370 2275 512 2357 pretium
545 2290 595 2342 est
627 2274 661 2339 in
691 2275 774 2340 hanc
806 2295 872 2340 rem
906 2275 976 2358 ipsa
1008 2275 1157 2360 Cajetani
1182 2281 1194 2318 ⁴
1220 2278 1320 2342 verba
1350 2278 1542 2343 describere.

373 2384 541 2469 Quidam,
576 2385 644 2466 ait,
667 2383 815 2468 infideles
839 2407 895 2450 nea
918 2386 1056 2472 dejure
1078 2409 1135 2452 nee
1158 2388 1197 2454 de
1212 2388 1311 2472 facto
1335 2389 1472 2454 subsunt
1495 2410 1543 2454 se-

370 2497 513 2563 eundum
538 2497 749 2582 temporalem
775 2497 1048 2581 jurisdictionem
1073 2499 1289 2584 Principibus
1314 2499 1542 2581 Christianis,

372 2621 410 2672 ut
432 2611 461 2672 si
483 2609 704 2675 inueniuntur
729 2611 884 2692 pagani,
918 2611 977 2692 qui
1009 2629 1189 2692 numquam
1221 2613 1357 2695 imperio
1390 2611 1541 2676 Romano

372 2717 498 2784 subditi
522 2717 694 2800 fuerunt,
726 2729 840 2782 terras
872 2719 1085 2800 habitantes,
1109 2723 1145 2784 in
1169 2720 1287 2804 quibus
1311 2719 1542 2786 Christianum

372 2849 551 2915 numquam
586 2828 664 2912 fuit
696 2849 821 2894 nomen.
870 2830 1000 2894 Horum
1033 2851 1177 2916 namque
1210 2830 1355 2912 domini,
1391 2811 1543 2916 quamuis

370 2938 539 3023 infideles,
573 2939 716 3025 legitimi
738 2939 864 3005 domini
885 2953 984 3022 sunt,
1020 2945 1087 3008 sire
1110 2941 1222 3028 regali
1244 2945 1311 3009 sire
1328 2943 1467 3028 politico
1491 2964 1543 3008 re-

368 3055 494 3138 gimine
522 3051 785 3135 gubernantur:
819 3071 876 3114 nee
908 3064 986 3114 sunt
1013 3065 1156 3137 propter
1186 3050 1419 3134 infidelitatem
1444 3076 1465 3118 a
1487 3052 1544 3119 do-

372 3165 472 3227 minio
497 3180 631 3224 suorum
651 3163 811 3244 priuati,
844 3181 945 3244 quum
970 3161 1151 3227 dominium
1175 3166 1220 3228 sit
1244 3184 1285 3228 ex
1299 3164 1383 3248 jure
1400 3167 1543 3250 positivo

372 3285 403 3336 et
426 3269 609 3354 infidelitas
632 3269 809 3338 eea-dirino
824 3272 930 3356 jure,
955 3272 1044 3357 quod
1064 3293 1128 3338 non
1152 3273 1243 3338 tollit
1258 3274 1318 3359 jus
1337 3278 1541 3359 positivum,

373 3397 410 3448 ut
442 3385 594 3467 superius
625 3384 672 3445 in¹
696 3385 888 3465 quaestione
922 3383 1073 3447 habitum
1097 3397 1157 3450 est.
1205 3385 1254 3450 Et
1278 3385 1317 3450 de
1339 3386 1390 3450 bis
1414 3385 1542 3451 nullam

371 3498 436 3559 seio
459 3493 559 3578 legem
584 3491 696 3578 quoad
716 3491 927 3577 temporalia.
967 3492 1095 3558 Contra
1115 3494 1170 3559 bos
1190 3495 1305 3560 nullus
1326 3516 1406 3574 rea,
1431 3496 1544 3561 nullus

371 3609 581 3690 imperator,
615 3624 672 3667 nee
704 3602 839 3668 eeclesia
874 3603 1034 3668 Romana
1056 3618 1165 3689 potest
1199 3626 1327 3674 morere
1355 3606 1474 3673 bellurn
1499 3605 1546 3674 ad

373 3714 578 3800 occupandas
610 3727 725 3779 terras
755 3735 866 3779 eorum
891 3727 952 3778 aut
976 3715 1190 3798 subjiciendos
1214 3737 1264 3782 eos
1288 3717 1544 3803 temporaliter,

369 3921 566 3932 oe———n-nn

407 4051 414 4085 ¹
433 4053 463 4098 V.
481 4052 557 4110 Vasq.
575 4062 693 4099 controv.
711 4051 801 4098 illustr.
821 4064 843 4098 c.
862 4064 902 4111 24.
920 4049 987 4098 Vict.
1007 4051 1038 4098 de
1057 4050 1135 4098 ludis.
1154 4064 1179 4109 p.
1190 4063 1247 4097 un.
1260 4063 1297 4097 10.
1333 4046 1344 4080 ²
1360 4050 1391 4097 de
1401 4062 1472 4098 cons.
1482 4047 1546 4108 phil.

371 4145 388 4191 l.
405 4156 430 4204 4.
448 4142 474 4189 in
492 4155 516 4202 4.
534 4152 593 4188 met.
611 4141 649 4202 [p.
667 4141 723 4188 286.
741 4154 780 4188 vs.
798 4142 834 4202 7.]
870 4139 991 4188 'Thon
1010 4155 1032 4188 2.
1052 4155 1074 4188 2.
1093 4155 1118 4200 q.
1140 4154 1177 4188 10.
1196 4152 1241 4188 art.
1260 4143 1283 4188 8.
1302 4141 1392 4187 Matth.
1415 4153 1452 4187 10.
1472 4151 1545 4195 unc.

371 4235 403 4281 de
420 4231 530 4295 Judacis.
549 4231 607 4279 dist.
625 4243 667 4291 4⁵·
686 4230 774 4295 [Dect.
794 4233 862 4279 Grac.
880 4245 906 4292 p.
927 4244 947 4278 1.
965 4243 1006 4291 45.
1026 4230 1061 4293 5.]
1082 4245 1105 4280 c.
1124 4231 1168 4290 qui
1186 4231 1293 4279 sincera.
1312 4231 1368 4278 cad.
1387 4231 1446 4279 dist.
1461 4229 1543 4292 [c.3.]

372 4326 460 4372 lnnoc.
483 4323 507 4370 d.
525 4325 593 4370 loco.
611 4323 676 4369 Bart.
696 4323 727 4370 ad
744 4324 761 4368 l.
782 4335 803 4369 1.
822 4323 851 4368 C.
869 4323 901 4369 de
919 4335 975 4382 pag.
996 4323 1038 4383 [C.
1059 4335 1080 4369 ι.
1101 4321 1151 4382 ιι.]
1172 4324 1277 4370 Covarr.
1296 4323 1336 4369 ad.
1356 4334 1378 4368 c.
1397 4332 1543 4381 peccatum.

371 4428 397 4474 p.
425 4428 447 4461 a.
466 4417 487 4471 5.
511 4427 535 4474 9.
558 4424 582 4460 et
608 4426 645 4460 10.
664 4414 742 4472 Ayala
769 4411 874 4469 dejure
893 4411 962 4460 belli.
981 4415 998 4459 l.
1019 4425 1039 4459 1.
1058 4425 1081 4460 c.
1101 4426 1124 4468 2,
1143 4426 1168 4460 n.
1188 4415 1227 4460 28.
1261 4410 1322 4459 ⁴ad
1340 4414 1431 4460 summ.
1452 4413 1544 4461 Thonr.

374 4517 396 4551 2.
415 4518 438 4551 u.
456 4517 481 4562 q.
500 4503 540 4549 66.
559 4514 604 4550 art.
624 4505 646 4549 8.
