3552 5654
365 655 407 740 96
661 675 707 726 or
730 677 823 747 Junr
849 675 1032 728 rannone.
1058 677 1138 727 car.
1162 674 1242 726 unt.

365 831 457 915 quod
470 845 503 898 et
518 851 616 916 supra
634 831 790 914 diximus,
810 833 1000 901 defervente
1016 833 1164 918 periculo
1183 834 1273 918 leges
1286 827 1534 900 resuscitandas.

283 955 286 964 '
364 941 518 1029 Exempli
548 962 667 1026 causa,
697 943 725 1012 si
757 941 832 1026 quis
862 944 995 1012 alterius
1021 941 1156 1012 ditionis
1183 942 1266 1011 civis
1290 942 1431 1028 aliquus
1451 945 1536 1012 bona

363 1056 475 1123 veniat
500 1070 649 1140 raptum,
682 1069 836 1138 poterunt
856 1075 923 1123 non
945 1055 1025 1122 haec
1045 1067 1171 1122 tantum
1192 1055 1318 1138 recipi,
1343 1055 1399 1122 sed
1420 1071 1452 1122 et
1474 1055 1534 1122 alia

363 1169 450 1236 bona
479 1183 553 1236 ante
582 1165 744 1254 judicium
776 1165 847 1251 capi
879 1165 973 1249 quasi
1002 1165 1036 1232 in
1064 1165 1207 1252 pignus,
1232 1165 1275 1234 ita
1299 1183 1338 1234 ut
1360 1168 1535 1236 reddantur
1632 1194 1636 1200 ·

364 1277 391 1346 si
408 1279 570 1365 judicium
592 1293 741 1346 secutum
764 1277 808 1343 sit
827 1285 850 1344 ¹.
897 1277 1040 1364 Quoties
1059 1293 1167 1345 autem
1190 1278 1273 1346 ratio
1300 1277 1455 1362 temporis
1477 1301 1535 1363 pa·

361 1392 461 1473 titur,
485 1389 585 1459 toties
610 1389 800 1472 quicunque
829 1387 950 1454 bellum
984 1387 1171 1473 suscipiunt
1197 1405 1229 1456 et
1261 1389 1295 1457 in
1318 1405 1534 1473 quoscunque

360 1501 521 1588 judicium
543 1501 687 1584 accipere
706 1500 835 1568 debent.
880 1494 978 1566 Unde
1001 1498 1086 1568 belia
1108 1499 1219 1568 civilia
1238 1502 1326 1586 juste
1348 1501 1535 1586 suscipiun-

362 1629 417 1680 tur
434 1613 612 1682 sccundum
631 1611 774 1696 regulam
794 1609 941 1708 quintam
960 1607 1032 1678 sive
1050 1609 1219 1694 septimam
1239 1627 1272 1678 et
1282 1611 1386 1698 legem
1398 1631 1533 1679 nonam:

363 1739 495 1792 externa
524 1721 704 1791 secundum
733 1725 837 1807 legem
870 1717 1095 1788 duodecimam
1123 1737 1155 1788 et
1184 1725 1331 1809 regulam
1366 1742 1485 1790 nonam
1506 1729 1532 1791 ¹.

363 1834 472 1923 Quare
503 1835 537 1901 in
568 1835 655 1901 bello
685 1829 776 1900 civili
808 1851 868 1917 pro
898 1833 972 1899 cive
1004 1849 1061 1899 aut
1089 1833 1258 1918 republica
1286 1848 1399 1902 contra
1429 1832 1535 1903 civem

363 1945 521 2014 sententia
532 1946 740 2031 magistratus
756 1959 813 2011 aut
828 1943 1026 2028 reipublicae
1043 1941 1258 2026 desideratur,
1277 1965 1338 2012 nec
1355 1945 1535 2028 quidquam

363 2061 447 2126 ultra
469 2061 498 2123 ⁸:
532 2058 622 2141 quod
645 2057 679 2122 in
714 2071 847 2123 externo
879 2055 972 2122 aliter
999 2069 1066 2124 est:
1101 2054 1201 2138 idque
1231 2077 1249 2122 a
1277 2056 1393 2126 Tullio
1415 2063 1428 2100 ⁴
1448 2072 1535 2123 recte

362 2167 598 2256 distinguitur,
629 2166 687 2252 qui
715 2186 789 2235 cum
820 2165 998 2234 mittendos
1020 2168 1061 2233 ad
1083 2165 1266 2236 Antonium
1289 2170 1415 2254 legatos
1438 2183 1534 2255 negat

362 2283 420 2350 sed
449 2280 484 2348 vi
514 2301 587 2347 eum
617 2277 799 2365 cogendum
829 2293 867 2346 ut
899 2281 940 2346 ab
963 2277 1134 2346 obsidione
1157 2276 1312 2345 Mutinae
1333 2280 1533 2363 discederet,

363 2415 427 2460 non
455 2394 562 2474 anim,
586 2389 716 2475 inquit,
740 2411 813 2457 cum
843 2389 1086 2457 Annibalem
1110 2392 1277 2468 arnberto
1309 2391 1534 2478 reipublicae,

362 2501 419 2570 sed
449 2524 523 2568 cum
555 2504 640 2571 cire:
676 2500 767 2584 quod
800 2501 973 2568 discrimen
1008 2501 1173 2569 subtiliter
1209 2502 1332 2570 Seneca
1354 2507 1366 2543 ⁸
1388 2504 1533 2586 indicat,

362 2633 437 2680 cum
469 2611 569 2696 dicit,
592 2611 734 2680 ,indicta
762 2607 919 2696 finitimis
952 2610 1040 2679 bella
1073 2625 1135 2679 aut
1163 2626 1259 2701 gesta
1288 2635 1361 2682 cum
1393 2615 1531 2686 ciuibus.

362 2725 451 2815 Quia
471 2725 572 2793 indici
594 2726 715 2792 bellum
738 2724 869 2794 civibus
888 2745 948 2792 nec
980 2727 1084 2808 solet,
1107 2744 1166 2792 nec
1187 2743 1319 2792 neccsse
1340 2741 1399 2793 est.
1444 2727 1533 2794 Idem

363 2838 426 2904 erit
445 2836 478 2902 in
497 2834 666 2922 tyrannis,
686 2837 891 2917 latronibus,
914 2834 1029 2920 piratis
1050 2850 1082 2902 et
1100 2835 1292 2919 quicunque
1309 2855 1383 2921 pars
1402 2838 1534 2906 alterius

361 2949 560 3034 reipublicae
583 2966 649 3016 non
673 2963 759 3014 sunt.
805 2948 842 3013 ln
866 2947 960 3016 bellis
985 2945 1159 3016 extemis·
1183 2949 1235 3014 lex
1268 2946 1443 3031 illaquam
1467 2948 1534 3016 dixi

261 3115 267 3128 .
364 3075 396 3126 et
416 3062 528 3145 regula
549 3057 762 3125 constituunt
789 3055 1070 3127 denuntiationem
1092 3056 1173 3125 adeo
1194 3060 1386 3126 celebratam
1409 3061 1443 3128 in
1462 3063 1535 3146 jure

361 3171 465 3255 belli,
496 3170 535 3235 de
567 3189 632 3252 qua
661 3188 728 3234 non
757 3166 843 3236 idem
872 3185 999 3236 veteres
1032 3175 1252 3252 censuerunt,
1284 3171 1379 3238 nobis
1412 3192 1451 3236 ex
1483 3171 1534 3238 his

363 3302 450 3364 quae
478 3280 734 3365 praestruximus
762 3279 871 3347 omnia
902 3295 997 3348 erunt
1026 3279 1186 3366 expedita.
1233 3282 1338 3349 Recte
1367 3282 1450 3348 illud
1482 3281 1533 3348 sui

360 3393 444 3478 juris
466 3394 596 3460 tenebat
625 3394 718 3460 miles
750 3394 836 3477 apud
858 3396 1028 3472 iilustrare
1051 3407 1084 3459 et
1105 3409 1145 3462 ut
1163 3392 1208 3460 ita
1230 3394 1335 3461 dicam
1356 3395 1534 3462 sententio-

362 3503 526 3572 sissimum
550 3518 713 3571 auctorem
736 3511 768 3568 ⁷:

386 3615 508 3681 Omnia
523 3619 623 3702 prius
644 3618 795 3702 experiri
814 3615 922 3683 serbis
943 3635 1042 3700 quam
1064 3617 1170 3680 armis
1191 3617 1368 3702 sapientem
1390 3615 1506 3682 dccet:

387 3725 454 3811 Qui
473 3731 535 3793 scis
556 3748 602 3792 an
622 3747 707 3812 quac
717 3726 853 3809 jubeam
877 3729 946 3791 sinc
963 3729 999 3794 aa·
1013 3724 1163 3810 faciat?

405 3837 492 3904 Nam
517 3853 549 3904 et
570 3838 746 3922 Euripides
767 3844 779 3879 ⁸
802 3837 945 3904 dixerat:

639 3951 750 4030 λόγοισι
771 3953 894 4025 πείσαις,
917 3955 942 4018 ci
964 3953 994 4018 δὲ
1015 3953 1057 4031 μὴ
1080 3949 1138 4036 βίᾳ
1159 3950 1242 4032 δορός.

647 4059 764 4126 Verbis
787 4059 827 4125 id
845 4059 1050 4146 impetrabo,
1075 4062 1127 4123 sin
1149 4059 1258 4124 minus
1280 4077 1393 4124 manu.

366 4217 559 4228 -υ--α-αι-

395 4304 404 4338 ¹
422 4307 439 4353 l.
454 4305 498 4366 qui
518 4319 617 4366 posses.
631 4306 656 4353 ff.
676 4307 708 4356 de
727 4305 754 4354 vi
771 4318 796 4354 et
814 4305 841 4354 vi
857 4319 916 4354 arm.
932 4301 975 4369 [D.
988 4318 1030 4367 4³·
1049 4303 1087 4354 16.
1108 4304 1158 4368 17.]
1179 4304 1252 4356 Arias
1270 4307 1301 4354 de
1319 4304 1397 4354 bello.
1414 4319 1439 4354 n.
1455 4317 1493 4366 24.
1508 4302 1534 4354 in

360 4395 450 4455 partic.
462 4394 540 4443 bello.
560 4396 666 4457 [ocean.
680 4397 734 4459 Jur.
747 4406 809 4444 tom.
828 4396 866 4445 16.
882 4410 908 4456 p.
928 4395 996 4457 3260]
1023 4392 1034 4426 ¹
1051 4410 1077 4443 v.
1094 4409 1116 4444 c.
1132 4409 1155 4444 a.
1181 4393 1192 4428 ³
1210 4398 1280 4445 Bald.
1289 4395 1316 4444 in
1325 4398 1344 4444 1.
1357 4397 1378 4444 si
1387 4409 1496 4444 manum.
1506 4397 1534 4446 c.

361 4486 392 4534 de
404 4484 533 4546 obspatr.
549 4487 622 4548 [co.
633 4487 657 4536 6.
670 4487 706 4548 4.]
730 4483 741 4518 ⁴
758 4485 822 4535 Phil.
835 4497 857 4541 s.
875 4487 912 4548 [c.
924 4499 961 4534 10.
971 4487 1040 4546 §.ad
1056 4487 1123 4547 sqq]
1149 4486 1160 4518 ⁸
1177 4489 1209 4536 de
1224 4486 1261 4536 ira
1276 4488 1293 4534 l.
1309 4499 1332 4543 a.
1345 4499 1369 4535 c.
1384 4499 1407 4534 a.
1429 4485 1440 4519 ⁸
1458 4487 1534 4535 Mart.

360 4575 438 4624 Laud.
445 4575 476 4624 de
486 4575 564 4624 bello.
579 4591 604 4636 q.
618 4591 642 4638 9.
652 4589 677 4624 ec
694 4587 767 4634 πει
783 4579 823 4634 38.
848 4573 860 4613 ⁷
877 4577 978 4626 Terent.
992 4577 1056 4627 Eun.
1070 4576 1121 4637 [vs.
1131 4579 1188 4638 789.
1199 4578 1248 4638 sq]
1276 4575 1288 4608 ⁸
1308 4577 1406 4639 [suppl.
1416 4578 1532 4640 vs.347.]
