3536 5692
341 668 397 739 348
824 678 1031 722 nocumenta·

340 867 370 914 et
400 854 539 930 navibus,
569 856 658 912 carris
679 866 708 912 et
729 856 828 928 equis,
849 856 956 927 quibus
977 869 1083 912 merces
1105 851 1254 925 impositae
1276 862 1375 924 erant,
1397 863 1426 909 et
1447 868 1508 908 cae-

341 971 415 1018 teras
435 971 581 1033 praeterea
600 976 706 1032 poenas
729 960 876 1027 incurret,
896 974 971 1031 quae
992 956 1128 1030 deinceps
1146 953 1363 1013 indicabuntur.
1394 957 1433 1013 Et
1451 972 1509 1028 quo

341 1064 442 1123 melius
471 1076 685 1136 praevertamus
715 1079 813 1120 omnes
841 1061 954 1120 fraudes
984 1074 1013 1119 et
1044 1060 1188 1128 fallacias,
1208 1075 1276 1130 quas
1297 1056 1431 1116 adversus
1453 1060 1509 1116 hoc

340 1167 470 1226 edictum
502 1168 621 1226 forsitan
647 1169 754 1241 aliquis
775 1178 886 1225 struere
907 1167 998 1240 velit,
1018 1179 1152 1237 expresse
1173 1161 1304 1236 jubemus
1325 1178 1422 1220 omnes
1443 1179 1509 1234 por-

341 1273 443 1329 titores
474 1281 503 1327 et
534 1284 682 1330 coactores
710 1283 897 1343 caeterosque
937 1268 1118 1341 magistratus
1150 1280 1264 1327 nostros
1297 1269 1325 1325 in
1357 1268 1509 1343 portibus,

341 1370 456 1446 oppidis
485 1372 584 1429 aliisve
616 1373 687 1430 locis
715 1383 855 1431 terrarum
883 1370 1092 1430 foederatarum
1122 1369 1171 1450 (hi
1202 1383 1297 1430 autern
1326 1373 1509 1449 meminerint

340 1474 527 1550 jurisjurandi
547 1488 577 1534 et
597 1479 730 1550 cogitent
749 1493 779 1534 se
798 1477 928 1549 alioquin
950 1491 1069 1533 munere
1091 1493 1143 1534 suo
1165 1477 1310 1549 privatum
1334 1477 1369 1533 iri
1391 1487 1421 1534 et
1441 1492 1508 1549 poe·

341 1597 390 1637 nas
412 1592 514 1638 nostro
540 1582 663 1638 arbitrio
683 1578 838 1658 daturos),
860 1582 986 1652 reliquos
1011 1591 1158 1652 praeterea
1178 1595 1297 1648 omnes,
1317 1580 1367 1652 qui
1389 1581 1509 1652 provin·

340 1686 450 1743 clarum
480 1683 686 1744 foederataram
718 1686 798 1743 cives
819 1695 886 1742 sunt
906 1686 953 1741 vel
975 1700 1019 1741 eas
1038 1684 1246 1757 frequentant,
1266 1694 1299 1741 ut
1320 1699 1420 1756 magna
1441 1699 1510 1740 cura

341 1801 371 1848 et
398 1789 549 1863 diligentia
580 1790 748 1863 inquirant,
779 1806 814 1845 an
847 1799 952 1846 contra
973 1788 1030 1846 hoc
1054 1785 1181 1845 edictum
1202 1802 1309 1844 merces
1330 1788 1443 1860 aliquae
1463 1789 1509 1843 vel

341 1894 417 1952 bona
447 1892 482 1951 ad
514 1905 615 1968 portus
645 1904 675 1951 et
705 1890 814 1966 oppida
845 1892 971 1950 hostiurn
1004 1891 1256 1949 transmittantur:
1289 1888 1371 1963 quod
1401 1892 1423 1946 si
1451 1906 1510 1947 esse

341 1979 521 2071 compertum
542 1998 599 2065 sit,
619 1996 750 2070 iubemus
772 2011 879 2053 merces
899 2011 997 2053 omnes
1018 2006 1048 2053 et
1069 1995 1145 2052 bona
1173 2010 1238 2053 cum
1261 1994 1401 2067 navibus,
1423 1995 1511 2051 carris

342 2112 371 2160 et
402 2102 503 2175 equis,
532 2101 638 2174 quibus
668 2100 802 2174 imposita
833 2100 908 2169 sint,
937 2097 1061 2159 detineri
1089 2111 1119 2158 et
1147 2099 1308 2173 publicari,
1330 2100 1425 2156 itaut
1446 2115 1510 2174 pars

342 2223 399 2266 una
430 2204 512 2264 cedat
543 2204 685 2274 delatori,
712 2205 772 2261 sive
793 2205 975 2277 magistratus
994 2206 1031 2262 sit
1052 2205 1144 2277 reip,
1163 2205 1223 2261 sive
1244 2206 1394 2278 privatus,
1416 2217 1511 2279 partes

342 2326 412 2369 vero
441 2308 513 2368 duae
541 2308 700 2367 inserviant
721 2309 763 2366 rel
785 2309 951 2378 communi,
971 2306 1097 2381 indeque
1114 2310 1246 2366 solvatur
1265 2309 1441 2382 quaesitori,
1460 2310 1512 2382 qui

343 2431 402 2472 rem
431 2412 507 2488 apud
528 2412 639 2487 judices
660 2423 863 2487 prosequetur.
905 2412 1026 2486 Insuper
1046 2412 1176 2485 jubemus
1198 2429 1265 2470 cum
1286 2410 1418 2470 dominos
1439 2428 1511 2470 mer-

341 2519 438 2586 cium,
470 2529 531 2577 tum
563 2517 758 2576 navicularios
778 2520 825 2574 vel
847 2516 1059 2586 vehicularios,
1080 2532 1205 2590 quorum
1226 2516 1346 2575 navibus
1363 2519 1411 2574 vel
1432 2517 1511 2574 vehi-

342 2623 415 2680 culis
447 2637 554 2680 merces
584 2619 620 2679 ad
648 2621 744 2679 hostes
773 2631 1025 2695 transportentur,
1057 2621 1086 2677 in
1113 2636 1227 2677 carcere
1253 2618 1398 2694 detineri,
1420 2619 1512 2678 donec

342 2730 466 2785 mulctas
486 2726 645 2794 solverint,
666 2741 740 2798 quae
765 2723 895 2797 judicum
917 2725 1059 2782 sententia
1081 2725 1232 2797 impositae
1252 2724 1329 2782 sint:
1349 2724 1403 2782 hae
1422 2726 1512 2782 mulc-

343 2843 388 2888 tae
420 2831 449 2888 in
481 2828 604 2889 dominis
636 2830 774 2887 mercium
796 2826 911 2887 florenis
932 2830 1030 2898 mille,
1051 2829 1080 2885 in
1102 2828 1271 2886 vectoribus
1290 2827 1406 2887 florenis
1427 2829 1512 2901 quin-

343 2935 436 3008 gentis
467 2932 543 2992 haud
571 2935 695 2991 minores
725 2949 785 2991 esse
815 2930 973 2990 debebunt.
1024 2933 1064 2990 Et
1094 2949 1153 3005 quo
1184 2930 1352 3006 diligentius
1382 2931 1512 2991 edictum

343 3038 535 3108 observetur,
562 3036 597 3094 ab
628 3036 762 3094 omnibus
790 3025 863 3108 quos
893 3034 1004 3109 aliquid
1033 3037 1061 3093 in
1092 3034 1220 3095 fraudem
1250 3037 1311 3110 ejus
1340 3037 1513 3095 commisisse

342 3153 522 3217 compertum
554 3143 591 3198 sit
623 3142 699 3198 intra
729 3157 836 3198 annum
878 3151 991 3213 praeter
1030 3144 1151 3199 mulctas
1193 3156 1279 3214 supra
1310 3137 1403 3198 dictas
1437 3136 1513 3211 apud

343 3247 526 3320 magistratus
547 3256 577 3303 et
605 3244 731 3318 judices,
759 3243 794 3302 ad
815 3262 888 3317 quos
909 3259 942 3302 ea
963 3261 1007 3302 res
1033 3246 1194 3319 pertineat,
1213 3245 1298 3302 etiarn
1320 3244 1414 3317 pretia
1435 3242 1512 3314 exigi

343 3351 477 3408 volumus
497 3349 634 3419 navium,
654 3349 854 3406 vehiculorum
876 3359 905 3406 et
924 3366 1081 3423 equorum:
1100 3367 1154 3407 nec
1176 3352 1264 3407 ullam
1286 3350 1315 3406 in
1327 3349 1512 3408 exsecutione

343 3469 450 3511 moram
479 3453 647 3525 interponi,
678 3455 747 3512 licet
775 3453 924 3512 damnatus
951 3455 1022 3512 alios
1043 3453 1153 3527 judices
1182 3455 1334 3527 appellarit
1355 3464 1385 3510 et
1405 3468 1512 3526 provo-

344 3558 427 3615 carit.
467 3557 600 3629 Denique
629 3557 651 3613 sl
680 3556 757 3614 forte
780 3558 844 3629 quis
866 3559 895 3616 in
917 3559 1077 3633 provinciis
1098 3557 1252 3616 foederatis
1273 3573 1382 3615 merces
1403 3558 1511 3630 aliquas

343 3664 390 3719 vel
418 3660 494 3719 bona
524 3662 597 3719 velit
618 3662 814 3719 transmittere
840 3661 876 3719 ad
897 3672 1011 3736 gentem
1031 3664 1157 3736 aliquam
1178 3663 1304 3720 vicinam
1326 3671 1355 3718 et
1374 3662 1512 3728 amicam,

345 3763 374 3822 id
405 3765 432 3823 ei
460 3765 634 3832 facerenon
656 3763 774 3836 licebit,
795 3765 849 3822 nisi
871 3766 952 3839 prius
972 3766 1136 3825 obtinuerit
1157 3777 1346 3824 commeatum
1368 3764 1404 3822 ab
1425 3762 1513 3821 admi·

344 3871 437 3928 ralatu
466 3871 591 3943 generali
619 3882 738 3940 nostro,
760 3873 808 3928 vel
836 3870 871 3927 ab
892 3871 927 3928 lis
947 3870 1053 3943 quibus
1075 3888 1126 3928 nos
1147 3869 1233 3942 hujus
1256 3869 1297 3927 rei
1318 3884 1415 3926 curam
1437 3885 1514 3926 man·

345 3972 527 4041 daverimus‚
555 3985 585 4031 et
617 3974 734 4047 insuper
765 3976 875 4033 caverit
894 3975 1081 4044 vectoribus,
1103 3977 1133 4033 in
1155 3989 1280 4049 quorum
1302 3989 1387 4030 naves
1408 3987 1514 4030 merces

345 4078 534 4152 impositurus
556 4078 611 4146 sit,
639 4075 674 4134 de
695 4078 792 4152 pretio
812 4080 929 4137 navium
951 4090 980 4138 et
1001 4095 1111 4137 merces
1133 4096 1191 4136 non
1213 4079 1269 4136 alio
1290 4094 1374 4150 quarn
1395 4074 1431 4134 ad
1452 4079 1515 4133 loca

345 4182 437 4239 amica
465 4192 690 4256 transportatum
721 4183 773 4252 iri,
802 4180 890 4256 idque
913 4184 990 4240 intra
1014 4195 1121 4241 certam
1149 4181 1243 4256 diem,
1263 4197 1336 4255 quae
1358 4183 1387 4239 in
1406 4183 1515 4240 instru-

346 4296 445 4343 mento
476 4283 597 4343 indicari
625 4283 743 4343 debeat:
774 4285 878 4359 quodsi
906 4288 991 4345 aliter
1018 4287 1139 4361 fecerit,
1159 4287 1255 4344 statim
1276 4284 1371 4343 dictae
1391 4287 1515 4344 mulctae

346 4387 539 4447 damnabitur.
580 4387 751 4447 Mandamus
773 4391 858 4448 etiam
887 4390 1021 4450 omnibus
1043 4390 1165 4450 ducibus
1187 4393 1398 4466 praefectisque
1419 4394 1516 4467 copia·

347 4508 410 4550 rum
428 4493 634 4552 maritimarum
653 4505 684 4552 et
705 4495 902 4562 terrestrium,
923 4506 956 4552 ut
978 4494 1133 4569 diligenter
1154 4495 1305 4555 attendant
1327 4513 1443 4571 ornnes,
1465 4498 1514 4570 qui
