3536 5692
373 635 436 694 282
657 647 703 724 ηιξ,
726 647 820 712 Juuu
847 645 1032 692 rannone.
1057 643 1139 690 can.
1164 646 1246 692 x1u.

376 801 466 867 Ordo
489 801 535 868 id·
548 804 714 888 negotium
733 798 824 865 dedit
846 805 866 864 ¹.
915 799 1002 864 Cum
1027 819 1103 884 ergo
1129 799 1195 864 sint
1218 799 1380 864 Ordinum
1405 800 1547 881 subditi,

372 913 412 978 de
435 912 557 995 quibus
579 912 767 994 loquimur,
802 910 923 976 sufficit
955 909 1045 990 illis,
1080 911 1172 992 quod
1204 911 1326 977 bellum
1349 912 1389 976 ab
1413 911 1550 978 Ordini-

241 1024 436 1138 15-2253212bus
468 1038 593 1108 gestum
626 1042 692 1088 non
719 1021 913 1086 existimant
945 1021 1104 1105 injustum
1138 1041 1230 1101 esse,
1264 1021 1292 1088 si
1324 1022 1422 1088 modo
1454 1022 1487 1088 in
1511 1043 1549 1088 ea

241 1150 284 1191 nr.
372 1134 528 1216 opinione
560 1153 625 1200 non
659 1147 710 1198 est
743 1153 833 1200 error
866 1130 1112 1198 inexcusabilis.
1169 1132 1293 1199 Omnes
1333 1148 1439 1198 autem
1474 1133 1548 1214 pios

333 1252 335 1262 '
372 1259 471 1327 atque
490 1244 661 1328 religiosos
684 1243 775 1310 cives
797 1244 937 1326 (horum
958 1243 1044 1308 enim
1066 1261 1164 1308 causa
1183 1242 1334 1309 instituta
1354 1258 1404 1309 est
1423 1243 1545 1322 oratio,

371 1355 488 1422 caeteri
511 1354 602 1440 digni
625 1374 692 1422 non
715 1368 816 1435 sunt,
849 1373 992 1434 quorum
1015 1353 1097 1420 ratio
1123 1353 1300 1439 habeatur)
1324 1373 1392 1420 non
1414 1355 1546 1421 eredere

372 1469 494 1534 bellum
518 1468 580 1532 hoc
607 1485 677 1533 esse
710 1465 869 1549 injustum
895 1464 1077 1532 certissimo
1100 1481 1291 1549 argumento
1313 1466 1547 1546 convincitur,

371 1577 451 1658 quia
473 1579 564 1644 salva
586 1577 786 1642 conscientia
817 1596 912 1641 nemo
935 1589 1046 1657 potest
1073 1575 1228 1644 interesse
1251 1578 1359 1656 beno,
1382 1577 1474 1657 quod
1496 1577 1547 1641 in·

369 1690 496 1772 justum
532 1687 641 1754 credat
673 1700 707 1752 et
738 1688 802 1751 tale
828 1687 950 1752 bellum
981 1706 1044 1768 pro
1076 1687 1146 1752 suis
1180 1687 1308 1754 uiribus
1344 1701 1546 1754 sustentare:

372 1798 464 1880 quod
487 1797 536 1863 illi
558 1818 632 1864 cum
654 1797 804 1877 faciunt,
827 1796 1014 1878 etquidem
1038 1816 1104 1862 non
1126 1797 1304 1882 gravatim,
1335 1799 1417 1864 bene
1442 1818 1477 1862 se
1506 1797 1548 1862 de

372 1911 459 1974 bello
483 1908 603 1992 sentire
624 1923 786 1974 testantur
807 1909 829 1974 ².
852 1907 935 1992 Ejus
965 1924 1075 1974 autem
1099 1909 1320 1992 persuasionis
1350 1929 1446 1990 quam
1479 1927 1547 1972 non

372 2019 583 2102 improbanda
606 2017 649 2084 sit
664 2018 779 2098 'rati0,
813 2039 855 2086 ex
878 2018 932 2084 his
956 2039 1040 2100 quae
1061 2019 1101 2084 de
1125 2039 1223 2084 causa
1241 2020 1319 2086 belli
1342 2019 1441 2084 modo
1462 2018 1547 2084 dixi·

372 2150 445 2196 mus
474 2129 572 2198 facile
599 2129 711 2210 quivis
742 2129 908 2213 intelligit.
960 2129 1004 2194 Et
1038 2129 1191 2211 quamvis
1222 2150 1272 2196 res
1304 2130 1403 2196 dubia
1438 2144 1546 2210 esset,

372 2257 478 2308 tamen
506 2241 540 2306 in
573 2240 726 2324 ambiguo
759 2241 925 2322 sequenda
946 2239 1031 2306 foret
1053 2240 1262 2324 magistratus
1283 2240 1482 2320 auctoritas,
1515 2255 1547 2304 et

373 2353 505 2434 quidem
536 2353 607 2436 ejus
639 2351 697 2433 qui
729 2370 878 2418 summus
906 2352 970 2417 hoc
1002 2354 1077 2418 loco
1111 2365 1143 2416 et
1174 2365 1319 2433 ternpore
1348 2351 1545 2435 agnoscitur.

371 2463 478 2544 Atqui
501 2462 681 2541 Hollandi,
704 2477 741 2527 ut
762 2461 929 2544 diximus,
954 2461 1114 2528 neminem
1127 2462 1226 2528 hodie
1239 2461 1338 2527 aliurn
1351 2476 1546 2544 agnoscunt.

372 2575 480 2640 Bonae
514 2573 614 2656 igitur
646 2573 722 2636 fidei
746 2574 921 2638 bellatores
957 2573 1110 2640 censendi
1135 2587 1212 2639 sunt
1240 2592 1307 2638 non
1342 2573 1389 2638 illi
1423 2572 1546 2653 modu,
1581 2642 1589 2646 ,

373 2685 431 2767 qui
454 2703 543 2750 nune
566 2684 724 2748 adversus
744 2683 948 2763 Lusitanos,
978 2684 1036 2750 sed
1066 2699 1098 2750 et
1126 2685 1184 2766 qui
1208 2684 1286 2749 olim
1308 2684 1461 2749 adversus
1485 2683 1547 2746 Al·

372 2795 489 2862 banum
510 2795 685 2878 ipsumque
707 2794 787 2859 adeo
800 2794 989 2877 Philippum
1012 2795 1206 2862 auctoritate
1225 2795 1360 2877 publica
1382 2794 1546 2859 Ordinum

239 2925 361 3022 gronam
372 2923 458 2972 arma
478 2919 674 2978 sumserunt.
721 2905 788 2972 Res
821 2905 890 2987 ipsa
915 2905 1022 2988 poscit
1045 2905 1099 2972 hie
1122 2905 1253 2988 reprimi
1283 2905 1410 2971 foedam
1436 2919 1468 2970 et
1496 2905 1546 2970 in-

262 3013 267 3023 '
372 3016 488 3102 genuis
518 3016 711 3083 hominibus
732 3016 901 3100 indignam
924 3016 1144 3082 adulationem
1167 3037 1298 3094 eorum,
1335 3015 1393 3096 qui
1417 3016 1483 3080 nati
1512 3015 1567 3080 in·

371 3131 434 3194 hoc
455 3127 631 3206 videntur,
655 3142 692 3192 ut
712 3127 835 3209 optima
858 3127 954 3192 etiam
975 3127 1163 3210 Principum
1187 3127 1316 3211 ingenia
1328 3107 1546 3210 corrumpant.

371 3239 420 3302 Ita
441 3238 526 3304 enim
551 3238 692 3318 docent,
716 3239 838 3304 nullam
861 3239 984 3322 justam
1007 3257 1076 3306 esse
1100 3259 1228 3306 causam
1251 3239 1439 3304 rebellandi.
1477 3237 1546 3323 Qui

372 3349 398 3414 si
421 3349 506 3414 serio
528 3364 629 3432 agunt
651 3363 682 3416 et
705 3350 769 3428 hoc
790 3351 910 3414 volunt
933 3350 1063 3430 dicere,
1097 3350 1168 3416 lieri
1189 3369 1256 3416 non
1279 3369 1375 3432 posse
1400 3364 1437 3414 ut
1457 3350 1546 3432 justa

372 3459 415 3525 sit
436 3460 546 3540 aliqua
569 3479 665 3524 causa
685 3459 888 3526 desciscendi
912 3461 952 3525 ab
977 3482 1038 3540 eo,
1071 3461 1129 3542 qui
1151 3461 1308 3542 Princeps
1328 3461 1395 3540 sit,
1419 3460 1544 3538 fuerit,

371 3570 447 3636 inve
470 3590 543 3635 eum
565 3590 651 3634 arma
674 3571 851 3650 movendi,
888 3572 1020 3636 turbant
1048 3573 1194 3638 omniunt
1224 3591 1396 3656 regnorum
1417 3589 1545 3652 posses-

373 3681 507 3776 siones,
540 3702 615 3746 cum
644 3683 772 3748 nullum
802 3681 872 3747 fere
892 3681 1063 3764 imperium
1085 3683 1183 3748 hodie
1216 3684 1304 3766 apud
1326 3682 1457 3746 eosdem
1478 3681 1544 3762 sit,

372 3793 461 3875 apud
491 3811 576 3874 quos
608 3792 686 3858 olim
716 3791 790 3858 fuit.
837 3793 874 3856 In
909 3793 962 3858 his
985 3809 1092 3858 autem
1125 3814 1265 3874 quorum
1293 3813 1386 3858 causa
1410 3790 1563 3856 omnino*

370 3905 462 3969 nulla
492 3923 561 3972 esse
591 3903 726 3986 potuit,
749 3924 790 3970 ne
814 3904 996 3988 longissimi
1021 3905 1153 3986 quidem
1176 3905 1333 3986 temporis
1354 3903 1545 3987 exceptione

373 4092 570 4102 ι-...--.-.-....--

407 4210 450 4257 ¹l.
464 4210 526 4257 item
543 4209 669 4258 eorumff.
686 4212 756 4268 quod
777 4208 900 4270 cujusque
924 4211 995 4258 univ.
1021 4225 1089 4258 raoni.
1112 4211 1154 4274 [D.
1174 4223 1197 4266 3.
1215 4225 1239 4272 4.
1258 4210 1294 4274 6.]
1315 4213 1388 4258 Adde
1405 4214 1464 4274 Joh.
1485 4212 1544 4258 Fab.

373 4303 433 4350 Inst.
452 4302 483 4350 de
501 4315 585 4360 poena
603 4311 662 4349 tem.
677 4299 715 4347 lit.
732 4303 763 4350 ad
778 4303 798 4362 §.
818 4301 938 4350 onmium.
955 4302 986 4362 [l.
1000 4316 1024 4362 4.
1042 4303 1078 4349 16.
1092 4303 1113 4362 §.
1131 4302 1166 4362 3.]
1179 4305 1229 4350 etl.
1239 4301 1408 4350 necessarium
1419 4302 1439 4362 §.
1450 4301 1541 4348 deinde

371 4391 397 4440 ff.
420 4393 451 4440 de
475 4393 538 4452 orig.
560 4391 633 4448 juris.
660 4393 689 4456 [l.
709 4407 732 4440 2.
751 4397 772 4450 5.
790 4393 812 4440 6.
832 4393 863 4438 D.
882 4405 903 4440 1.
924 4393 959 4452 2.]
996 4390 1055 4441 ²V.
1072 4407 1134 4452 quae
1158 4393 1267 4440 diximus
1288 4406 1310 4440 c.
1327 4405 1350 4448 7.
1368 4392 1399 4439 ad
1414 4393 1438 4440 d.
1456 4402 1543 4446 arta.

371 4482 415 4529 ubi
439 4485 480 4530 all.
500 4497 523 4530 c.
546 4483 669 4545 Julianus.
691 4497 728 4531 11.
741 4498 766 4542 q.
782 4495 804 4540 3.
820 4486 908 4546 [Decr.
925 4484 993 4534 Grat.
1012 4499 1037 4545 p.
1057 4498 1079 4532 a.
1101 4498 1138 4532 11.
1156 4497 1179 4540 3.
1197 4484 1250 4544 9⁴·]
