3552 5654
218 2599 293 2645 Conci·
307 2599 347 2646 VI.

216 2654 289 2698 artic.
304 2654 352 2701 111.

382 649 424 716 80
681 657 729 708 ore
752 662 845 732 June
871 659 1057 711 assensu.
1081 657 1164 708 cnr.
1190 659 1256 710 vn.

380 819 483 910 Quod
512 834 620 887 autem
651 817 686 884 ln
720 815 861 885 subditis
895 816 958 884 sub
990 814 1157 900 republica
1180 829 1237 882 aut
1258 815 1450 901 magistratu
1474 835 1553 884 con

380 931 528 1013 stitutis‚
552 927 636 998 idem
660 929 694 996 in
713 927 790 994 filiis
808 943 841 994 et
864 925 966 996 servis
988 927 1136 1009 obtinet,
1160 925 1220 1010 qui
1238 925 1273 994 io
1291 927 1391 994 sacris
1410 931 1552 1011 paternis

380 1059 439 1110 aut
460 1039 625 1110 dominica
651 1055 732 1108 sunt
758 1053 929 1124 potestate.
975 1039 1063 1106 Cum
1095 1053 1204 1106 autem
1235 1037 1393 1106 rationem
1417 1053 1484 1106 non
1501 1060 1551 1106 re·

380 1168 578 1242 pugnantem
603 1148 823 1234 requirimus,
862 1149 1040 1234 probabilis
1067 1147 1207 1234 intelligi
1235 1147 1332 1216 debet
1360 1155 1384 1216 ¹.
1430 1147 1551 1234 Neque

381 1267 466 1333 enim
493 1281 598 1332 crassa
625 1259 808 1349 ignorantia
834 1259 917 1346 juris
951 1273 1031 1345 puta
1050 1259 1206 1328 naturalis
1225 1274 1282 1328 aut
1300 1259 1379 1327 facti
1399 1259 1549 1343 inscitia,

380 1378 471 1460 quocl
502 1375 623 1458 aliquis
649 1375 731 1442 scire
758 1373 953 1453 tenebatur,
974 1377 1148 1454 apeccato
1169 1385 1311 1440 excusat.
1356 1368 1441 1438 Sunt
1465 1371 1549 1440 enim

380 1487 557 1572 quaedam,
581 1503 665 1568 quae
680 1484 750 1552 sine
767 1481 865 1568 eulpa
883 1497 949 1549 non
967 1480 1177 1548 nesciuntur:
1202 1503 1239 1548 ea
1256 1480 1324 1566 ipsa
1334 1497 1441 1550 autem
1454 1486 1551 1569 culpa

379 1617 453 1665 cum
479 1594 721 1684 jurisconsultis
747 1610 818 1661 tum
847 1591 1054 1678 philosophis
1075 1591 1088 1627 ²
1107 1611 1244 1677 poenam
1265 1591 1381 1660 mereri
1400 1592 1549 1664 traditur.

378 1709 610 1776 Demonstrata
629 1720 679 1772 est
688 1701 810 1773 veritas
817 1703 996 1772 sententiae
1015 1700 1107 1789 ejus,
1126 1723 1211 1787 quae
1229 1704 1270 1771 ad
1278 1707 1456 1772 multorum
1471 1725 1549 1773 con-

378 1819 529 1888 scientias
560 1815 732 1902 placandas
759 1831 826 1884 non
855 1833 969 1900 parum
996 1815 1149 1900 partinet.
1194 1816 1277 1884 Eam
1305 1815 1548 1902 Augustinus⁸

378 1932 431 1999 his
458 1929 570 1999 verbis
599 1929 767 2013 concepitc
800 1927 895 2016 Ergo
913 1928 971 1996 νίν
981 1925 1098 2014 justus
1119 1929 1148 1993 εἰ
1159 1925 1255 2012 forte
1274 1927 1332 1994 sub
1351 1946 1428 2014 rege
1446 1931 1547 1994 ctiam

378 2043 539 2129 sacrilego
567 2041 710 2120 militer,
743 2051 831 2106 recte
855 2049 963 2126 potest
992 2038 1052 2104 illo
1073 2036 1212 2126 jubente
1242 2038 1391 2106 bellate:
1420 2042 1450 2105 ri
1478 2042 1549 2108 rice

372 2157 469 2240 pacis
492 2151 816 2232 ordinassemus,
840 2149 930 2236 quod
944 2147 1009 2216 sibi
1019 2149 1164 2237 jebaar
1182 2147 1238 2218 acl
1256 2171 1320 2216 non
1342 2169 1407 2216 asse
1428 2163 1547 2217 contra

376 2263 444 2330 Det·
466 2273 680 2351 pracceptum
706 2272 834 2328 certum
865 2273 934 2342 est,
966 2261 1020 2330 acl
1038 2275 1155 2328 utrum
1176 2261 1220 2327 sir
1242 2274 1370 2328 certum
1394 2281 1457 2328 noa
1476 2271 1545 2328 ert:

376 2377 430 2441 lta
458 2384 497 2440 tat
518 2373 670 2459 fortasse
690 2387 783 2438 reum
802 2373 921 2457 faciat
944 2389 1052 2459 regem
1073 2373 1239 2458 iniquitas
1260 2370 1471 2457 imperandi,
1493 2373 1547 2437 in·

376 2486 539 2550 nocentem
566 2493 677 2550 autem
708 2481 845 2549 militent
878 2477 1028 2550 ascendat
1056 2479 1135 2550 ordo
1164 2483 1340 2552 serviendi.
1384 2483 1459 2550 Nos
1483 2483 1546 2550 hoc

375 2594 493 2660 modo:
517 2589 668 2660 Subditis
686 2591 726 2660 r'd
740 2594 860 2660 bellum
871 2593 1003 2680 justam
1015 2593 1114 2660 habet
1134 2612 1285 2674 eausam,
1306 2590 1396 2680 quod
1401 2595 1546 2680 jubetur

375 2709 605 2792 usupatione,
628 2703 706 2772 dom
730 2707 821 2771 ratio
837 2700 1023 2791 probabilis
1035 2703 1243 2772 subditorum
1255 2721 1319 2770 non
1341 2711 1501 2793 repugnet
1519 2712 1543 2773 δ.

374 2811 498 2884 Eadem
528 2833 609 2884 vero
638 2833 737 2901 opera
763 2817 871 2910 soluta
893 2829 942 2883 est
965 2814 1116 2898 quaestio
1137 2817 1257 2898 altera,
1281 2816 1413 2898 quinam
1431 2834 1450 2882 a
1468 2815 1546 2885 sub·

374 2929 451 2995 ditis
477 2929 566 3012 iuste
595 2929 683 2994 bello
714 2942 877 3010 petantur.
924 2927 1047 2994 Hostes
1069 2927 1294 2994 Romanorum
1315 2925 1350 2992 in
1369 2928 1444 3012 jure
1465 2927 1478 2966 ¹
1497 2927 1546 2994 di·

372 3055 506 3114 cuntur,
537 3038 660 3120 quibus
682 3039 826 3121 popalus
847 3038 1016 3105 Romanus
1034 3037 1156 3104 bellurn
1178 3035 1334 3104 decrevit
1356 3037 1403 3104 Et
1422 3037 1546 3120 ubique

373 3144 498 3218 subditi
527 3149 615 3234 juste
642 3146 675 3215 in
707 3148 781 3215 illos
808 3149 929 3215 bellurn
954 3163 1093 3232 gerunt,
1115 3145 1149 3213 in
1171 3166 1256 3231 quoa
1275 3147 1342 3235 geri
1361 3148 1546 3232 respublica

373 3260 622 3346 magistratusve
648 3259 809 3344 praecipit
839 3277 914 3326 curn
935 3256 1046 3325 eadem
1085 3276 1169 3341 quae
1200 3257 1299 3326 modo
1328 3257 1474 3343 exposita
1497 3273 1546 3328 est

374 3371 564 3454 exceptione
589 3370 615 3436 ἢ
662 3366 809 3436 sedhic
840 3363 930 3456 gravi
959 3367 1151 3452 quaestione
1179 3367 1396 3453 implicamur.
1440 3368 1544 3453 Supra

373 3482 456 3548 enim
479 3481 621 3547 diximus
640 3472 674 3546 in
693 3477 780 3548 bello
797 3497 904 3564 perse
922 3479 1045 3565 injusto
1064 3479 1215 3548 subditos
1237 3479 1419 3549 nescientes
1436 3486 1543 3548 tamen

373 3591 524 3677 iniuriam
553 3592 656 3658 iacere
694 3607 726 3658 et
755 3591 802 3658 sic
829 3605 914 3657 recte
945 3591 1032 3658 bello
1061 3590 1141 3674 peti.
1187 3589 1253 3658 Hic
1275 3607 1383 3660 autem
1405 3589 1544 3659 dicimus

373 3703 503 3769 eosdem
535 3703 717 3770 nescientes
746 3702 834 3788 juste
868 3699 996 3782 lacere,
1030 3718 1104 3768 curn
1139 3703 1261 3770 bellum
1293 3713 1420 3788 gerum.
1473 3703 1543 3790 Qui

372 3829 481 3881 autem
509 3815 598 3900 iuste
628 3813 728 3896 iacit,
758 3813 831 3898 jure
864 3812 958 3880 etiam
990 3828 1023 3879 et
1042 3809 1098 3898 jus
1118 3812 1209 3880 facit.
1253 3813 1341 3880 Idem
1361 3825 1469 3881 aurem
1488 3816 1543 3900 jus

373 3944 443 3993 esse
466 3940 498 3992 et
520 3923 639 4011 injuria
654 3945 721 3992 non
739 3939 872 4009 potest,
895 3943 968 3990 cum
992 3923 1058 3990 sint
1079 3924 1160 3992 haec
1182 3925 1353 3992 contraria.
1402 3926 1467 3993 Sed
1486 3947 1544 3992 ve·

375 4105 551 4118 ——n-—ffl——n-

405 4193 522 4244 1Τιιοιιι.
545 4205 568 4244 a.
593 4209 617 4244 a.
639 4209 664 4256 q.
682 4196 721 4254 7'6.
738 4207 783 4244 art.
805 4207 825 4244 r.
845 4205 948 4257 aaa
982 4191 1089 4246 ’Arist
1106 4196 1137 4245 de
1154 4207 1219 4246 nor.
1231 4198 1265 4245 ad
1281 4195 1384 4246 Nicon.
1400 4197 1417 4244 l.
1434 4208 1457 4244 a.
1476 4210 1498 4244 c.
1517 4207 1541 4254 l·

371 4284 544 4347 [petrocum]
553 4288 627 4334 lnce
636 4286 735 4346 supina.
744 4284 771 4333 ff.
787 4288 818 4334 dc
833 4284 880 4342 jur.
900 4297 925 4334 et
942 4287 1000 4335 fact.
1020 4286 1070 4346 ign.
1091 4283 1134 4350 [D.
1152 4297 1191 4334 aa.
1208 4286 1232 4335 6.
1247 4285 1287 4350 6.]
1321 4284 1331 4317 ³
1349 4300 1372 4336 c.
1388 4287 1472 4336 Faust.
1486 4287 1541 4334 Ma·

369 4375 437 4423 nien.
455 4378 473 4422 l.
490 4387 529 4423 aa.
544 4389 567 4424 o.
580 4385 620 4436 74.
639 4376 728 4424 citatur
740 4375 767 4424 in
784 4389 806 4424 c.
824 4373 885 4435 quid
899 4379 1023 4436 culpatur.
1042 4376 1129 4438 [Dect.
1148 4378 1216 4426 Grat.
1231 4391 1257 4436 p.
1274 4389 1297 4426 a.
1316 4385 1356 4434 as.
1376 4390 1397 4424 r.
1415 4373 1451 4440 4.]
1473 4378 1540 4424 Con-

370 4463 442 4512 venit
466 4475 523 4513 cum
547 4464 600 4513 lnn.
622 4464 650 4513 in.
671 4477 693 4514 e.
717 4463 791 4514 sicut.
814 4467 845 4514 cle
866 4464 968 4522 iareim.
984 4479 1009 4514 n.
1030 4465 1374 4530 1.[Decrctal.c.24.29.]
1409 4465 1420 4497 ⁴
1438 4466 1499 4516 silv.
1515 4465 1541 4514 in

371 4567 397 4602 v.
405 4553 566 4616 sallendo.
577 4557 659 4604 conci.
670 4567 692 4612 a.
710 4553 748 4604 ll.
757 4557 853 4605 hostes.
863 4559 894 4605 de
904 4567 970 4616 capt.
978 4556 1022 4617 [D.
1031 4569 1072 4618 49.
1085 4565 1122 4611 rs.
1132 4556 1185 4618 aa]
1204 4555 1333 4606 ‘atlantis
1346 4571 1366 4606 r.
1375 4555 1450 4614 httiur
1459 4559 1541 4608 conci.
