<?xml version="1.0" encoding="UTF-8"?>
<!DOCTYPE html PUBLIC "-//W3C//DTD XHTML 1.0 Transitional//EN"
    "http://www.w3.org/TR/xhtml1/DTD/xhtml1-transitional.dtd">
<html xmlns="http://www.w3.org/1999/xhtml" xml:lang="en" lang="en">
 <head>
  <title>
</title>
<meta http-equiv="Content-Type" content="text/html;charset=utf-8" />
  <meta name='ocr-system' content='tesseract 3.04.00' />
  <meta name='ocr-capabilities' content='ocr_page ocr_carea ocr_par ocr_line ocrx_word'/>
</head>
<body>
  <div class='ocr_page' id='page_1' title='image "./ledroitdeprised00hamagoog_0284.png"; bbox 0 0 3546 5654; ppageno 0'>
   <div class='ocr_carea' id='block_1_1' title="bbox 234 915 384 1030">
    <p class='ocr_par' dir='ltr' id='par_1_1' title="bbox 234 915 384 1030">
     <span class='ocr_line' id='line_1_1' title="bbox 236 915 383 961; baseline 0.02 -3"><span class='ocrx_word' id='word_1_1' title='bbox 236 915 277 958; x_wconf 71' lang='lat' dir='ltr'><strong>Ea·</strong></span> <span class='ocrx_word' id='word_1_2' title='bbox 306 918 383 961; x_wconf 77' lang='lat' dir='ltr'><strong>torol.</strong></span> 
     </span>
     <span class='ocr_line' id='line_1_2' title="bbox 234 968 384 1030; baseline 0.02 -17"><span class='ocrx_word' id='word_1_3' title='bbox 234 968 384 1030; x_wconf 69' lang='lat' dir='ltr'><strong>acapstm.</strong></span> 
     </span>
    </p>
   </div>
   <div class='ocr_carea' id='block_1_2' title="bbox 399 624 1263 710">
    <p class='ocr_par' dir='ltr' id='par_1_2' title="bbox 399 624 1263 710">
     <span class='ocr_line' id='line_1_3' title="bbox 399 624 1263 710; baseline 0.012 -26"><span class='ocrx_word' id='word_1_4' title='bbox 399 624 460 685; x_wconf 81' lang='lat'><strong>262</strong></span> <span class='ocrx_word' id='word_1_5' title='bbox 697 643 744 688; x_wconf 83' lang='lat' dir='ltr'><strong>nt</strong></span> <span class='ocrx_word' id='word_1_6' title='bbox 767 645 860 710; x_wconf 79' lang='lat' dir='ltr'><strong>June</strong></span> <span class='ocrx_word' id='word_1_7' title='bbox 887 646 1069 692; x_wconf 81' lang='lat' dir='ltr'><strong>rannone.</strong></span> <span class='ocrx_word' id='word_1_8' title='bbox 1096 647 1177 695; x_wconf 83' lang='lat' dir='ltr'><strong>cnr.</strong></span> <span class='ocrx_word' id='word_1_9' title='bbox 1200 649 1263 694; x_wconf 74' lang='lat'><strong>111.</strong></span> 
     </span>
    </p>
   </div>
   <div class='ocr_carea' id='block_1_3' title="bbox 395 795 1637 1886">
    <p class='ocr_par' dir='ltr' id='par_1_3' title="bbox 395 795 1637 1886">
     <span class='ocr_line' id='line_1_4' title="bbox 397 795 1572 890; baseline 0.011 -31"><span class='ocrx_word' id='word_1_10' title='bbox 397 795 562 878; x_wconf 85' lang='lat' dir='ltr'><strong>patiatur,</strong></span> <span class='ocrx_word' id='word_1_11' title='bbox 586 818 603 862; x_wconf 87' lang='lat' dir='ltr'><strong>a</strong></span> <span class='ocrx_word' id='word_1_12' title='bbox 637 799 758 880; x_wconf 89' lang='lat' dir='ltr'><strong>quovis</strong></span> <span class='ocrx_word' id='word_1_13' title='bbox 791 801 855 865; x_wconf 90' lang='lat' dir='ltr'><strong>alio</strong></span> <span class='ocrx_word' id='word_1_14' title='bbox 880 801 950 886; x_wconf 88' lang='lat' dir='ltr'><strong>ejus</strong></span> <span class='ocrx_word' id='word_1_15' title='bbox 973 801 1174 884; x_wconf 89' lang='lat' dir='ltr'><strong>reipublicae</strong></span> <span class='ocrx_word' id='word_1_16' title='bbox 1196 804 1270 869; x_wconf 90' lang='lat' dir='ltr'><strong>cive</strong></span> <span class='ocrx_word' id='word_1_17' title='bbox 1293 825 1389 871; x_wconf 93' lang='lat' dir='ltr'><strong>suum</strong></span> <span class='ocrx_word' id='word_1_18' title='bbox 1411 807 1500 890; x_wconf 86' lang='lat' dir='ltr'><strong>juste</strong></span> <span class='ocrx_word' id='word_1_19' title='bbox 1523 828 1572 873; x_wconf 94' lang='lat' dir='ltr'><strong>re-</strong></span> 
     </span>
     <span class='ocr_line' id='line_1_5' title="bbox 398 909 1637 998; baseline 0.011 -27"><span class='ocrx_word' id='word_1_20' title='bbox 398 923 540 990; x_wconf 84' lang='lat' dir='ltr'><strong>cuperet.</strong></span> <span class='ocrx_word' id='word_1_21' title='bbox 586 909 685 975; x_wconf 86' lang='lat' dir='ltr'><strong>Unde</strong></span> <span class='ocrx_word' id='word_1_22' title='bbox 706 926 738 976; x_wconf 90' lang='lat' dir='ltr'><strong>et</strong></span> <span class='ocrx_word' id='word_1_23' title='bbox 757 912 845 977; x_wconf 91' lang='lat' dir='ltr'><strong>illam</strong></span> <span class='ocrx_word' id='word_1_24' title='bbox 867 914 1061 997; x_wconf 84' lang='lat' dir='ltr'><strong>collegimus</strong></span> <span class='ocrx_word' id='word_1_25' title='bbox 1081 915 1239 980; x_wconf 88' lang='lat' dir='ltr'><strong>firmatam</strong></span> <span class='ocrx_word' id='word_1_26' title='bbox 1263 915 1486 998; x_wconf 88' lang='lat' dir='ltr'>Hispanorum</span> <span class='ocrx_word' id='word_1_27' title='bbox 1507 934 1572 984; x_wconf 87' lang='lat' dir='ltr'><strong>tes·</strong></span> <span class='ocrx_word' id='word_1_28' title='bbox 1634 967 1637 970; x_wconf 91' lang='lat'>-</span> 
     </span>
     <span class='ocr_line' id='line_1_6' title="bbox 396 1019 1571 1106; baseline 0.012 -24"><span class='ocrx_word' id='word_1_29' title='bbox 396 1019 543 1084; x_wconf 85' lang='lat' dir='ltr'><strong>timoniis</strong></span> <span class='ocrx_word' id='word_1_30' title='bbox 576 1021 790 1088; x_wconf 85' lang='lat' dir='ltr'><strong>sententiam:</strong></span> <span class='ocrx_word' id='word_1_31' title='bbox 818 1043 954 1106; x_wconf 91' lang='lat' dir='ltr'><strong>corpora</strong></span> <span class='ocrx_word' id='word_1_32' title='bbox 986 1026 1120 1106; x_wconf 89' lang='lat' dir='ltr'><strong>quidem</strong></span> <span class='ocrx_word' id='word_1_33' title='bbox 1153 1026 1359 1093; x_wconf 90' lang='lat' dir='ltr'><strong>subditorum</strong></span> <span class='ocrx_word' id='word_1_34' title='bbox 1390 1048 1456 1094; x_wconf 92' lang='lat' dir='ltr'><strong>non</strong></span> <span class='ocrx_word' id='word_1_35' title='bbox 1487 1032 1571 1096; x_wconf 88' lang='lat' dir='ltr'><strong>ultra</strong></span> 
     </span>
     <span class='ocr_line' id='line_1_7' title="bbox 396 1129 1570 1219; baseline 0.01 -25"><span class='ocrx_word' id='word_1_36' title='bbox 396 1129 480 1195; x_wconf 89' lang='lat' dir='ltr'><strong>laedi</strong></span> <span class='ocrx_word' id='word_1_37' title='bbox 503 1151 617 1213; x_wconf 89' lang='lat' dir='ltr'><strong>posse,</strong></span> <span class='ocrx_word' id='word_1_38' title='bbox 639 1153 736 1215; x_wconf 89' lang='lat' dir='ltr'><strong>quam</strong></span> <span class='ocrx_word' id='word_1_39' title='bbox 761 1150 924 1217; x_wconf 90' lang='lat' dir='ltr'><strong>quatenus</strong></span> <span class='ocrx_word' id='word_1_40' title='bbox 946 1151 1068 1219; x_wconf 90' lang='lat' dir='ltr'><strong>suopte</strong></span> <span class='ocrx_word' id='word_1_41' title='bbox 1090 1137 1213 1203; x_wconf 91' lang='lat' dir='ltr'><strong>delicto</strong></span> <span class='ocrx_word' id='word_1_42' title='bbox 1235 1154 1570 1206; x_wconf 80' lang='lat' dir='ltr'><strong>merenturautexsc·</strong></span> 
     </span>
     <span class='ocr_line' id='line_1_8' title="bbox 396 1241 1568 1334; baseline 0.009 -28"><span class='ocrx_word' id='word_1_43' title='bbox 396 1241 560 1308; x_wconf 83' lang='lat' dir='ltr'><strong>cntionem</strong></span> <span class='ocrx_word' id='word_1_44' title='bbox 592 1244 799 1328; x_wconf 86' lang='lat' dir='ltr'><strong>impediunt,</strong></span> <span class='ocrx_word' id='word_1_45' title='bbox 822 1248 973 1328; x_wconf 77' lang='lat' dir='ltr'>praedam</span> <span class='ocrx_word' id='word_1_46' title='bbox 997 1264 1104 1314; x_wconf 90' lang='lat' dir='ltr'><strong>autem</strong></span> <span class='ocrx_word' id='word_1_47' title='bbox 1133 1249 1222 1332; x_wconf 84' lang='lat' dir='ltr'><strong>juste</strong></span> <span class='ocrx_word' id='word_1_48' title='bbox 1253 1250 1292 1314; x_wconf 91' lang='lat' dir='ltr'><strong>ab</strong></span> <span class='ocrx_word' id='word_1_49' title='bbox 1320 1249 1473 1316; x_wconf 91' lang='lat' dir='ltr'><strong>omnibus</strong></span> <span class='ocrx_word' id='word_1_50' title='bbox 1502 1253 1568 1334; x_wconf 87' lang='lat' dir='ltr'><strong>peti</strong></span> 
     </span>
     <span class='ocr_line' id='line_1_9' title="bbox 397 1358 1569 1443; baseline 0.008 -25"><span class='ocrx_word' id='word_1_51' title='bbox 397 1366 428 1417; x_wconf 91' lang='lat' dir='ltr'><strong>et</strong></span> <span class='ocrx_word' id='word_1_52' title='bbox 458 1375 605 1438; x_wconf 84' lang='lat' dir='ltr'><strong>semper,</strong></span> <span class='ocrx_word' id='word_1_53' title='bbox 631 1376 735 1438; x_wconf 89' lang='lat' dir='ltr'><strong>usque</strong></span> <span class='ocrx_word' id='word_1_54' title='bbox 759 1358 800 1422; x_wconf 87' lang='lat' dir='ltr'><strong>ad</strong></span> <span class='ocrx_word' id='word_1_55' title='bbox 828 1378 985 1424; x_wconf 91' lang='lat' dir='ltr'><strong>summam</strong></span> <span class='ocrx_word' id='word_1_56' title='bbox 1011 1360 1082 1443; x_wconf 88' lang='lat' dir='ltr'><strong>ejus</strong></span> <span class='ocrx_word' id='word_1_57' title='bbox 1106 1360 1197 1442; x_wconf 90' lang='lat' dir='ltr'><strong>quod</strong></span> <span class='ocrx_word' id='word_1_58' title='bbox 1218 1360 1376 1443; x_wconf 88' lang='lat' dir='ltr'><strong>debetur,</strong></span> <span class='ocrx_word' id='word_1_59' title='bbox 1400 1381 1461 1429; x_wconf 89' lang='lat' dir='ltr'><strong>nec</strong></span> <span class='ocrx_word' id='word_1_60' title='bbox 1484 1383 1569 1429; x_wconf 88' lang='lat' dir='ltr'><strong>mer·</strong></span> 
     </span>
     <span class='ocr_line' id='line_1_10' title="bbox 396 1466 1568 1553; baseline 0.009 -25"><span class='ocrx_word' id='word_1_61' title='bbox 396 1466 561 1533; x_wconf 88' lang='lat' dir='ltr'><strong>catoribus</strong></span> <span class='ocrx_word' id='word_1_62' title='bbox 593 1468 761 1551; x_wconf 85' lang='lat' dir='ltr'><strong>exceptis,</strong></span> <span class='ocrx_word' id='word_1_63' title='bbox 785 1488 844 1534; x_wconf 92' lang='lat' dir='ltr'><strong>nec</strong></span> <span class='ocrx_word' id='word_1_64' title='bbox 872 1473 941 1536; x_wconf 91' lang='lat' dir='ltr'><strong>ullo</strong></span> <span class='ocrx_word' id='word_1_65' title='bbox 970 1471 1085 1537; x_wconf 88' lang='lat' dir='ltr'><strong>ordine</strong></span> <span class='ocrx_word' id='word_1_66' title='bbox 1118 1471 1360 1553; x_wconf 91' lang='lat' dir='ltr'><strong>quantumlibet</strong></span> <span class='ocrx_word' id='word_1_67' title='bbox 1391 1473 1568 1540; x_wconf 85' lang='lat' dir='ltr'><strong>innocenti.</strong></span> 
     </span>
     <span class='ocr_line' id='line_1_11' title="bbox 395 1577 1568 1665; baseline 0.009 -25"><span class='ocrx_word' id='word_1_68' title='bbox 395 1577 544 1659; x_wconf 87' lang='lat' dir='ltr'><strong>Apparet</strong></span> <span class='ocrx_word' id='word_1_69' title='bbox 582 1579 658 1644; x_wconf 92' lang='lat' dir='ltr'><strong>hinc</strong></span> <span class='ocrx_word' id='word_1_70' title='bbox 694 1579 759 1645; x_wconf 89' lang='lat' dir='ltr'><strong>illis</strong></span> <span class='ocrx_word' id='word_1_71' title='bbox 792 1582 1052 1665; x_wconf 75' lang='lat' dir='ltr'><strong>mercatoribuS,</strong></span> <span class='ocrx_word' id='word_1_72' title='bbox 1098 1602 1239 1663; x_wconf 92' lang='lat' dir='ltr'><strong>quorum</strong></span> <span class='ocrx_word' id='word_1_73' title='bbox 1272 1598 1339 1650; x_wconf 90' lang='lat' dir='ltr'><strong>erat</strong></span> <span class='ocrx_word' id='word_1_74' title='bbox 1373 1603 1504 1650; x_wconf 89' lang='lat' dir='ltr'><strong>caracca</strong></span> <span class='ocrx_word' id='word_1_75' title='bbox 1536 1600 1568 1650; x_wconf 93' lang='lat' dir='ltr'><strong>et</strong></span> 
     </span>
     <span class='ocr_line' id='line_1_12' title="bbox 395 1692 1568 1776; baseline 0.007 -26"><span class='ocrx_word' id='word_1_76' title='bbox 395 1707 542 1769; x_wconf 82' lang='lat' dir='ltr'><strong>merces,</strong></span> <span class='ocrx_word' id='word_1_77' title='bbox 575 1692 695 1756; x_wconf 90' lang='lat' dir='ltr'><strong>bellum</strong></span> <span class='ocrx_word' id='word_1_78' title='bbox 732 1707 863 1757; x_wconf 90' lang='lat' dir='ltr'><strong>eatenus</strong></span> <span class='ocrx_word' id='word_1_79' title='bbox 896 1692 1006 1758; x_wconf 86' lang='lat' dir='ltr'><strong>inferri</strong></span> <span class='ocrx_word' id='word_1_80' title='bbox 1040 1693 1212 1776; x_wconf 87' lang='lat' dir='ltr'><strong>potuisse,</strong></span> <span class='ocrx_word' id='word_1_81' title='bbox 1245 1708 1284 1758; x_wconf 91' lang='lat' dir='ltr'><strong>ut</strong></span> <span class='ocrx_word' id='word_1_82' title='bbox 1314 1696 1400 1759; x_wconf 91' lang='lat' dir='ltr'><strong>bona</strong></span> <span class='ocrx_word' id='word_1_83' title='bbox 1430 1694 1568 1775; x_wconf 88' lang='lat' dir='ltr'><strong>praedae</strong></span> 
     </span>
     <span class='ocr_line' id='line_1_13' title="bbox 395 1800 1566 1886; baseline 0.005 -24"><span class='ocrx_word' id='word_1_84' title='bbox 395 1800 557 1866; x_wconf 88' lang='lat' dir='ltr'><strong>cederent.</strong></span> <span class='ocrx_word' id='word_1_85' title='bbox 610 1802 676 1867; x_wconf 88' lang='lat' dir='ltr'><strong>Sed</strong></span> <span class='ocrx_word' id='word_1_86' title='bbox 708 1817 740 1868; x_wconf 92' lang='lat' dir='ltr'><strong>et</strong></span> <span class='ocrx_word' id='word_1_87' title='bbox 771 1804 955 1886; x_wconf 81' lang='lat' dir='ltr'><strong>specialiter</strong></span> <span class='ocrx_word' id='word_1_88' title='bbox 986 1804 1041 1869; x_wconf 92' lang='lat' dir='ltr'><strong>bic</strong></span> <span class='ocrx_word' id='word_1_89' title='bbox 1079 1805 1258 1870; x_wconf 91' lang='lat' dir='ltr'><strong>notandum</strong></span> <span class='ocrx_word' id='word_1_90' title='bbox 1295 1819 1366 1886; x_wconf 89' lang='lat' dir='ltr'><strong>est,</strong></span> <span class='ocrx_word' id='word_1_91' title='bbox 1405 1824 1566 1880; x_wconf 85' lang='lat' dir='ltr'><strong>caraccam</strong></span> 
     </span>
    </p>
   </div>
   <div class='ocr_carea' id='block_1_4' title="bbox 247 1914 1566 1998">
    <p class='ocr_par' dir='ltr' id='par_1_4' title="bbox 247 1914 1566 1998">
     <span class='ocr_line' id='line_1_14' title="bbox 247 1914 1566 1998; baseline 0 -18"><span class='ocrx_word' id='word_1_92' title='bbox 247 1923 323 1986; x_wconf 65' lang='lat' dir='ltr'><strong>Refer</strong></span> <span class='ocrx_word' id='word_1_93' title='bbox 351 1923 479 1992; x_wconf 76' lang='lat' dir='ltr'><strong>adquae</strong></span> <span class='ocrx_word' id='word_1_94' title='bbox 512 1927 605 1995; x_wconf 90' lang='lat' dir='ltr'><strong>capta</strong></span> <span class='ocrx_word' id='word_1_95' title='bbox 631 1928 681 1978; x_wconf 88' lang='lat' dir='ltr'><strong>est</strong></span> <span class='ocrx_word' id='word_1_96' title='bbox 702 1915 833 1982; x_wconf 88' lang='lat' dir='ltr'><strong>venisse</strong></span> <span class='ocrx_word' id='word_1_97' title='bbox 867 1915 1065 1998; x_wconf 88' lang='lat' dir='ltr'><strong>Macaunte‚</strong></span> <span class='ocrx_word' id='word_1_98' title='bbox 1098 1935 1153 1981; x_wconf 92' lang='lat' dir='ltr'><strong>eos</strong></span> <span class='ocrx_word' id='word_1_99' title='bbox 1184 1915 1243 1997; x_wconf 93' lang='lat' dir='ltr'><strong>qui</strong></span> <span class='ocrx_word' id='word_1_100' title='bbox 1264 1916 1391 1981; x_wconf 87' lang='lat' dir='ltr'><strong>inerant</strong></span> <span class='ocrx_word' id='word_1_101' title='bbox 1410 1914 1566 1980; x_wconf 90' lang='lat' dir='ltr'><strong>mercium</strong></span> 
     </span>
    </p>
   </div>
   <div class='ocr_carea' id='block_1_5' title="bbox 246 1976 379 2130">
    <p class='ocr_par' dir='ltr' id='par_1_5' title="bbox 246 1976 379 2130">
     <span class='ocr_line' id='line_1_15' title="bbox 246 1976 379 2023; baseline 0.038 -5"><span class='ocrx_word' id='word_1_102' title='bbox 246 1976 327 2022; x_wconf 79' lang='lat' dir='ltr'><strong>lrrstor.</strong></span> <span class='ocrx_word' id='word_1_103' title='bbox 373 2009 379 2023; x_wconf 88' lang='lat'><strong>.</strong></span> 
     </span>
     <span class='ocr_line' id='line_1_16' title="bbox 247 2029 379 2080; baseline 0.03 -6"><span class='ocrx_word' id='word_1_104' title='bbox 247 2029 281 2074; x_wconf 88' lang='lat'><strong>11.</strong></span> <span class='ocrx_word' id='word_1_105' title='bbox 309 2041 379 2080; x_wconf 82' lang='lat' dir='ltr'><strong>amc.</strong></span> 
     </span>
     <span class='ocr_line' id='line_1_17' title="bbox 248 2082 297 2130; baseline 0.041 -3"><span class='ocrx_word' id='word_1_106' title='bbox 248 2082 297 2130; x_wconf 73' lang='grc' dir='ltr'><strong>ΙΙΙ.</strong></span> 
     </span>
    </p>
   </div>
   <div class='ocr_carea' id='block_1_6' title="bbox 244 3133 375 3236">
    <p class='ocr_par' dir='ltr' id='par_1_6' title="bbox 244 3133 375 3236">
     <span class='ocr_line' id='line_1_18' title="bbox 245 3133 375 3182; baseline 0.046 -6"><span class='ocrx_word' id='word_1_107' title='bbox 245 3133 285 3177; x_wconf 79' lang='lat' dir='ltr'><strong>Ea·</strong></span> <span class='ocrx_word' id='word_1_108' title='bbox 305 3138 375 3182; x_wconf 80' lang='lat' dir='ltr'><strong>carrel.</strong></span> 
     </span>
     <span class='ocr_line' id='line_1_19' title="bbox 244 3187 375 3236; baseline 0.038 -5"><span class='ocrx_word' id='word_1_109' title='bbox 244 3187 375 3236; x_wconf 73' lang='lat' dir='ltr'><strong>Vllarrr&#39;c.</strong></span> 
     </span>
    </p>
   </div>
   <div class='ocr_carea' id='block_1_7' title="bbox 245 3240 374 3304">
    <p class='ocr_par' dir='ltr' id='par_1_7' title="bbox 245 3240 374 3304">
     <span class='ocr_line' id='line_1_20' title="bbox 245 3240 374 3304; baseline 0.039 -19"><span class='ocrx_word' id='word_1_110' title='bbox 245 3240 294 3288; x_wconf 86' lang='lat' dir='ltr'><strong>Ill.</strong></span> <span class='ocrx_word' id='word_1_111' title='bbox 303 3255 329 3304; x_wconf 88' lang='lat' dir='ltr'><strong>p.</strong></span> <span class='ocrx_word' id='word_1_112' title='bbox 340 3244 374 3290; x_wconf 87' lang='lat'><strong>11.</strong></span> 
     </span>
    </p>
   </div>
   <div class='ocr_carea' id='block_1_8' title="bbox 384 2021 1591 4224">
    <p class='ocr_par' dir='ltr' id='par_1_8' title="bbox 384 2021 1591 4224">
     <span class='ocr_line' id='line_1_21' title="bbox 394 2021 1567 2105; baseline 0.006 -19"><span class='ocrx_word' id='word_1_113' title='bbox 394 2021 544 2089; x_wconf 89' lang='lat' dir='ltr'><strong>dominos</strong></span> <span class='ocrx_word' id='word_1_114' title='bbox 575 2024 688 2090; x_wconf 91' lang='lat' dir='ltr'><strong>eodem</strong></span> <span class='ocrx_word' id='word_1_115' title='bbox 719 2046 759 2091; x_wconf 86' lang='lat' dir='ltr'><strong>ex</strong></span> <span class='ocrx_word' id='word_1_116' title='bbox 791 2028 865 2092; x_wconf 92' lang='lat' dir='ltr'><strong>loco</strong></span> <span class='ocrx_word' id='word_1_117' title='bbox 896 2027 1074 2105; x_wconf 86' lang='lat' dir='ltr'><strong>advectos,</strong></span> <span class='ocrx_word' id='word_1_118' title='bbox 1098 2027 1155 2092; x_wconf 92' lang='lat' dir='ltr'><strong>ubi</strong></span> <span class='ocrx_word' id='word_1_119' title='bbox 1177 2027 1304 2092; x_wconf 87' lang='lat' dir='ltr'><strong>scilicet</strong></span> <span class='ocrx_word' id='word_1_120' title='bbox 1329 2025 1486 2092; x_wconf 89' lang='lat' dir='ltr'><strong>Hollandi</strong></span> <span class='ocrx_word' id='word_1_121' title='bbox 1506 2028 1567 2093; x_wconf 93' lang='lat' dir='ltr'><strong>ho-</strong></span> 
     </span>
     <span class='ocr_line' id='line_1_22' title="bbox 392 2133 1591 2222; baseline 0.003 -24"><span class='ocrx_word' id='word_1_122' title='bbox 392 2133 496 2200; x_wconf 92' lang='lat' dir='ltr'><strong>mines</strong></span> <span class='ocrx_word' id='word_1_123' title='bbox 525 2133 594 2200; x_wconf 88' lang='lat' dir='ltr'><strong>fere</strong></span> <span class='ocrx_word' id='word_1_124' title='bbox 620 2136 741 2222; x_wconf 84' lang='lat' dir='ltr'><strong>viginti</strong></span> <span class='ocrx_word' id='word_1_125' title='bbox 773 2138 1010 2204; x_wconf 87' lang='lat' dir='ltr'><strong>Lusitanorum</strong></span> <span class='ocrx_word' id='word_1_126' title='bbox 1040 2137 1137 2204; x_wconf 90' lang='lat' dir='ltr'><strong>furiis</strong></span> <span class='ocrx_word' id='word_1_127' title='bbox 1168 2138 1232 2204; x_wconf 91' lang='lat' dir='ltr'><strong>acti</strong></span> <span class='ocrx_word' id='word_1_128' title='bbox 1254 2137 1288 2203; x_wconf 92' lang='lat' dir='ltr'><strong>in</strong></span> <span class='ocrx_word' id='word_1_129' title='bbox 1309 2138 1492 2220; x_wconf 87' lang='lat' dir='ltr'><strong>patibulum</strong></span> <span class='ocrx_word' id='word_1_130' title='bbox 1510 2152 1591 2203; x_wconf 90' lang='lat' dir='ltr'><strong>aut·</strong></span> 
     </span>
     <span class='ocr_line' id='line_1_23' title="bbox 391 2244 1567 2336; baseline 0.005 -28"><span class='ocrx_word' id='word_1_131' title='bbox 391 2244 550 2311; x_wconf 89' lang='lat' dir='ltr'><strong>fluctibus</strong></span> <span class='ocrx_word' id='word_1_132' title='bbox 577 2248 674 2312; x_wconf 93' lang='lat' dir='ltr'><strong>mersi</strong></span> <span class='ocrx_word' id='word_1_133' title='bbox 704 2263 804 2314; x_wconf 90' lang='lat' dir='ltr'><strong>erant.</strong></span> <span class='ocrx_word' id='word_1_134' title='bbox 851 2250 938 2336; x_wconf 90' lang='lat' dir='ltr'><strong>Quis</strong></span> <span class='ocrx_word' id='word_1_135' title='bbox 962 2251 1023 2316; x_wconf 90' lang='lat' dir='ltr'><strong>hos</strong></span> <span class='ocrx_word' id='word_1_136' title='bbox 1045 2250 1235 2316; x_wconf 90' lang='lat' dir='ltr'><strong>innocentes</strong></span> <span class='ocrx_word' id='word_1_137' title='bbox 1259 2249 1428 2332; x_wconf 78' lang='lat' dir='ltr'><strong>appellet?</strong></span> <span class='ocrx_word' id='word_1_138' title='bbox 1452 2249 1567 2334; x_wconf 88' lang='lat' dir='ltr'><strong>Majus</strong></span> 
     </span>
     <span class='ocr_line' id='line_1_24' title="bbox 390 2356 1566 2443; baseline 0.004 -24"><span class='ocrx_word' id='word_1_139' title='bbox 390 2356 490 2421; x_wconf 88' lang='lat' dir='ltr'><strong>aliud·</strong></span> <span class='ocrx_word' id='word_1_140' title='bbox 501 2357 616 2423; x_wconf 93' lang='lat' dir='ltr'><strong>dicam.</strong></span> <span class='ocrx_word' id='word_1_141' title='bbox 662 2359 806 2442; x_wconf 88' lang='lat' dir='ltr'><strong>Reperta</strong></span> <span class='ocrx_word' id='word_1_142' title='bbox 828 2360 862 2424; x_wconf 92' lang='lat' dir='ltr'><strong>in</strong></span> <span class='ocrx_word' id='word_1_143' title='bbox 886 2361 956 2443; x_wconf 91' lang='lat' dir='ltr'><strong>ipsa</strong></span> <span class='ocrx_word' id='word_1_144' title='bbox 977 2381 1060 2426; x_wconf 89' lang='lat' dir='ltr'><strong>nave</strong></span> <span class='ocrx_word' id='word_1_145' title='bbox 1081 2361 1277 2427; x_wconf 88' lang='lat' dir='ltr'><strong>vestimenta</strong></span> <span class='ocrx_word' id='word_1_146' title='bbox 1296 2375 1330 2425; x_wconf 90' lang='lat' dir='ltr'><strong>et</strong></span> <span class='ocrx_word' id='word_1_147' title='bbox 1354 2361 1464 2426; x_wconf 88' lang='lat' dir='ltr'><strong>tristes</strong></span> <span class='ocrx_word' id='word_1_148' title='bbox 1485 2380 1566 2425; x_wconf 87' lang='lat' dir='ltr'><strong>exu-</strong></span> 
     </span>
     <span class='ocr_line' id='line_1_25' title="bbox 390 2467 1565 2556; baseline 0.004 -25"><span class='ocrx_word' id='word_1_149' title='bbox 390 2467 463 2532; x_wconf 84' lang='lat' dir='ltr'><strong>viae</strong></span> <span class='ocrx_word' id='word_1_150' title='bbox 492 2468 756 2538; x_wconf 77' lang='lat' dir='ltr'><strong>interfectorumz</strong></span> <span class='ocrx_word' id='word_1_151' title='bbox 789 2492 875 2552; x_wconf 88' lang='lat' dir='ltr'><strong>qnae</strong></span> <span class='ocrx_word' id='word_1_152' title='bbox 907 2472 955 2536; x_wconf 92' lang='lat' dir='ltr'><strong>illi</strong></span> <span class='ocrx_word' id='word_1_153' title='bbox 984 2486 1024 2538; x_wconf 93' lang='lat' dir='ltr'><strong>ut</strong></span> <span class='ocrx_word' id='word_1_154' title='bbox 1047 2472 1194 2556; x_wconf 84' lang='lat' dir='ltr'><strong>egregiae</strong></span> <span class='ocrx_word' id='word_1_155' title='bbox 1218 2471 1387 2556; x_wconf 87' lang='lat' dir='ltr'><strong>cujusdam</strong></span> <span class='ocrx_word' id='word_1_156' title='bbox 1406 2471 1565 2538; x_wconf 84' lang='lat' dir='ltr'><strong>victoriae</strong></span> 
     </span>
     <span class='ocr_line' id='line_1_26' title="bbox 390 2579 1565 2665; baseline 0.003 -21"><span class='ocrx_word' id='word_1_157' title='bbox 390 2579 495 2661; x_wconf 90' lang='lat' dir='ltr'><strong>spolia</strong></span> <span class='ocrx_word' id='word_1_158' title='bbox 525 2580 558 2646; x_wconf 92' lang='lat' dir='ltr'><strong>in</strong></span> <span class='ocrx_word' id='word_1_159' title='bbox 587 2582 722 2664; x_wconf 92' lang='lat' dir='ltr'><strong>patriam</strong></span> <span class='ocrx_word' id='word_1_160' title='bbox 754 2581 924 2663; x_wconf 86' lang='lat' dir='ltr'><strong>ferebant,</strong></span> <span class='ocrx_word' id='word_1_161' title='bbox 949 2583 1047 2649; x_wconf 92' lang='lat' dir='ltr'><strong>veriti</strong></span> <span class='ocrx_word' id='word_1_162' title='bbox 1069 2583 1217 2665; x_wconf 88' lang='lat' dir='ltr'><strong>scilicet,</strong></span> <span class='ocrx_word' id='word_1_163' title='bbox 1242 2603 1284 2648; x_wconf 90' lang='lat' dir='ltr'><strong>ne</strong></span> <span class='ocrx_word' id='word_1_164' title='bbox 1309 2583 1384 2665; x_wconf 93' lang='lat' dir='ltr'><strong>quis</strong></span> <span class='ocrx_word' id='word_1_165' title='bbox 1406 2583 1470 2648; x_wconf 90' lang='lat' dir='ltr'><strong>nisi</strong></span> <span class='ocrx_word' id='word_1_166' title='bbox 1491 2583 1565 2648; x_wconf 89' lang='lat' dir='ltr'><strong>tali-</strong></span> 
     </span>
     <span class='ocr_line' id='line_1_27' title="bbox 391 2690 1564 2777; baseline 0.003 -22"><span class='ocrx_word' id='word_1_167' title='bbox 391 2691 454 2756; x_wconf 90' lang='lat' dir='ltr'><strong>bus</strong></span> <span class='ocrx_word' id='word_1_168' title='bbox 474 2690 604 2758; x_wconf 91' lang='lat' dir='ltr'><strong>indiciis</strong></span> <span class='ocrx_word' id='word_1_169' title='bbox 632 2713 745 2776; x_wconf 90' lang='lat' dir='ltr'><strong>parum</strong></span> <span class='ocrx_word' id='word_1_170' title='bbox 776 2694 921 2760; x_wconf 90' lang='lat' dir='ltr'><strong>crederet</strong></span> <span class='ocrx_word' id='word_1_171' title='bbox 942 2711 1141 2777; x_wconf 90' lang='lat' dir='ltr'><strong>quemquam</strong></span> <span class='ocrx_word' id='word_1_172' title='bbox 1163 2693 1243 2761; x_wconf 92' lang='lat' dir='ltr'><strong>adeo</strong></span> <span class='ocrx_word' id='word_1_173' title='bbox 1265 2693 1367 2760; x_wconf 87' lang='lat' dir='ltr'><strong>fuisse</strong></span> <span class='ocrx_word' id='word_1_174' title='bbox 1388 2693 1564 2758; x_wconf 88' lang='lat' dir='ltr'><strong>crudelem.</strong></span> 
     </span>
     <span class='ocr_line' id='line_1_28' title="bbox 392 2803 1565 2889; baseline 0.003 -23"><span class='ocrx_word' id='word_1_175' title='bbox 392 2803 519 2870; x_wconf 90' lang='lat' dir='ltr'><strong>Horum</strong></span> <span class='ocrx_word' id='word_1_176' title='bbox 542 2803 643 2889; x_wconf 92' lang='lat' dir='ltr'><strong>igitur</strong></span> <span class='ocrx_word' id='word_1_177' title='bbox 666 2804 787 2886; x_wconf 91' lang='lat' dir='ltr'><strong>aliquis</strong></span> <span class='ocrx_word' id='word_1_178' title='bbox 808 2805 1041 2872; x_wconf 73' lang='lat' dir='ltr'><strong>miserebitur?</strong></span> <span class='ocrx_word' id='word_1_179' title='bbox 1066 2806 1138 2870; x_wconf 90' lang='lat' dir='ltr'><strong>Aut</strong></span> <span class='ocrx_word' id='word_1_180' title='bbox 1149 2823 1215 2871; x_wconf 92' lang='lat' dir='ltr'><strong>non</strong></span> <span class='ocrx_word' id='word_1_181' title='bbox 1229 2805 1324 2870; x_wconf 91' lang='lat' dir='ltr'><strong>etiam</strong></span> <span class='ocrx_word' id='word_1_182' title='bbox 1340 2805 1406 2870; x_wconf 89' lang='lat' dir='ltr'><strong>illis</strong></span> <span class='ocrx_word' id='word_1_183' title='bbox 1420 2805 1565 2887; x_wconf 88' lang='lat' dir='ltr'><strong>putanda</strong></span> 
     </span>
     <span class='ocr_line' id='line_1_29' title="bbox 391 2915 1563 2997; baseline 0.002 -19"><span class='ocrx_word' id='word_1_184' title='bbox 391 2929 440 2978; x_wconf 89' lang='lat' dir='ltr'><strong>est</strong></span> <span class='ocrx_word' id='word_1_185' title='bbox 471 2915 614 2980; x_wconf 93' lang='lat' dir='ltr'><strong>ludibrio</strong></span> <span class='ocrx_word' id='word_1_186' title='bbox 647 2915 761 2982; x_wconf 88' lang='lat' dir='ltr'><strong>futura</strong></span> <span class='ocrx_word' id='word_1_187' title='bbox 792 2917 989 2983; x_wconf 86' lang='lat' dir='ltr'><strong>Batavorum</strong></span> <span class='ocrx_word' id='word_1_188' title='bbox 1018 2917 1172 2997; x_wconf 85' lang='lat' dir='ltr'><strong>bonitas,</strong></span> <span class='ocrx_word' id='word_1_189' title='bbox 1197 2916 1256 2997; x_wconf 91' lang='lat' dir='ltr'><strong>qui</strong></span> <span class='ocrx_word' id='word_1_190' title='bbox 1278 2915 1424 2982; x_wconf 90' lang='lat' dir='ltr'><strong>contenti</strong></span> <span class='ocrx_word' id='word_1_191' title='bbox 1444 2916 1563 2981; x_wconf 92' lang='lat' dir='ltr'><strong>damno</strong></span> 
     </span>
     <span class='ocr_line' id='line_1_30' title="bbox 389 3025 1564 3110; baseline 0.002 -20"><span class='ocrx_word' id='word_1_192' title='bbox 389 3040 530 3105; x_wconf 85' lang='lat' dir='ltr'><strong>terrere,</strong></span> <span class='ocrx_word' id='word_1_193' title='bbox 554 3025 645 3108; x_wconf 92' lang='lat' dir='ltr'><strong>ipsos</strong></span> <span class='ocrx_word' id='word_1_194' title='bbox 668 3027 726 3108; x_wconf 90' lang='lat' dir='ltr'><strong>qui</strong></span> <span class='ocrx_word' id='word_1_195' title='bbox 749 3027 826 3092; x_wconf 88' lang='lat' dir='ltr'><strong>talia</strong></span> <span class='ocrx_word' id='word_1_196' title='bbox 849 3026 955 3094; x_wconf 88' lang='lat' dir='ltr'><strong>facere</strong></span> <span class='ocrx_word' id='word_1_197' title='bbox 976 3042 1111 3110; x_wconf 88' lang='lat' dir='ltr'><strong>possent</strong></span> <span class='ocrx_word' id='word_1_198' title='bbox 1132 3028 1227 3094; x_wconf 90' lang='lat' dir='ltr'><strong>vivos</strong></span> <span class='ocrx_word' id='word_1_199' title='bbox 1246 3025 1476 3109; x_wconf 76' lang='lat' dir='ltr'><strong>reliquerunt?</strong></span> <span class='ocrx_word' id='word_1_200' title='bbox 1498 3027 1564 3092; x_wconf 90' lang='lat' dir='ltr'><strong>Sed</strong></span> 
     </span>
     <span class='ocr_line' id='line_1_31' title="bbox 389 3137 1563 3223; baseline 0.002 -23"><span class='ocrx_word' id='word_1_201' title='bbox 389 3151 516 3218; x_wconf 87' lang='lat' dir='ltr'><strong>praeter</strong></span> <span class='ocrx_word' id='word_1_202' title='bbox 542 3137 598 3221; x_wconf 87' lang='lat' dir='ltr'><strong>jus</strong></span> <span class='ocrx_word' id='word_1_203' title='bbox 630 3139 766 3202; x_wconf 89' lang='lat' dir='ltr'><strong>alterum</strong></span> <span class='ocrx_word' id='word_1_204' title='bbox 798 3139 973 3204; x_wconf 87' lang='lat' dir='ltr'><strong>terminum</strong></span> <span class='ocrx_word' id='word_1_205' title='bbox 997 3139 1266 3222; x_wconf 90' lang='lat' dir='ltr'><strong>praescripsimus</strong></span> <span class='ocrx_word' id='word_1_206' title='bbox 1289 3139 1376 3205; x_wconf 87' lang='lat' dir='ltr'><strong>bello</strong></span> <span class='ocrx_word' id='word_1_207' title='bbox 1397 3138 1563 3223; x_wconf 88' lang='lat' dir='ltr'><strong>gerendo,</strong></span> 
     </span>
     <span class='ocr_line' id='line_1_32' title="bbox 390 3246 1562 3332; baseline 0.003 -21"><span class='ocrx_word' id='word_1_208' title='bbox 390 3246 496 3312; x_wconf 91' lang='lat' dir='ltr'><strong>fidem.</strong></span> <span class='ocrx_word' id='word_1_209' title='bbox 540 3247 636 3313; x_wconf 91' lang='lat' dir='ltr'><strong>Nihil</strong></span> <span class='ocrx_word' id='word_1_210' title='bbox 668 3248 721 3314; x_wconf 92' lang='lat' dir='ltr'><strong>hic</strong></span> <span class='ocrx_word' id='word_1_211' title='bbox 750 3249 904 3317; x_wconf 89' lang='lat' dir='ltr'><strong>hostibus</strong></span> <span class='ocrx_word' id='word_1_212' title='bbox 930 3250 1127 3332; x_wconf 92' lang='lat' dir='ltr'><strong>promissum</strong></span> <span class='ocrx_word' id='word_1_213' title='bbox 1149 3265 1220 3331; x_wconf 88' lang='lat' dir='ltr'><strong>est,</strong></span> <span class='ocrx_word' id='word_1_214' title='bbox 1245 3269 1313 3331; x_wconf 93' lang='lat' dir='ltr'><strong>quo</strong></span> <span class='ocrx_word' id='word_1_215' title='bbox 1335 3268 1402 3314; x_wconf 94' lang='lat' dir='ltr'><strong>non</strong></span> <span class='ocrx_word' id='word_1_216' title='bbox 1422 3248 1562 3331; x_wconf 91' lang='lat' dir='ltr'><strong>amplius</strong></span> 
     </span>
     <span class='ocr_line' id='line_1_33' title="bbox 388 3358 1562 3446; baseline 0.002 -24"><span class='ocrx_word' id='word_1_217' title='bbox 388 3358 431 3423; x_wconf 91' lang='lat' dir='ltr'><strong>sit</strong></span> <span class='ocrx_word' id='word_1_218' title='bbox 449 3358 653 3441; x_wconf 88' lang='lat' dir='ltr'><strong>praestitum.</strong></span> <span class='ocrx_word' id='word_1_219' title='bbox 700 3360 744 3426; x_wconf 87' lang='lat' dir='ltr'><strong>Ei</strong></span> <span class='ocrx_word' id='word_1_220' title='bbox 766 3362 878 3446; x_wconf 90' lang='lat' dir='ltr'><strong>genti,</strong></span> <span class='ocrx_word' id='word_1_221' title='bbox 903 3381 988 3442; x_wconf 93' lang='lat' dir='ltr'><strong>quae</strong></span> <span class='ocrx_word' id='word_1_222' title='bbox 1009 3361 1149 3428; x_wconf 86' lang='lat' dir='ltr'><strong>Batavos</strong></span> <span class='ocrx_word' id='word_1_223' title='bbox 1170 3361 1204 3425; x_wconf 91' lang='lat' dir='ltr'><strong>in</strong></span> <span class='ocrx_word' id='word_1_224' title='bbox 1225 3381 1303 3443; x_wconf 90' lang='lat' dir='ltr'><strong>pace</strong></span> <span class='ocrx_word' id='word_1_225' title='bbox 1323 3359 1562 3439; x_wconf 88' lang='lat' dir='ltr'><strong>trucidaverat,</strong></span> 
     </span>
     <span class='ocr_line' id='line_1_34' title="bbox 387 3469 1561 3556; baseline 0.001 -23"><span class='ocrx_word' id='word_1_226' title='bbox 387 3470 473 3535; x_wconf 93' lang='lat' dir='ltr'><strong>bello</strong></span> <span class='ocrx_word' id='word_1_227' title='bbox 498 3471 604 3537; x_wconf 87' lang='lat' dir='ltr'><strong>victae</strong></span> <span class='ocrx_word' id='word_1_228' title='bbox 622 3472 692 3539; x_wconf 83' lang='lat' dir='ltr'><strong>vita</strong></span> <span class='ocrx_word' id='word_1_229' title='bbox 711 3473 871 3556; x_wconf 87' lang='lat' dir='ltr'><strong>promissa</strong></span> <span class='ocrx_word' id='word_1_230' title='bbox 894 3488 928 3538; x_wconf 89' lang='lat' dir='ltr'><strong>et</strong></span> <span class='ocrx_word' id='word_1_231' title='bbox 948 3473 1103 3555; x_wconf 87' lang='lat' dir='ltr'><strong>praestita</strong></span> <span class='ocrx_word' id='word_1_232' title='bbox 1127 3488 1185 3538; x_wconf 87' lang='lat' dir='ltr'><strong>est.</strong></span> <span class='ocrx_word' id='word_1_233' title='bbox 1231 3472 1303 3537; x_wconf 91' lang='lat' dir='ltr'><strong>Nec</strong></span> <span class='ocrx_word' id='word_1_234' title='bbox 1321 3469 1390 3537; x_wconf 88' lang='lat' dir='ltr'><strong>vita</strong></span> <span class='ocrx_word' id='word_1_235' title='bbox 1411 3485 1561 3550; x_wconf 92' lang='lat' dir='ltr'><strong>tantum,</strong></span> 
     </span>
     <span class='ocr_line' id='line_1_35' title="bbox 386 3581 1561 3668; baseline -0.001 -21"><span class='ocrx_word' id='word_1_236' title='bbox 386 3581 445 3648; x_wconf 86' lang='lat' dir='ltr'><strong>sed</strong></span> <span class='ocrx_word' id='word_1_237' title='bbox 464 3583 619 3663; x_wconf 86' lang='lat' dir='ltr'><strong>libertas,</strong></span> <span class='ocrx_word' id='word_1_238' title='bbox 644 3598 677 3649; x_wconf 89' lang='lat' dir='ltr'><strong>et</strong></span> <span class='ocrx_word' id='word_1_239' title='bbox 699 3585 779 3649; x_wconf 91' lang='lat' dir='ltr'><strong>haec</strong></span> <span class='ocrx_word' id='word_1_240' title='bbox 801 3583 924 3668; x_wconf 91' lang='lat' dir='ltr'><strong>gratis,</strong></span> <span class='ocrx_word' id='word_1_241' title='bbox 945 3603 1017 3648; x_wconf 90' lang='lat' dir='ltr'><strong>cum</strong></span> <span class='ocrx_word' id='word_1_242' title='bbox 1037 3602 1103 3650; x_wconf 92' lang='lat' dir='ltr'><strong>non</strong></span> <span class='ocrx_word' id='word_1_243' title='bbox 1124 3604 1235 3665; x_wconf 88' lang='lat' dir='ltr'><strong>parurn</strong></span> <span class='ocrx_word' id='word_1_244' title='bbox 1254 3582 1350 3664; x_wconf 91' lang='lat' dir='ltr'><strong>pretii</strong></span> <span class='ocrx_word' id='word_1_245' title='bbox 1368 3596 1561 3662; x_wconf 86' lang='lat' dir='ltr'><strong>extorquere</strong></span> 
     </span>
     <span class='ocr_line' id='line_1_36' title="bbox 386 3693 1561 3778; baseline -0.002 -19"><span class='ocrx_word' id='word_1_246' title='bbox 386 3693 511 3760; x_wconf 88' lang='lat' dir='ltr'><strong>liceret.</strong></span> <span class='ocrx_word' id='word_1_247' title='bbox 558 3694 604 3759; x_wconf 85' lang='lat' dir='ltr'><strong>Et</strong></span> <span class='ocrx_word' id='word_1_248' title='bbox 633 3715 674 3760; x_wconf 91' lang='lat' dir='ltr'><strong>ne</strong></span> <span class='ocrx_word' id='word_1_249' title='bbox 704 3694 785 3778; x_wconf 92' lang='lat' dir='ltr'><strong>quid</strong></span> <span class='ocrx_word' id='word_1_250' title='bbox 807 3715 846 3759; x_wconf 86' lang='lat' dir='ltr'><strong>ex</strong></span> <span class='ocrx_word' id='word_1_251' title='bbox 870 3693 1031 3760; x_wconf 88' lang='lat' dir='ltr'><strong>beneficio</strong></span> <span class='ocrx_word' id='word_1_252' title='bbox 1052 3694 1196 3777; x_wconf 85' lang='lat' dir='ltr'><strong>periret,</strong></span> <span class='ocrx_word' id='word_1_253' title='bbox 1221 3693 1378 3760; x_wconf 89' lang='lat' dir='ltr'><strong>Hollandi</strong></span> <span class='ocrx_word' id='word_1_254' title='bbox 1398 3693 1561 3776; x_wconf 86' lang='lat' dir='ltr'><strong>praesidio</strong></span> 
     </span>
     <span class='ocr_line' id='line_1_37' title="bbox 386 3804 1560 3889; baseline -0.002 -18"><span class='ocrx_word' id='word_1_255' title='bbox 386 3805 478 3886; x_wconf 88' lang='lat' dir='ltr'><strong>dati,</strong></span> <span class='ocrx_word' id='word_1_256' title='bbox 512 3807 569 3889; x_wconf 90' lang='lat' dir='ltr'><strong>qui</strong></span> <span class='ocrx_word' id='word_1_257' title='bbox 602 3807 755 3874; x_wconf 87' lang='lat' dir='ltr'><strong>dimissos</strong></span> <span class='ocrx_word' id='word_1_258' title='bbox 789 3808 971 3872; x_wconf 89' lang='lat' dir='ltr'><strong>Malaccam</strong></span> <span class='ocrx_word' id='word_1_259' title='bbox 1007 3805 1217 3872; x_wconf 90' lang='lat' dir='ltr'><strong>deducerent.</strong></span> <span class='ocrx_word' id='word_1_260' title='bbox 1277 3805 1386 3870; x_wconf 91' lang='lat' dir='ltr'><strong>Tanta</strong></span> <span class='ocrx_word' id='word_1_261' title='bbox 1417 3804 1560 3885; x_wconf 88' lang='lat' dir='ltr'><strong>denique</strong></span> 
     </span>
     <span class='ocr_line' id='line_1_38' title="bbox 385 3915 1561 4001; baseline -0.003 -18"><span class='ocrx_word' id='word_1_262' title='bbox 385 3917 522 3984; x_wconf 87' lang='lat' dir='ltr'><strong>victoris</strong></span> <span class='ocrx_word' id='word_1_263' title='bbox 551 3919 665 4001; x_wconf 93' lang='lat' dir='ltr'><strong>populi</strong></span> <span class='ocrx_word' id='word_1_264' title='bbox 695 3918 727 3982; x_wconf 93' lang='lat' dir='ltr'><strong>in</strong></span> <span class='ocrx_word' id='word_1_265' title='bbox 752 3917 859 3984; x_wconf 88' lang='lat' dir='ltr'><strong>victos</strong></span> <span class='ocrx_word' id='word_1_266' title='bbox 881 3916 975 3994; x_wconf 87' lang='lat' dir='ltr'><strong>fuere</strong></span> <span class='ocrx_word' id='word_1_267' title='bbox 1004 3918 1131 3998; x_wconf 85' lang='lat' dir='ltr'><strong>officia,</strong></span> <span class='ocrx_word' id='word_1_268' title='bbox 1156 3931 1193 3982; x_wconf 93' lang='lat' dir='ltr'><strong>ut</strong></span> <span class='ocrx_word' id='word_1_269' title='bbox 1213 3916 1388 3997; x_wconf 91' lang='lat' dir='ltr'><strong>Lusitani,</strong></span> <span class='ocrx_word' id='word_1_270' title='bbox 1412 3916 1470 3998; x_wconf 91' lang='lat' dir='ltr'><strong>qui</strong></span> <span class='ocrx_word' id='word_1_271' title='bbox 1492 3915 1561 3982; x_wconf 90' lang='lat' dir='ltr'><strong>vir·</strong></span> 
     </span>
     <span class='ocr_line' id='line_1_39' title="bbox 384 4027 1560 4111; baseline -0.001 -18"><span class='ocrx_word' id='word_1_272' title='bbox 384 4043 472 4095; x_wconf 87' lang='lat' dir='ltr'><strong>tutes</strong></span> <span class='ocrx_word' id='word_1_273' title='bbox 495 4029 573 4095; x_wconf 91' lang='lat' dir='ltr'><strong>istas</strong></span> <span class='ocrx_word' id='word_1_274' title='bbox 595 4050 662 4111; x_wconf 91' lang='lat' dir='ltr'><strong>quo</strong></span> <span class='ocrx_word' id='word_1_275' title='bbox 686 4030 795 4094; x_wconf 92' lang='lat' dir='ltr'><strong>minus</strong></span> <span class='ocrx_word' id='word_1_276' title='bbox 826 4043 950 4094; x_wconf 88' lang='lat' dir='ltr'><strong>norunt</strong></span> <span class='ocrx_word' id='word_1_277' title='bbox 972 4029 1036 4093; x_wconf 92' lang='lat' dir='ltr'><strong>hoc</strong></span> <span class='ocrx_word' id='word_1_278' title='bbox 1060 4028 1204 4094; x_wconf 84' lang='lat' dir='ltr'><strong>validius</strong></span> <span class='ocrx_word' id='word_1_279' title='bbox 1231 4028 1409 4106; x_wconf 92' lang='lat' dir='ltr'><strong>mirantur,</strong></span> <span class='ocrx_word' id='word_1_280' title='bbox 1433 4027 1560 4094; x_wconf 90' lang='lat' dir='ltr'><strong>illustre</strong></span> 
     </span>
     <span class='ocr_line' id='line_1_40' title="bbox 385 4138 1558 4224; baseline 0.002 -22"><span class='ocrx_word' id='word_1_281' title='bbox 385 4140 515 4206; x_wconf 79' lang='lat' dir='ltr'><strong>llatavis</strong></span> <span class='ocrx_word' id='word_1_282' title='bbox 535 4140 742 4222; x_wconf 92' lang='lat' dir='ltr'><strong>praebuerint</strong></span> <span class='ocrx_word' id='word_1_283' title='bbox 755 4139 969 4224; x_wconf 86' lang='lat' dir='ltr'><strong>benignitatis</strong></span> <span class='ocrx_word' id='word_1_284' title='bbox 981 4153 1013 4204; x_wconf 90' lang='lat' dir='ltr'><strong>et</strong></span> <span class='ocrx_word' id='word_1_285' title='bbox 1024 4139 1216 4204; x_wconf 87' lang='lat' dir='ltr'><strong>nominatim</strong></span> <span class='ocrx_word' id='word_1_286' title='bbox 1229 4138 1306 4204; x_wconf 87' lang='lat' dir='ltr'><strong>fidei</strong></span> <span class='ocrx_word' id='word_1_287' title='bbox 1318 4138 1558 4206; x_wconf 89' lang='lat' dir='ltr'><strong>testimonium:</strong></span> 
     </span>
    </p>
   </div>
   <div class='ocr_carea' id='block_1_9' title="bbox 306 4250 1559 4344">
    <p class='ocr_par' dir='ltr' id='par_1_9' title="bbox 306 4250 1559 4344">
     <span class='ocr_line' id='line_1_41' title="bbox 306 4250 1559 4344; baseline -0.002 -28"><span class='ocrx_word' id='word_1_288' title='bbox 306 4341 307 4344; x_wconf 8' lang='grc' dir='ltr'><strong>Ἴ</strong></span> <span class='ocrx_word' id='word_1_289' title='bbox 384 4252 475 4333; x_wconf 91' lang='lat' dir='ltr'><strong>quod</strong></span> <span class='ocrx_word' id='word_1_290' title='bbox 493 4250 604 4317; x_wconf 89' lang='lat' dir='ltr'><strong>literae</strong></span> <span class='ocrx_word' id='word_1_291' title='bbox 623 4267 754 4318; x_wconf 91' lang='lat' dir='ltr'><strong>senatus</strong></span> <span class='ocrx_word' id='word_1_292' title='bbox 770 4266 802 4316; x_wconf 93' lang='lat' dir='ltr'><strong>et</strong></span> <span class='ocrx_word' id='word_1_293' title='bbox 819 4250 974 4334; x_wconf 86' lang='lat' dir='ltr'><strong>praefecti</strong></span> <span class='ocrx_word' id='word_1_294' title='bbox 993 4250 1208 4317; x_wconf 90' lang='lat' dir='ltr'><strong>Malaccensis</strong></span> <span class='ocrx_word' id='word_1_295' title='bbox 1233 4265 1265 4316; x_wconf 87' lang='lat' dir='ltr'><strong>et</strong></span> <span class='ocrx_word' id='word_1_296' title='bbox 1291 4251 1385 4335; x_wconf 89' lang='lat' dir='ltr'><strong>ejus,</strong></span> <span class='ocrx_word' id='word_1_297' title='bbox 1413 4251 1470 4332; x_wconf 93' lang='lat' dir='ltr'><strong>qui</strong></span> <span class='ocrx_word' id='word_1_298' title='bbox 1489 4250 1559 4317; x_wconf 87' lang='lat' dir='ltr'><strong>vic-</strong></span> 
     </span>
    </p>
   </div>
   <div class='ocr_carea' id='block_1_10' title="bbox 382 4361 1559 4560">
    <p class='ocr_par' dir='ltr' id='par_1_10' title="bbox 382 4361 1559 4560">
     <span class='ocr_line' id='line_1_42' title="bbox 382 4361 1559 4446; baseline 0 -20"><span class='ocrx_word' id='word_1_299' title='bbox 382 4377 433 4427; x_wconf 91' lang='lat' dir='ltr'><strong>tae</strong></span> <span class='ocrx_word' id='word_1_300' title='bbox 466 4361 541 4426; x_wconf 91' lang='lat' dir='ltr'><strong>navi</strong></span> <span class='ocrx_word' id='word_1_301' title='bbox 570 4361 777 4445; x_wconf 86' lang='lat' dir='ltr'><strong>praefuerat,</strong></span> <span class='ocrx_word' id='word_1_302' title='bbox 802 4362 914 4428; x_wconf 94' lang='lat' dir='ltr'><strong>libello</strong></span> <span class='ocrx_word' id='word_1_303' title='bbox 933 4377 1046 4428; x_wconf 89' lang='lat' dir='ltr'><strong>nostro</strong></span> <span class='ocrx_word' id='word_1_304' title='bbox 1068 4363 1233 4446; x_wconf 87' lang='lat' dir='ltr'><strong>subjectae</strong></span> <span class='ocrx_word' id='word_1_305' title='bbox 1255 4363 1445 4444; x_wconf 90' lang='lat' dir='ltr'><strong>loquentur.</strong></span> <span class='ocrx_word' id='word_1_306' title='bbox 1490 4362 1559 4426; x_wconf 92' lang='lat' dir='ltr'><strong>De-</strong></span> 
     </span>
     <span class='ocr_line' id='line_1_43' title="bbox 383 4472 1553 4560; baseline 0.003 -25"><span class='ocrx_word' id='word_1_307' title='bbox 383 4472 483 4554; x_wconf 90' lang='lat' dir='ltr'><strong>nique</strong></span> <span class='ocrx_word' id='word_1_308' title='bbox 502 4495 615 4540; x_wconf 90' lang='lat' dir='ltr'><strong>verum</strong></span> <span class='ocrx_word' id='word_1_309' title='bbox 636 4489 684 4538; x_wconf 91' lang='lat' dir='ltr'><strong>est</strong></span> <span class='ocrx_word' id='word_1_310' title='bbox 704 4474 795 4556; x_wconf 92' lang='lat' dir='ltr'><strong>quod</strong></span> <span class='ocrx_word' id='word_1_311' title='bbox 813 4473 979 4560; x_wconf 71' lang='lat' dir='ltr'><strong>Lusitani,</strong></span> <span class='ocrx_word' id='word_1_312' title='bbox 1001 4494 1018 4537; x_wconf 91' lang='lat' dir='ltr'><strong>a</strong></span> <span class='ocrx_word' id='word_1_313' title='bbox 1041 4472 1214 4539; x_wconf 87' lang='lat' dir='ltr'><strong>Warwicii</strong></span> <span class='ocrx_word' id='word_1_314' title='bbox 1235 4473 1375 4539; x_wconf 90' lang='lat' dir='ltr'><strong>navibus</strong></span> <span class='ocrx_word' id='word_1_315' title='bbox 1395 4473 1553 4556; x_wconf 88' lang='lat' dir='ltr'><strong>superati,</strong></span> 
     </span>
    </p>
   </div>
   <div class='ocr_carea' id='block_1_11' title="bbox 0 0 1778 5654">
    <p class='ocr_par' dir='ltr' id='par_1_11' title="bbox 0 0 1778 5654">
     <span class='ocr_line' id='line_1_44' title="bbox 0 0 1778 5654; baseline 0 4"><span class='ocrx_word' id='word_1_316' title='bbox 0 0 1778 5654; x_wconf 95' lang='lat' dir='ltr'><strong> </strong></span> 
     </span>
    </p>
   </div>
  </div>
 </body>
</html>
