3546 5654
399 638 459 699 182
714 650 762 700 uu
785 652 878 720 Just
904 651 1090 698 arnamar.
1116 651 1198 698 car.
1223 644 1275 700 xr'.

395 805 527 887 quidem
552 805 681 872 liatavis
704 807 879 872 videbatur
898 819 1088 888 apparatus:
1117 819 1278 871 caeterum
1298 820 1336 871 ut
1355 804 1462 872 exitus
1482 826 1571 872 com·

394 917 548 999 probavit
570 918 732 984 exereitus
754 915 894 984 hostilis.
918 914 1142 983 Praemittitur
1154 916 1306 982 Rasalata
1318 918 1569 1000 exploraturus,

394 1027 557 1110 numquid
579 1027 747 1094 inimicum
771 1026 900 1094 Batavis
921 1025 1142 1094 suboluisset:
1165 1026 1257 1093 videt
1277 1027 1385 1093 omnia
1405 1047 1447 1092 ex
1468 1043 1569 1108 vot0,

395 1154 528 1224 rogatus
559 1160 687 1206 manere
718 1139 882 1206 renititur.
926 1139 995 1204 Vix
1027 1153 1095 1204 erat
1125 1138 1286 1221 emissus,
1310 1159 1385 1204 cum
1409 1139 1569 1204 adunam

394 1250 528 1317 navium
562 1250 863 1335 (Amstelodamum
886 1250 1085 1333 vocabatur)
1115 1249 1279 1316 Sabander
1302 1249 1493 1315 Cidaeensis
1517 1269 1569 1314 ac·
1633 1321 1638 1330 ,

395 1361 505 1443 cedit,
537 1382 574 1427 ac
607 1360 719 1428 subito
750 1362 905 1446 magistro
929 1360 1022 1426 navis
1044 1359 1209 1444 Reginero
1232 1359 1404 1426 Verhellio
1428 1361 1570 1444 gratula-

395 1472 538 1538 bundam
568 1471 736 1555 praebenti
768 1472 954 1553 dexteram,
990 1471 1023 1536 in
1056 1471 1195 1553 speciem
1219 1485 1251 1536 et
1274 1470 1343 1553 ipse
1366 1470 1568 1553 compositus

396 1583 569 1650 salutantis
601 1584 687 1667 (non
719 1585 790 1649 sola
821 1583 997 1666 Aegyptus
1021 1580 1197 1664 Septimios
1220 1581 1296 1666 alit)
1319 1581 1418 1648 sicam
1442 1580 1568 1666 infigit:

396 1695 582 1777 pariterque
614 1695 731 1760 caeteri
763 1694 885 1760 conscii
916 1693 1048 1759 sceleris
1082 1692 1210 1778 ignaros
1235 1707 1267 1758 et
1289 1693 1439 1760 incautos
1472 1712 1570 1774 super

395 1804 489 1871 navis
510 1806 655 1871 tabulata
673 1805 847 1871 trucidant.
870 1807 959 1870 Inter
969 1804 1182 1870 obtruncatos
1192 1803 1359 1888 Johannes
1370 1802 1570 1885 Scellingius
1587 1826 1589 1829 ·

396 1930 495 1981 nauta
518 1929 550 1980 et
572 1915 735 2000 Aegidius
757 1915 975 1982 Valkenerius
997 1913 1106 1980 etalii
1129 1934 1247 1981 novem
1260 1913 1417 1994 fuerunt,
1440 1928 1569 1996 praeter

396 2045 453 2091 eos
481 2026 539 2110 qui
567 2025 700 2092 fallente
728 2026 797 2092 ictu
825 2026 961 2094 sauciati
984 2041 1111 2092 tantum
1130 2038 1232 2091 erant.
1277 2025 1323 2090 Et
1346 2039 1439 2108 capta
1461 2023 1569 2090 fuerat

282 2215 286 2235 Ι
395 2138 513 2218 navis,
535 2137 569 2202 ni
592 2137 740 2204 homines
762 2137 941 2218 tredecim,
964 2157 1038 2221 pars
1061 2156 1177 2222 magna
1198 2135 1262 2219 jam
1285 2137 1358 2202 ante
1378 2135 1489 2220 aegri,
1513 2136 1568 2199 de·

394 2269 545 2316 sccnsum
577 2249 611 2315 in
634 2249 773 2315 carinam
805 2248 1058 2331 praeclusissem
1089 2247 1297 2330 explosisquc
1321 2246 1479 2312 machinis
1499 2261 1568 2312 turn
1605 2247 1607 2250 ’

395 2360 454 2442 qui
475 2379 625 2444 suprema
646 2361 822 2440 tenebant,
847 2373 916 2426 turn
939 2379 994 2425 eos
1007 2358 1065 2441 qui
1078 2360 1163 2424 latus
1176 2358 1354 2424 ambierant
1365 2377 1422 2440 pet
1433 2358 1569 2422 vulnera

395 2492 431 2538 ac
455 2492 606 2556 pavorem
631 2473 774 2557 egissent
795 2471 829 2537 in
851 2491 957 2536 mare:
982 2469 1074 2552 quod
1096 2483 1166 2534 turn
1186 2467 1284 2534 saluti
1303 2466 1391 2548 fuit,
1416 2486 1568 2533 accusan-

286 2587 290 2599 “
395 2583 484 2648 tibus
515 2582 636 2648 frustra
666 2581 834 2649 Lusitanis
865 2580 1075 2648 barbarorum
1102 2579 1375 2662 imprudentiam,
1398 2577 1455 2660 qui
1476 2593 1569 2660 capta

237 2918 307 2962 Anno
322 2933 331 2963 r

237 2971 260 3016 d.
274 2973 335 3034 Sept.
349 2989 382 3020 ιι.

396 2694 511 2761 callide
533 2693 670 2760 consilia
689 2692 789 2759 nimia
809 2691 1021 2758 festinatione
1045 2690 1277 2773 corrupissent.
1322 2691 1442 2754 Fuerat
1462 2704 1568 2754 tamen

396 2819 486 2870 tanta
512 2807 640 2886 clades,
675 2819 711 2870 ut
729 2804 875 2871 virorum
895 2803 1032 2886 penuria
1051 2816 1168 2867 nautae
1190 2820 1258 2866 earn
1280 2820 1394 2868 navem
1415 2800 1569 2867 nudatam

334 2930 382 2976 ⁵9⁹
396 2918 540 2983 deserere
560 2931 766 3000 cogerentur.
810 2916 866 2981 Ab
890 2913 1063 2980 Hollandis
1086 2911 1126 2978 ad
1150 2913 1336 2994 Zelandos,
1364 2911 1482 2996 eJava
1502 2911 1570 2977 Ta·

395 3030 561 3111 probanen
588 3027 780 3106 veniamus,
805 3045 873 3107 quo
897 3045 996 3090 naves
1016 3025 1100 3090 duae
1120 3021 1284 3106 praefecto
1306 3043 1402 3104 quem
1427 3023 1569 3088 diximus

397 3140 611 3205 Houtmanno
644 3139 850 3220 appulerunt.
896 3132 978 3202 Erat
1009 3135 1042 3200 in
1076 3137 1150 3200 aula
1172 3133 1353 3202 Achinensi
1376 3134 1570 3216 Alphonsus

396 3249 451 3314 ille
485 3247 708 3328 Vincentius,
741 3247 840 3313 homo
875 3245 970 3312 etiam
1005 3245 1089 3311 inter
1115 3245 1293 3310 Lusitanos
1318 3243 1569 3328 malignissimae

397 3359 607 3440 calliditatis,
641 3358 699 3440 qui
731 3378 806 3425 curn
840 3357 911 3422 aliis
935 3356 1104 3423 Lusitanis
1127 3356 1161 3422 in
1183 3355 1434 3426 familiaritatem
1458 3355 1569 3422 Hout-

395 3471 505 3537 manni
535 3471 673 3554 ejusque
703 3469 860 3535 comitum
895 3467 1037 3550 irrepsit.
1083 3466 1279 3536 Ostentabat
1308 3467 1393 3536 enim
1423 3486 1458 3534 se
1478 3466 1568 3548 illis,

397 3581 492 3664 quasi
514 3579 616 3665 gratia
636 3580 724 3663 apud
741 3599 850 3664 regern
870 3580 994 3645 valeret
1015 3593 1216 3661 possentque
1241 3596 1293 3643 res
1313 3577 1443 3646 illorum
1467 3576 1569 3643 Achi-

395 3692 552 3759 nensibus
580 3711 615 3758 se
643 3690 839 3757 conciliante
867 3689 1096 3756 commendari.
1140 3689 1305 3771 Adeoque
1323 3689 1467 3771 impense
1486 3689 1569 3753 hanc

335 3834 337 3838 ·
396 3823 527 3888 operam
548 3793 808 3883 simulabat,'ut
827 3801 991 3868 Zelandos
1010 3819 1258 3882 nonnumquam
1276 3799 1310 3866 in
1331 3802 1435 3868 aulam
1446 3799 1569 3882 produ-

397 3931 506 3998 ceret,
540 3915 635 3981 etiam
668 3914 805 3982 consilia
834 3913 991 3996 quaedam
1018 3911 1106 3996 regis
1135 3914 1229 3978 velut
1248 3931 1382 3990 arcana,
1406 3911 1465 3977 sed
1485 3930 1569 3992 quae

396 4028 562 4111 corruptis
593 4026 792 4110 primoribus
824 4039 978 4108 potuerat
1006 4023 1180 4104 didicisse,
1205 4043 1278 4088 curn
1303 4021 1368 4089 illis
1389 4021 1570 4088 communi-

396 4154 493 4205 caret.
538 4139 672 4203 Interim
695 4136 913 4222 negotiatores
937 4134 1057 4202 ibidem
1080 4148 1242 4200 morantes
1266 4132 1422 4216 instigat,
1446 4131 1570 4214 quippe

396 4249 562 4331 corrumpi
585 4248 651 4314 illis
675 4262 845 4330 quaestum
865 4267 953 4313 nova
971 4245 1169 4313 licitantium
1193 4243 1387 4312 accessione.
1432 4241 1570 4327 instigat

396 4376 428 4426 et
441 4361 659 4440 Sabandrum,
678 4359 847 4424 Abdulum
857 4357 988 4425 nomine
1002 4371 1035 4424 et
1047 4357 1230 4424 Corconem
1242 4356 1382 4425 scribam
1395 4354 1569 4439 ipsumque

363 4457 366 4460 ¹
394 4493 501 4560 regern
534 4472 744 4538 monstrando
774 4471 946 4554 opulentas
964 4488 1062 4537 naves
1083 4483 1115 4534 et
1133 4466 1258 4536 facilem
1278 4468 1447 4551 praedam:
1471 4466 1566 4534 etiam
