3536 5692
387 656 450 738 336
685 673 732 718 na
754 673 848 737 June
875 672 1251 720 immaniinmanu.

428 829 477 893 At
494 825 578 891 forte
597 840 748 892 manente
769 826 1115 911 bello,redintegratis
1129 848 1203 892 cum
1223 831 1318 893 hoste
1330 832 1555 913 commerciis,

384 952 507 1003 metuat
536 937 655 1019 aliquis
684 957 725 1002 ne
753 956 804 1002 res
828 956 906 1003 suae
926 938 985 1003 hac
1009 938 1048 1003 de
1069 959 1165 1004 causa
1186 939 1404 1008 detineantur.
1451 945 1556 1029 Quasi

384 1070 463 1115 vero
496 1069 562 1114 non
595 1064 768 1131 antequam
801 1049 880 1114 haec
904 1048 1019 1116 lierent
1045 1050 1129 1116 idem
1152 1049 1265 1116 fecerit
1282 1052 1475 1136 Hispanus,
1500 1070 1558 1120 aut

383 1181 472 1226 novo
507 1162 570 1226 boc
599 1175 772 1242 praetextu
803 1175 905 1245 egeat.
960 1161 1129 1227 Praeterea
1162 1183 1229 1228 non
1265 1163 1343 1229 satis
1378 1165 1475 1230 video
1498 1187 1557 1231 cur

384 1273 581 1354 quisquam,
604 1272 657 1337 cui
678 1271 790 1338 Indica
811 1271 991 1356 negotiatio
1013 1287 1138 1340 tanturn
1161 1273 1256 1340 affert
1277 1289 1309 1339 et
1331 1277 1406 1358 plus
1428 1265 1462 1341 in
1486 1277 1578 1342 dies·

384 1398 527 1449 ostentat
555 1383 766 1466 compendii,
790 1386 921 1450 alteram
945 1385 1032 1450 illam
1055 1385 1147 1450 malit
1171 1400 1222 1450 tot
1241 1387 1397 1468 periculis
1426 1403 1458 1453 et
1478 1390 1557 1454 hos-

383 1494 465 1560 tium
489 1494 630 1560 malitiae
660 1496 846 1561 obnoxiam.
893 1497 966 1561 Aut
986 1497 1128 1578 denique
1151 1499 1294 1563 eundum
1316 1518 1382 1563 non
1405 1514 1476 1582 est,
1501 1517 1558 1566 aut

280 1657 284 1667 .
382 1619 452 1671 tum
480 1605 610 1671 demum
644 1607 787 1672 eundum
818 1623 889 1687 est,
913 1627 988 1672 curn
1012 1608 1151 1690 Hispani
1170 1608 1366 1675 Batavorum
1390 1612 1553 1678 mercibus

382 1737 490 1782 carere
513 1737 579 1783 non
602 1732 767 1800 poterunt.
812 1718 943 1807 Quodsi
966 1735 1073 1785 tamen
1106 1719 1147 1784 ad
1175 1735 1318 1786 veterem
1339 1721 1460 1788 redibit
1481 1743 1552 1804 per-

382 1827 517 1910 fidiam,
542 1848 607 1893 non
631 1830 710 1895 haec
729 1829 962 1896 mercatoribus
986 1831 1148 1896 scribetur
1172 1831 1266 1912 dica,
1291 1833 1384 1914 quod
1403 1834 1548 1915 praedam

381 1939 570 2021 possideant
602 1940 698 2024 (quis
726 1940 810 2005 eninr
846 1941 986 2024 partitus
1005 1942 1083 2022 sit,
1118 1942 1196 2024 quis
1218 1958 1331 2009 contra
1354 1943 1550 2010 recusaverit

381 2051 449 2116 illic
471 2051 546 2116 sciri
567 2072 633 2119 non
655 2054 800 2137 potest),
824 2053 881 2118 sed
904 2053 996 2134 quod
1020 2068 1133 2117 contra
1155 2054 1300 2120 edictum
1323 2054 1408 2138 regis
1432 2055 1550 2138 Hispa·

381 2162 453 2228 niae
485 2183 559 2229 curn
590 2163 680 2230 Indis
707 2162 962 2248 negotiationem
996 2164 1208 2230 exercuerint.
1254 2165 1347 2252 Quid
1376 2165 1488 2244 enirn?
1513 2185 1551 2231 an

380 2273 544 2340 nescimus
567 2276 606 2341 ab
631 2275 780 2358 Hispano
799 2275 982 2358 proscripta
1004 2288 1072 2340 esse
1094 2276 1225 2342 nomina
1247 2296 1380 2357 eorum,
1396 2277 1455 2359 qui
1474 2277 1552 2342 huic

379 2401 576 2452 mercaturae
605 2385 762 2469 praefecti
792 2387 896 2452 sunt?
937 2407 1043 2468 neque
1076 2402 1145 2453 tum
1178 2408 1339 2453 caraccam
1373 2403 1549 2470 ceperant3

380 2497 440 2562 sed
469 2499 596 2562 tantum
631 2498 679 2563 illi
711 2498 828 2582 capital
856 2499 964 2564 visum
998 2513 1047 2564 est
1068 2498 1256 2564 cumlndis
1280 2500 1443 2565 celebrare
1464 2519 1552 2564 com·

380 2609 521 2690 mercia,
554 2624 593 2675 ut
626 2629 723 2692 quarn
747 2630 884 2692 poenam
906 2609 946 2675 de
968 2609 1159 2676 hominibus
1181 2630 1311 2675 sumere
1328 2629 1394 2674 non
1415 2609 1549 2692 potuit,

234 2723 449 2822 'iffaacbeam
491 2741 556 2803 qua
589 2720 725 2786 maxime
757 2720 868 2804 potuit
903 2720 1081 2804 ignominia
1114 2721 1367 2787 adumbraverit.
1434 2722 1549 2803 Atque
1628 2757 1634 2768 ·

234 2777 366 2876 malm·
380 2832 475 2898 etiam
507 2833 644 2915 praedae
676 2832 781 2914 ipsius
809 2832 965 2914 nomine,
1001 2832 1027 2898 si
1062 2831 1232 2897 manifeste
1265 2832 1388 2916 injusta
1418 2832 1484 2914 sit,
1514 2847 1551 2897 ut

228 2893 304 2998 mc.
315 2884 365 2930 HL
378 2942 465 3010 forte
497 2943 653 3026 Hispanis
684 2942 789 3009 videri
810 2943 955 3026 poterit,
978 2963 1045 3010 non
1068 2944 1142 3009 illos
1168 2945 1327 3010 duntaxat
1355 2945 1456 3010 teneri
1492 2943 1549 3026 qui

376 3069 615 3138 perceperunt,
649 3056 706 3120 sed
737 3074 849 3120 omnes
873 3069 1024 3122 auctores
1044 3069 1143 3137 atque
1163 3075 1337 3136 suasores,
1362 3056 1548 3138 etquidem

378 3165 412 3232 in
443 3167 609 3246 solidum,
645 3181 676 3232 et
703 3187 742 3231 ex
774 3170 884 3260 regula
906 3167 1154 3233 restitutionum
1186 3182 1218 3232 et
1238 3161 1548 3258 jurisconsultorum

378 3277 571 3343 auctoritate
590 3292 788 3344 monstratur
813 3291 837 3344 ¹.
884 3279 1033 3362 Hispano
1058 3278 1160 3364 igitur
1180 3277 1348 3362 judicante
1369 3298 1443 3342 curn
1466 3277 1549 3342 nihil

377 3387 421 3453 sit
440 3387 664 3476 impunitum,
689 3408 755 3454 non
777 3403 826 3454 est
844 3408 903 3455 cur
924 3389 999 3471 quis
1023 3391 1087 3454 hoc
1107 3409 1210 3456 unum
1232 3389 1334 3473 magis
1355 3409 1453 3470 quarn
1478 3409 1549 3454 cae-

378 3514 445 3564 tera
478 3498 654 3565 formidet:
690 3499 772 3583 quin
804 3499 837 3564 in
872 3521 910 3566 eo
932 3501 1044 3584 potius
1065 3501 1299 3580 laborandum,
1333 3521 1373 3564 nc
1393 3499 1435 3565 ad
1457 3499 1547 3565 illum

378 3631 533 3693 umquam
561 3610 717 3677 arbitrum
734 3611 912 3690 veniatur.
959 3611 1017 3678 Sin
1044 3627 1151 3678 autem
1171 3611 1316 3695 judicem
1336 3610 1549 3696 imaginamur

378 3742 445 3788 non
476 3723 625 3805 hostem,
658 3723 716 3789 sed
748 3737 897 3805 pacatum
933 3723 1075 3805 aliquem
1108 3722 1290 3805 Principem
1322 3725 1548 3806 populumve,

377 3833 518 3916 primurn
545 3854 650 3900 vanus
671 3849 720 3899 est
747 3834 801 3900 ille
818 3849 944 3912 metus,
968 3854 1043 3899 cum
1067 3834 1310 3918 pignerationes
1331 3834 1401 3900 sive
1424 3853 1549 3915 repres-

380 3945 479 4010 saliae
499 3964 679 4028 numquam
701 3945 923 4011 concedantur
941 3966 1051 4011 earum
1075 3966 1181 4011 rerum
1204 3945 1329 4029 gratia,
1358 3963 1440 4025 quae
1464 3945 1549 4007 inter

379 4057 535 4123 bellantes
563 4071 652 4122 actae
685 4070 771 4122 sunt.
826 4058 872 4122 Et
903 4055 1060 4139 quamdiu
1084 4058 1206 4122 bellum
1232 4055 1390 4140 injustum
1414 4070 1550 4119 nonest

378 4169 576 4234 declaratum
617 4170 748 4251 (contra
787 4167 976 4234 batavicum
1009 4183 1115 4234 autem
1151 4187 1245 4234 nemo
1277 4166 1550 4251 pronuntiavit),

412 4429 496 4492 ¹Jolt.
513 4431 598 4490 Lupus
624 4431 654 4477 de
673 4429 750 4477 bello.
769 4429 827 4486 §.si
851 4428 916 4476 benc
941 4431 1065 4478 advertas.
1099 4428 1177 4476 Wilh.
1203 4427 1293 4474 Matth.
1320 4425 1346 4472 in
1377 4439 1397 4472 1.
1425 4439 1478 4484 req.
1504 4425 1549 4472 sub

380 4520 461 4568 linem.
483 4524 571 4568 summ.
591 4522 653 4569 Ros.
673 4520 699 4567 in
718 4535 742 4568 v.
760 4521 866 4568 Bellum.
884 4533 909 4566 n.
927 4520 950 4565 6.
