3546 5654
532 657 579 702 DE
603 657 697 722 JURE
724 656 909 704 PRAEDAE·
937 657 1019 703 ΟΜ).
1045 657 1110 702 x11.
1347 663 1408 726 233

240 810 399 892 possideri
428 813 481 876 vel
501 809 595 893 quasi
613 809 773 893 possideri
796 825 966 892 nequeunt
986 817 1022 891 ¹,
1042 825 1075 876 et
1098 829 1238 892 quorum
1258 811 1410 881 alienatio

240 921 404 1004 prohibita
427 936 477 986 ost
497 917 518 987 ².
558 921 648 986 Haec
670 935 777 986 autem
799 921 907 987 omnia
922 921 962 986 de
979 898 1058 986 mari
1080 936 1112 986 et
1132 941 1194 989 usu
1216 923 1312 989 maris
1334 946 1411 991 vere

239 1033 404 1099 dicuntur.
457 1032 502 1098 Et
534 1053 607 1098 cum
640 1032 789 1115 publicae
821 1053 896 1114 res,
929 1034 992 1098 hoc
1025 1047 1074 1100 est
1104 1033 1219 1115 populi
1246 1034 1410 1119 alicujus,

238 1147 328 1211 nulla
358 1143 514 1228 temporis
543 1142 749 1227 possessione
781 1143 893 1225 quaeri
921 1163 1019 1227 posse
1042 1143 1192 1210 dicantur
1213 1145 1249 1226 ⁸,
1273 1145 1343 1211 sive
1367 1147 1410 1211 ob

238 1255 284 1321 rei
305 1270 475 1336 naturam,
500 1254 570 1322 sive
591 1255 634 1320 ob
656 1274 767 1320 eorum
790 1254 998 1340 privilegium
1023 1255 1179 1322 adversus
1209 1277 1294 1337 quos
1320 1277 1412 1340 prae-

240 1366 374 1449 scriptio
403 1365 465 1432 ista
485 1365 698 1448 procederet,
722 1381 845 1447 quanto
866 1365 990 1452 justius
1011 1367 1155 1433 humano
1180 1367 1290 1450 generi
1313 1389 1410 1451 quarn

238 1478 297 1543 uni
318 1479 444 1560 populo
466 1477 499 1542 id
520 1476 714 1542 beneficium
738 1477 879 1543 dandum
901 1476 965 1543 fuit
986 1477 1018 1542 in
1030 1478 1134 1544 rebus
1156 1479 1409 1546 communibus?

239 1590 285 1654 Et
305 1590 368 1654 hoc
394 1604 444 1654 est
469 1590 560 1671 quod
583 1587 781 1671 Papinianus
805 1594 817 1630 ⁴
840 1589 997 1672 scriptum
1021 1588 1181 1671 reliquit,
1204 1590 1412 1674 praescripti·

239 1721 334 1767 onem
349 1703 472 1786 longae
493 1699 709 1783 possessionis
729 1700 770 1764 ad
788 1700 967 1766 obtinenda
987 1702 1059 1767 loca
1079 1701 1164 1785 juris
1184 1701 1329 1785 gentium
1349 1723 1412 1786 pu·

239 1813 324 1879 blica
345 1812 480 1878 concedi
497 1831 563 1878 non
586 1813 714 1892 solere,
740 1813 877 1896 ejusque
899 1811 945 1878 rei
968 1814 1151 1896 exemplum
1165 1812 1265 1878 datin
1281 1813 1410 1895 littore,

239 1925 334 2008 qu'us
363 1943 437 2007 pars
460 1923 616 2007 imposito
637 1921 788 1990 aedilicio
811 1937 969 2006 occupata
992 1922 1115 1989 fuerat:
1142 1943 1215 1989 nam
1239 1945 1277 1990 eo
1301 1924 1411 1990 diruto

239 2052 273 2102 et
293 2035 427 2102 alterius
448 2033 597 2100 aedificio
619 2034 654 2100 in
676 2034 791 2100 eodem
815 2035 889 2100 loco
917 2049 1030 2117 postea
1053 2049 1221 2102 exstructo
1248 2036 1413 2120 exceptio-

238 2167 313 2214 nem
336 2146 458 2230 opponi
487 2167 553 2212 non
576 2165 690 2229 posse;
715 2145 807 2228 quod
837 2145 953 2211 deinde
977 2145 1191 2213 similitudine
1213 2146 1411 2230 reipublicae

239 2261 399 2326 illustrat:
423 2278 497 2322 narn
519 2271 551 2322 et
572 2256 601 2322 si
620 2256 695 2338 quis
717 2256 749 2320 in
774 2256 920 2346 fluminis
939 2256 1136 2323 diverticulo
1152 2258 1304 2341 pluribus
1319 2259 1412 2324 annis

239 2371 384 2452 piscatus
397 2368 459 2448 sit,
471 2381 585 2450 postea
604 2366 785 2449 interrupta
803 2365 930 2432 scilicet
945 2367 1127 2449 piscatione
1143 2370 1279 2434 alterum
1298 2369 1411 2434 eodem

236 2482 309 2564 jure
338 2479 514 2563 prohibere
540 2497 606 2544 non
629 2497 737 2561 posse.
781 2478 931 2561 Apparet
954 2478 1055 2563 igitur
1075 2480 1241 2564 Angelum
1263 2485 1275 2520 ⁵
1300 2481 1412 2563 etqui

239 2613 313 2658 curn
338 2592 469 2674 Angelo
489 2589 663 2670 dixerunt,
685 2589 824 2656 Venetis
845 2604 877 2654 et
896 2589 1119 2674 Januensibus
1136 2612 1194 2675 per
1204 2592 1412 2675 praescripti-

239 2724 334 2769 onem
355 2703 411 2786 jus
432 2701 568 2783 aliquod
587 2700 620 2766 in
642 2700 749 2766 sinum
774 2700 871 2766 maris
892 2721 954 2768 suo
976 2702 1080 2768 littori
1099 2705 1333 2788 praejacentem
1359 2725 1413 2770 ac-

239 2815 326 2898 quiri
346 2813 518 2898 potuisse,
541 2826 598 2878 aut
620 2811 688 2878 falli
711 2826 768 2878 aut
796 2811 930 2894 fallere,
956 2813 1047 2894 quod
1068 2833 1143 2880 sane
1167 2814 1412 2898 jurisconsultis

238 2926 375 2994 nimium
405 2939 454 2990 est
485 2922 662 3006 frequens,
696 2943 769 2988 cum
799 2939 928 2990 sanctae
948 2922 1163 3008 professionis
1185 2926 1410 2992 auctoritatem

238 3057 304 3104 non
324 3037 366 3104 ad
381 3036 522 3102 rationes
542 3051 575 3102 et
586 3037 692 3120 leges,
714 3035 771 3101 sed
780 3034 821 3101 ad
838 3036 972 3120 gratiam
988 3036 1164 3103 conferunt
1179 3037 1410 3121 potentiorum.

239 3149 325 3214 Nam
355 3147 516 3214 Marciani
546 3147 678 3228 quidem
710 3166 925 3230 responsum,
950 3147 989 3212 de
1021 3167 1089 3230 quo
1112 3163 1144 3214 et
1167 3163 1241 3216 ante
1261 3149 1411 3234 egimus,

239 3260 267 3326 si
289 3275 377 3326 recte
399 3280 473 3325 cum
496 3258 666 3342 Papiniani
684 3258 794 3324 verbis
813 3274 1041 3342 comparetur,
1064 3278 1130 3326 non
1153 3260 1248 3326 aliam
1266 3261 1411 3344 accipere

239 3387 349 3456 potest
378 3371 677 3454 interpretationem
710 3390 807 3452 quam
837 3391 926 3450 eam,
951 3391 1034 3453 quae
1058 3385 1091 3436 et
1110 3370 1253 3455 Johanni
1277 3373 1356 3438 olim
1380 3388 1412 3438 et

239 3485 370 3550 Baitolo
393 3485 530 3566 probata
561 3497 611 3548 est
634 3496 666 3547 et
689 3503 775 3547 nunc
796 3502 814 3548 a
838 3483 944 3549 doctis
965 3483 1118 3550 omnibus
1140 3481 1151 3522 ⁷
1175 3484 1349 3567 recipitur:
1374 3499 1412 3550 ut

238 3596 363 3662 scilicet
391 3596 447 3680 jus
478 3592 675 3678 prohibendi
706 3594 862 3677 procedat
891 3594 1049 3676 quamdiu
1084 3595 1179 3662 durat
1212 3595 1409 3679 occupati0,

271 3853 281 3884 ¹
305 3857 322 3901 l.
346 3853 410 3901 sine.
434 3851 459 3898 ff.
485 3864 516 3899 eo
531 3852 571 3899 tit.
589 3866 611 3899 c.
630 3853 684 3900 sine
701 3866 811 3912 possess.
829 3855 860 3902 de
877 3866 929 3913 reg.
946 3851 995 3909 jur.
1014 3851 1154 3916 [Decretal.
1173 3853 1198 3902 in
1216 3853 1252 3902 6⁰.
1272 3867 1294 3910 5.
1316 3869 1353 3902 ια.
1372 3855 1407 3917 3.]

237 3943 283 3992 ²1.
301 3942 463 3992 alienationis
488 3943 514 3991 ff.
539 3945 570 3991 cle
595 3942 668 3991 verb.
687 3941 752 4002 sign.
773 3944 818 4005 [D.
837 3955 876 3998 50·
898 3945 936 3992 16.
955 3943 1009 4004 28.]
1029 3946 1046 3991 1.
1064 3944 1085 3994 si
1104 3945 1216 3994 fundum.
1234 3945 1261 3992 ff.
1279 3948 1311 3994 de
1328 3946 1409 3994 fundo

237 4037 290 4084 dot.
310 4035 352 4098 [D.
372 4047 411 4090 23.
437 4044 460 4089 5.
489 4032 538 4096 16.]
575 4030 618 4079 ²1.
642 4033 819 4093 praescriptio.
838 4035 867 4082 C.
886 4036 917 4083 de
935 4047 1006 4093 oper.
1025 4034 1096 4094 publ.
1116 4035 1159 4096 [C.
1177 4037 1201 4082 8.
1224 4048 1261 4082 12.
1279 4036 1316 4096 6.]
1335 4038 1351 4083 1.
1371 4036 1409 4084 di·

236 4127 351 4187 ligenter.
367 4128 396 4173 C.
416 4127 447 4173 de
472 4127 639 4184 aquaeductu.
664 4124 707 4185 [C.
735 4137 773 4172 ιι.
796 4138 838 4184 42.
863 4123 901 4188 9.]
928 4127 945 4173 l.
970 4125 1046 4172 viam.
1063 4125 1089 4172 ff.
1108 4127 1138 4173 de
1156 4125 1199 4174 via
1216 4123 1286 4185 publ.
1305 4124 1350 4190 [D.
1368 4139 1409 4187 43.

239 4231 278 4266 ιι.
303 4218 338 4278 2.]
374 4216 385 4248 ⁴
409 4219 427 4264 l.
451 4219 496 4264 ult.
522 4215 548 4263 ff.
574 4217 605 4264 de
627 4229 699 4265 usuc.
722 4217 755 4262 D.
779 4229 821 4275 41.
839 4215 876 4276 3.]
912 4197 1012 4264 5οοίιι.
1031 4218 1088 4277 289.
1105 4217 1188 4264 thema
1204 4218 1255 4264 talc
1273 4229 1325 4266 est:
1343 4217 1410 4266 inter

237 4321 336 4356 caetera
353 4307 463 4368 capitula
480 4307 560 4368 pacis.
593 4305 603 4338 ⁶
622 4309 638 4354 l.
656 4305 677 4355 si
696 4307 837 4366 quisquam.
855 4307 879 4354 ff.
898 4308 929 4355 dc
947 4306 1001 4356 div.
1017 4319 1094 4367 temp.
1112 4321 1223 4368 praescr.
1234 4309 1278 4370 [D.
1286 4322 1326 4370 44.
1338 4321 1361 4366 3.
1371 4310 1407 4370 7.]

237 4398 247 4436 ⁷
265 4402 340 4447 Duar.
359 4401 390 4448 de
408 4413 479 4448 usuc.
497 4413 520 4448 c.
539 4412 562 4456 s.
581 4396 668 4455 cujac.
686 4400 718 4446 ad
736 4400 760 4447 d.
779 4400 796 4446 l.
814 4401 859 4446 ult.
878 4400 908 4446 tle
927 4412 997 4449 usuc.
1015 4399 1059 4458 [D.
1077 4412 1119 4459 41.
1137 4398 1172 4462 3.]
1193 4401 1295 4448 Donell.
1310 4401 1408 4448 Comm.

238 4493 297 4545 is.
315 4504 337 4537 c.
357 4503 396 4537 ιι.
