3546 5654
395 630 457 692 260
699 646 745 693 nr
768 646 862 711 June
889 641 1073 693 rannone·
1100 647 1269 694 cnr.x11.

393 798 664 886 congregativa!
684 802 720 864 iu
743 820 902 864 summam
926 804 1080 886 reputati
1095 800 1236 884 faciunt
1258 805 1441 869 universos.
1473 800 1568 868 Talis

395 924 444 976 est
474 909 529 975 illa
558 909 792 975 Lusitanorum
825 909 1089 992 pervicacissima
1111 912 1316 994 obstinatio,
1352 933 1418 995 qua
1441 929 1474 980 et
1496 915 1591 1002 uni-¹

393 1020 481 1088 versi
502 1034 534 1086 et
564 1020 685 1105 singuli
709 1023 774 1086 huc
804 1018 969 1101 fortunis,
993 1023 1058 1087 huc
1089 1023 1284 1105 corporibus
1307 1023 1436 1091 collatis
1458 1025 1569 1090 nitun-

393 1148 471 1213 tur,
494 1132 731 1214 nequisquam
754 1132 898 1198 Batavus
918 1131 952 1196 in
974 1133 1066 1197 India
1090 1148 1183 1199 tutus
1203 1133 1255 1199 sit.
1302 1135 1349 1199 Et
1368 1154 1484 1202 causae
1508 1136 1569 1220 igi-

394 1259 449 1311 tur
470 1243 690 1323 subfuerunt,
715 1257 747 1308 et
766 1243 814 1307 illi
835 1242 944 1308 meriti
965 1258 1004 1308 ut
1026 1244 1172 1310 hostium
1196 1265 1332 1310 nurnero
1358 1247 1566 1314 haberentur.
1667 1241 1675 1264 ‘

396 1356 432 1419 ln
455 1376 493 1421 eo
517 1354 689 1420 difficultas
711 1354 854 1434 residet,
880 1354 971 1436 quod
994 1375 1060 1420 non
1084 1355 1180 1422 facile
1202 1357 1341 1439 privatis
1360 1359 1569 1423 concedenda

250 1485 382 1585 {3235}
396 1467 528 1533 videtur
549 1486 711 1531 armorum
733 1466 970 1533 movendorum
994 1466 1100 1549 copia.
1146 1468 1211 1532 Sed
1234 1468 1491 1534 demonstratum
1512 1471 1570 1534 ha·
1638 1513 1643 1520 -

249 1595 270 1642 1.
297 1571 304 1584 '
375 1571 535 1666 bemus,
559 1593 722 1660 quatenus
741 1576 903 1660 judicium
923 1577 1034 1642 haberi
1054 1597 1121 1643 non
1145 1593 1278 1661 potest,
1303 1593 1438 1645 eatenus
1460 1580 1568 1662 priva-

397 1703 450 1756 tos
470 1689 591 1754 bellum
616 1685 733 1752 inferre
757 1706 823 1754 non
846 1687 1034 1769 prohiberi:
1059 1708 1158 1770 quare
1182 1710 1257 1754 cum
1285 1688 1431 1755 defectus
1449 1691 1568 1774 judicii

397 1815 446 1866 est
465 1798 666 1879 continuus,
690 1796 799 1863 omnia
816 1797 945 1880 privato
965 1798 1087 1879 licent,
1107 1819 1190 1881 quae
1211 1800 1283 1884 iure
1307 1801 1446 1867 naturali
1468 1802 1568 1868 licue-

396 1924 483 1977 runt.
528 1911 644 1992 Itaque
665 1908 813 1976 debitum
835 1909 932 1977 armis
951 1908 1037 1993 exigi
1058 1930 1154 1992 posse
1177 1929 1290 1976 omnes
1314 1910 1465 1978 fatentur.
1494 1913 1568 1979 Nos

397 2041 437 2086 ex
466 2019 716 2104 prudentiorum
748 2019 883 2086 arbitrio
906 2020 1091 2087 addidimus
1114 2021 1209 2086 etiam
1230 2021 1460 2104 punitionem,
1485 2044 1568 2105 quae

396 2133 437 2198 ad
457 2132 605 2217 justitiae
625 2152 768 2197 normam
793 2131 971 2213 adaequata
994 2132 1056 2211 sit,
1079 2133 1137 2197 tali
1157 2133 1264 2214 specie
1284 2133 1486 2200 necessitatis
1502 2153 1568 2200 non

397 2244 630 2330 denegandam.
690 2242 858 2317 Continua
889 2257 997 2309 autem
1029 2243 1151 2328 iudicis
1177 2243 1314 2326 penuria
1346 2244 1400 2310 hic
1434 2244 1567 2326 quidem

397 2354 533 2421 evidens
562 2370 621 2420 est.
666 2355 735 2420 Res
758 2353 823 2420 fere
847 2373 981 2436 omnes,
1005 2375 1044 2419 ex
1077 2354 1201 2436 quibus
1224 2356 1346 2420 bellum
1370 2355 1434 2420 hoc
1458 2371 1567 2420 ortum

251 2489 326 2548 supra
344 2488 384 2532 au
397 2481 469 2547 est,
502 2465 536 2532 in
567 2466 639 2548 ipso
672 2485 794 2532 oceano
827 2465 1048 2550 contigerunt.
1095 2467 1133 2531 In
1166 2485 1289 2532 oceano
1317 2481 1423 2532 autem
1445 2468 1567 2532 nullam

251 2554 300 2603 'ap'
398 2596 467 2642 esse
484 2576 647 2659 propriam
667 2591 817 2659 respectu
840 2575 904 2641 loci
925 2575 1188 2660 iurisdictionem
1213 2590 1324 2657 recte,
1348 2595 1386 2642 ut
1406 2577 1567 2658 arbitror,

398 2687 639 2753 affirmavimus.
665 2685 754 2752 Tum
778 2686 805 2751 si
829 2706 895 2768 qua
916 2701 1022 2766 esset,
1043 2707 1079 2752 ea
1094 2701 1178 2754 esset
1189 2687 1345 2753 Indorum
1361 2688 1567 2771 Principum,

398 2798 456 2882 qui
488 2819 547 2866 nec
571 2800 689 2865 volunt
710 2818 827 2864 causae
851 2797 1049 2878 immisceri,
1072 2818 1132 2863 nec
1156 2819 1181 2864 a·
1195 2799 1362 2864 Lusitanis
1384 2814 1422 2864 ut
1440 2800 1567 2884 judices

398 2925 633 2996 agnoscuntur.
658 2909 743 2975 Loci
767 2909 869 2993 igitur
892 2908 1017 2976 ratione
1030 2910 1199 2993 quajure,
1222 2929 1287 2992 qua
1303 2909 1391 2976 facto
1406 2911 1568 2995 judicium

397 3021 521 3088 deficit.
568 3022 736 3104 Respectu
756 3039 994 3103 personarum,
1018 3041 1092 3086 curn
1114 3041 1164 3085 res
1186 3021 1270 3086 inter
1294 3021 1474 3088 Lusitanos
1495 3042 1567 3088 ver-

396 3148 487 3199 setur
510 3147 542 3198 et
563 3133 727 3214 batavos,
759 3131 860 3216 judex
881 3131 967 3197 alius
989 3151 1145 3198 essenon
1169 3131 1303 3215 potuit,
1338 3153 1434 3214 quam
1456 3151 1568 3214 respu-

397 3244 483 3309 blica
522 3243 735 3336 Princepsve¹
754 3243 1013 3324 Lusitanorum,
1057 3256 1114 3309 aut
1143 3243 1327 3325 respublica
1361 3243 1568 3310 batavorum.

396 3354 600 3438 Respublica
622 3369 656 3421 et
676 3354 830 3438 Princeps
852 3355 1086 3421 Lusitanorum
1110 3354 1233 3437 priores
1260 3354 1323 3437 ipsi
1347 3355 1478 3421 Batavis
1501 3373 1568 3419 non

396 3481 523 3532 tantum
553 3466 704 3551 iniuriam
727 3467 859 3549 publice
883 3465 1053 3547 fecerunt,
1078 3465 1135 3532 sed
1159 3481 1190 3530 et
1211 3467 1334 3531 bellum
1359 3467 1567 3545 intulerunt,

398 3598 466 3660 quo
498 3576 584 3642 facto
615 3592 744 3643 constat
774 3578 922 3644 amissam
949 3576 1118 3661 judicandi
1140 3592 1351 3659 potestatem:
1375 3592 1412 3643 ut
1432 3578 1498 3661 jam
1521 3591 1569 3641 ta·

397 3710 484 3754 ceam
505 3705 582 3773 post
603 3704 691 3756 tanta
714 3689 868 3773 perfidiae
889 3690 1058 3771 exempla,
1082 3708 1156 3753 cum
1181 3688 1333 3755 Lusitani
1345 3687 1569 3773 legatisbata·

398 3821 514 3868 vorum
537 3822 579 3868 ne
603 3823 643 3868 ex
666 3801 818 3869 condicto
843 3800 976 3882 quidem
997 3813 1187 3882 parcerent,
1208 3802 1282 3884 iure
1305 3819 1433 3865 omnem
1456 3799 1496 3864 ad
1513 3819 1569 3863 eos

398 3932 563 3979 accessum
595 3912 761 3979 formidari
794 3913 953 3996 potuisse.
997 3910 1157 3977 Adeunda
1179 3910 1279 3995 igitur
1302 3910 1368 3976 suit
1386 3909 1572 3993 respublica

398 4023 620 4106 batavorum,
656 4025 747 4106 quod
781 4023 850 4088 lieri
882 4039 949 4089 non
982 4023 1094 4106 potuit
1127 4023 1170 4087 ob
1201 4022 1389 4086 immensam
1422 4024 1569 4087 locorum

397 4136 595 4203 distantiam.
641 4136 721 4203 Non
741 4151 965 4202 momentanea
985 4134 1086 4219 igitur
1107 4133 1164 4199 sed
1182 4133 1341 4197 continua
1360 4147 1392 4198 et
1413 4146 1572 4215 perpetua

395 4247 512 4332 judicii
537 4247 673 4330 penuria
692 4245 781 4328 fuit,
810 4247 948 4313 maxime
968 4245 996 4313 si
1016 4265 1121 4311 rerum
1145 4245 1232 4327 apud
1254 4244 1354 4309 Indos
1384 4259 1570 4327 gestarum,

250 4401 291 4445 E,
312 4401 383 4446 conca
397 4359 441 4442 ita
470 4375 508 4426 ut
538 4351 613 4426 loco
645 4374 677 4425 et
709 4374 854 4442 tempore
886 4359 1085 4446 cohaerent,
1120 4356 1234 4422 seriem
1257 4369 1356 4436 atque
1379 4369 1570 4421 contextum

251 4455 384 4569 ffl'ssffss
398 4473 651 4538 consideremus.
697 4472 798 4556 Quod
829 4471 855 4535 si
889 4471 1010 4534 bellum
1036 4470 1161 4552 justum
1184 4467 1265 4546 fuit,
1293 4482 1450 4548 quantum
1476 4467 1508 4532 in
1530 4487 1570 4531 eo
