3530 5656
380 683 411 722 vv
862 677 1045 721 PRAEFATIO.

378 853 512 928 judicare
534 864 648 927 posset,
669 853 833 911 accuratius
855 851 1087 926 investigandum
1109 852 1206 911 fuisse.
1248 852 1317 910 Post
1342 852 1551 926 Visscringium

380 959 417 1016 V.
444 959 492 1016 Cl.
520 957 560 1015 R.
590 956 726 1015 Fruinius
754 957 852 1014 Grotii
880 957 986 1014 librum
1015 959 1149 1030 perlegit.
1199 957 1277 1015 Huic
1306 959 1386 1015 nulla
1405 955 1551 1015 dubitatio

379 1074 525 1135 supererat
554 1073 583 1118 et
616 1059 849 1118 Commentarius
871 1062 991 1118 omnino
1009 1057 1135 1118 edendus
1154 1076 1213 1117 csse
1234 1058 1399 1118 videbatur.
1449 1061 1551 1133 Itaque

378 1166 448 1223 mihi
469 1165 610 1238 persuasit
631 1174 665 1222 ut
687 1164 823 1222 editionis
846 1180 943 1222 curam
965 1165 1149 1237 susciperem.
1190 1164 1254 1237 Ego
1275 1180 1290 1220 a
1312 1180 1342 1221 re
1364 1164 1473 1221 alienus
1491 1180 1549 1221 non

378 1285 473 1338 eram,
494 1267 542 1326 sed
564 1270 682 1327 illorum
704 1281 868 1342 temporum
890 1269 1028 1326 historiae
1046 1285 1105 1325 non
1127 1270 1250 1325 multum
1271 1283 1376 1341 operae
1397 1265 1550 1336 dederam,

377 1390 444 1430 cum
470 1384 565 1430 tamen
594 1374 708 1442 omnia,
730 1390 804 1445 quac
825 1370 931 1430 editori
953 1371 988 1430 de
1010 1373 1105 1445 operis
1126 1371 1239 1444 origine
1261 1383 1290 1429 et
1311 1372 1461 1444 scriptoris
1482 1388 1551 1429 con-

377 1478 441 1534 silio
462 1474 641 1534 observanda
662 1487 774 1545 essent,
795 1492 830 1533 eo
855 1467 1047 1550 pertinerent.
1078 1474 1119 1532 At
1141 1474 1279 1532 Fruinius
1298 1473 1328 1532 id
1349 1475 1419 1532 mihi
1442 1477 1550 1533 nullam

378 1581 537 1637 molestiam
564 1590 731 1636 creaturum
759 1577 855 1648 dixit,
884 1596 950 1638 cum
977 1581 1037 1653 ipse
1064 1578 1131 1635 libri
1160 1578 1308 1636 historiam
1338 1580 1551 1652 compositurus

379 1694 451 1740 esset
473 1684 502 1740 in
524 1686 680 1757 opusculO,
702 1681 782 1756 quod
803 1683 833 1740 in
855 1681 947 1740 diario
965 1684 1087 1756 Belgico
1110 1683 1195 1742 edere
1221 1681 1399 1752 intenderet,
1425 1681 1551 1756 indeque

379 1803 433 1859 ego
454 1788 568 1856 omnia,
588 1786 694 1860 quibus
716 1787 786 1843 mihi
808 1785 844 1844 ad
865 1787 1074 1860 praefationem
1095 1804 1169 1862 opus
1190 1798 1281 1858 esset,
1302 1787 1417 1845 haurire
1432 1804 1552 1862 possem.

379 1890 482 1963 Itaque
503 1889 640 1948 editionis
658 1906 755 1948 curam
779 1890 871 1947 libens
892 1891 1014 1964 suscepi.

419 1993 522 2050 Codex
555 1995 644 2067 ipsius
671 1995 799 2053 auctoris
819 2011 906 2051 manu
929 1994 1055 2068 scriptus
1078 2007 1107 2053 ct
1128 1997 1210 2068 prelo
1231 2007 1345 2068 paratus
1374 2005 1448 2052 erat:
1480 1993 1549 2051 mihi

378 2099 501 2156 ulterius
534 2098 607 2154 nihil
639 2097 802 2155 faciendum
829 2098 906 2167 fuit,
934 2115 1020 2171 quarn
1052 2110 1086 2156 ut
1112 2096 1158 2156 cdi
1187 2114 1331 2168 curarem,
1358 2115 1431 2170 quae
1462 2100 1551 2170 scrip-

379 2212 427 2258 tor
455 2202 516 2275 ipse
546 2200 668 2258 editioni
697 2199 877 2259 destinasset.
926 2202 989 2260 Hac
1012 2203 1041 2260 in
1070 2218 1101 2258 re
1125 2220 1211 2275 quam
1240 2203 1468 2260 accuratissimus
1493 2217 1551 2259 esse

379 2303 477 2363 studui
504 2316 533 2362 et
561 2306 633 2363 nihil
656 2307 784 2378 mutavi,
806 2308 929 2363 multum
952 2323 1056 2379 operae
1077 2303 1143 2362 dedi
1161 2318 1195 2364 ut
1216 2309 1279 2363 loca
1300 2323 1316 2364 a
1336 2306 1443 2362 Grotio
1463 2306 1552 2362 citata

379 2410 409 2467 in
431 2410 606 2482 scriptorum
629 2409 711 2466 libris
734 2411 930 2484 perquirerem
953 2421 982 2467 et
1004 2410 1181 2467 conferrem:
1204 2407 1252 2466 sed
1274 2425 1333 2465 non
1349 2425 1446 2466 omnes
1462 2407 1551 2464 libros

379 2511 414 2570 ad
435 2530 548 2571 manum
572 2513 670 2571 habui.
709 2514 773 2587 Ipse
795 2512 904 2586 aliquid
925 2525 1064 2571 annotare
1085 2516 1221 2571 consulto
1239 2513 1336 2581 omisi,
1351 2522 1551 2584 praeterquam

379 2617 476 2674 sicubi
504 2619 534 2673 in
562 2628 646 2675 textu
675 2616 786 2689 aliquid
811 2615 940 2688 deesset,
967 2621 1014 2675 vel
1036 2620 1132 2675 locum
1153 2618 1280 2690 aliquem
1302 2616 1395 2672 minus
1418 2624 1551 2673 accurate

381 2722 466 2778 citari
488 2733 649 2795 appareret.
679 2723 760 2800 Quae
780 2739 839 2778 non
863 2723 892 2778 in
914 2723 977 2794 ipso
998 2720 1099 2779 codice
1121 2724 1276 2796 leguntur,
1292 2719 1340 2778 scd
1362 2736 1438 2776 ame
1455 2717 1553 2775 addita

380 2837 467 2892 sunt,
496 2826 581 2883 uncis
608 2826 723 2883 inclusi.
764 2826 878 2884 Auctor
906 2825 1079 2884 documenta
1100 2825 1238 2899 quaedam
1260 2836 1325 2898 post
1345 2825 1481 2880 volumen
1503 2818 1552 2876 ad·

379 2928 468 3002 jicerc
496 2929 681 2998 intendebat,
706 2927 756 2986 sed
782 2946 814 2985 ea
842 2931 871 2986 in
899 2929 1000 2986 codice
1028 2940 1056 2985 et
1084 2929 1191 2985 chartis
1215 2928 1276 2999 ejus
1300 2923 1552 2981 desiderabantur:

384 3024 520 3090 Fruinius
546 3034 642 3088 omnia
668 3032 867 3105 conquisivit,
895 3032 1012 3104 Belgice
1036 3034 1083 3088 vel
1110 3029 1282 3087 Germanice
1299 3026 1425 3098 scripta:
1446 3040 1499 3096 ego
1520 3024 1550 3080 in

380 3135 517 3190 Latinum
550 3151 708 3190 sermonem
739 3135 873 3192 converti
895 3145 924 3191 et
946 3135 1058 3191 veniam
1080 3150 1095 3190 a
1117 3131 1277 3189 lectoribus
1298 3139 1382 3202 peto,
1404 3129 1426 3184 si
1444 3129 1552 3185 oratio-

382 3237 426 3293 nis
458 3238 600 3309 elegantia
631 3240 754 3295 multum
786 3254 801 3294 a
829 3238 989 3295 Latinitate
1016 3237 1114 3293 Grotii
1136 3235 1241 3292 distare
1262 3230 1400 3289 viderint.
1441 3229 1550 3288 Textui

384 3341 564 3413 praemittam
597 3351 707 3414 partem
738 3357 857 3410 corum,
888 3358 961 3413 quae
993 3339 1128 3398 Fruinius
1164 3339 1193 3394 in
1225 3335 1317 3393 diario
1349 3336 1466 3407 Belgico
1496 3329 1550 3410 (de

382 3443 464 3501 Gids.
484 3445 570 3502 1868.
597 3443 667 3501 Oct.
694 3460 729 3500 cn
756 3441 855 3521 Nov.)
877 3443 912 3501 de
930 3445 1024 3517 operis
1046 3444 1159 3522 origine
1180 3453 1208 3498 ct
1230 3441 1349 3498 historia
1371 3440 1550 3512 composuit:

382 3547 405 3603 si
435 3547 485 3619 qui
514 3547 557 3603 his
586 3564 645 3604 non
673 3548 805 3605 contenti
828 3550 911 3621 plura
932 3564 964 3604 ea
982 3547 1018 3604 de
1040 3562 1070 3604 re
1091 3560 1268 3620 cognoscere
1287 3544 1424 3618 cupiunt,
1445 3559 1493 3600 eos
1514 3540 1550 3599 ad

381 3651 474 3724 ipsum
497 3650 609 3707 Fruinii
627 3667 700 3724 opus
719 3652 846 3708 remitto.

421 3753 469 3812 Ad
497 3755 574 3812 hunc
603 3752 678 3811 diem
704 3756 811 3812 nemini
839 3756 1023 3824 innotuerat,
1044 3772 1101 3828 qua
1119 3771 1149 3812 re
1170 3753 1306 3812 inductus
1327 3753 1448 3811 Grotius
1469 3769 1550 3826 prae·

381 3860 489 3915 clarum
521 3874 594 3931 opus
616 3875 697 3917 suum
726 3858 761 3916 de
784 3858 847 3931 jure
868 3858 937 3917 belli
958 3875 991 3916 ac
1012 3861 1090 3933 pacis
1110 3859 1338 3932 conscripsisset.
1380 3858 1466 3914 Brevi
1485 3867 1551 3929 post

381 3961 477 4035 fugam
502 3978 517 4018 e
535 3978 668 4031 carcere,
690 3963 821 4036 Parisiis,
841 3964 928 4022 unius
949 3965 1015 4020 anni
1034 3974 1063 4020 et
1082 3979 1241 4037 paucorum
1259 3963 1398 4019 mensium
1421 3971 1550 4033 tempore
1634 3949 1640 3962 '

381 4076 475 4123 toturn
505 4066 660 4123 absolvisse
687 4083 751 4123 eum
778 4066 937 4124 constabat.
986 4069 1136 4141 Nusquam
1164 4085 1193 4124 se
1213 4068 1282 4124 huic
1303 4076 1473 4140 argumento
1493 4063 1549 4138 jam

381 4170 460 4242 prius
490 4159 748 4227 intentum'fuisse
774 4182 1056 4228 commemoraverat.
1102 4172 1136 4229 ln
1161 4171 1291 4244 epistolis
1315 4169 1350 4226 ad
1381 4169 1487 4227 amicos
1515 4185 1550 4225 eo

379 4272 503 4330 consilio
532 4272 677 4345 scripsisse
696 4289 725 4330 sc
744 4271 875 4344 dixerat,
899 4285 932 4331 ut
954 4275 1096 4333 feritatem
1117 4273 1153 4331 ad
1174 4275 1249 4332 bella
1270 4291 1324 4347 pro
1345 4273 1440 4331 lubitu
1462 4273 1550 4331 susci-

381 4374 499 4449 pienda,
521 4392 576 4449 pro
596 4376 692 4434 lubitu
712 4376 853 4449 gerenda,
874 4375 995 4435 sedaret.
1021 4379 1109 4436 Nunc
1125 4377 1238 4436 demum
1256 4378 1389 4451 apparuit
1411 4377 1549 4435 Grotium

382 4495 447 4536 cum
469 4478 519 4551 Jus
541 4477 611 4536 belli
632 4495 665 4536 ac
680 4481 760 4552 pacis
781 4481 995 4551 conscriberet,
1015 4498 1088 4554 opus
1109 4479 1144 4538 ad
1162 4499 1277 4540 manum
1297 4481 1427 4539 habuisse
1448 4492 1477 4539 et
1493 4479 1550 4537 fre·
