3552 5654
574 671 620 716 os
644 671 738 737 June.
765 657 947 714 1111111111.
973 670 1053 715 cnr.
1078 671 1111 716 x.
1365 673 1425 738 143

296 821 369 886 Nec
394 837 507 904 postea
528 823 706 891 discessum
721 824 766 888 'ab
786 822 851 888 hoc
872 841 980 888 more:
1006 823 1096 905 quod
1116 822 1171 889 hic
1188 823 1346 890 duntaxat
1367 845 1425 892 no·

253 932 377 998 bilibus
397 934 554 1017 exemplis
566 933 780 999 confirmabo
816 933 970 998 Praedam
982 933 1224 999 Marathoniam
1237 934 1400 1001 Aristides
1414 935 1423 971 ¹

252 1043 441 1109 asservavit.
482 1044 562 1110 Post
579 1043 736 1127 praelium
758 1043 798 1108 ad
819 1043 964 1110 Plataeas
984 1043 1104 1109 Graeci
1122 1044 1269 1122 edixere,
1292 1045 1425 1126 nequis

253 1153 292 1217 de
323 1154 441 1235 praeda
471 1155 650 1237 quidquam
682 1152 835 1236 privatim
861 1155 991 1220 tolleret
1009 1153 1039 1217 ²:
1072 1153 1130 1218 sed
1159 1171 1195 1217 ea
1224 1173 1285 1235 pro
1307 1153 1424 1235 populi

252 1264 413 1347 quusque
444 1265 560 1330 merito
591 1263 655 1330 fuit
676 1263 862 1330 distributa.
908 1262 1062 1330 Devictis
1085 1263 1256 1346 Lysander
1281 1263 1425 1329 Athenis

252 1394 470 1456 quaecunque
499 1389 630 1457 ceperat
657 1373 841 1458 publicavit
860 1380 882 1440 ³.
928 1373 963 1439 Si
982 1375 1090 1456 placet
1113 1374 1154 1438 ad
1173 1373 1287 1439 Asiam
1310 1374 1424 1440 venire

252 1484 390 1549 Troiani
408 1484 519 1566 soliti,
543 1501 581 1550 ut
599 1486 654 1551 iile
676 1483 688 1520 ⁴
713 1485 845 1567 inquit,
865 1483 1016 1569 praedae
1039 1483 1159 1549 ducere
1181 1498 1312 1549 sortem.
1357 1484 1422 1548 Ar-

251 1593 384 1660 bitrium
416 1597 486 1680 ejus
506 1616 605 1679 penes
624 1596 760 1661 ducem:
784 1595 911 1677 alioqui
934 1615 993 1660 nec
1015 1595 1128 1662 Dolon
1150 1613 1254 1675 equos
1281 1594 1424 1660 Achillis

169 1792 171 1796 .
251 1706 398 1788 petiisset
419 1707 457 1771 ab
483 1707 648 1788 Hectore,
673 1726 732 1770 nec
756 1706 881 1772 Hector
899 1705 1125 1788 promisisset,
1144 1704 1235 1785 quod
1253 1704 1340 1786 apud
1351 1704 1423 1769 Ho-

251 1838 373 1883 merum
397 1833 428 1882 et
456 1818 647 1900 Euripidem
679 1832 728 1882 est
751 1823 773 1882 ⁵.
810 1817 986 1903 ‘Quantum
1019 1831 1125 1880 autem
1156 1815 1197 1880 ad
1217 1815 1344 1898 Cyrum
1368 1815 1424 1880 de·

249 1928 337 1993 victa
370 1929 475 2011 Asia,
509 1943 667 2010 quantum
699 1928 740 1994 ad
768 1927 989 1994 Alexandrum
1023 1925 1173 2008 pervenit
1200 1924 1239 1990 ⁸?
1276 1923 1421 1990 Africam

251 2039 346 2104 etiam
370 2039 561 2122 inspicimus
581 2054 613 2104 et
633 2038 789 2104 Poenos?
815 2038 943 2104 Scimus
964 2039 994 2118 ⁷,
1017 2036 1098 2118 quid
1118 2035 1300 2120 Agrigento
1324 2049 1420 2117 capto

242 2147 387 2231 *aliisque
398 2150 535 2216 urbibus
548 2197 559 2230 ,
583 2149 725 2228 scimus,
745 2149 828 2231 quid
840 2169 880 2215 ex
892 2147 1057 2214 Cannensi
1069 2165 1178 2230 pugna
1191 2145 1421 2228 Carthaginem

248 2259 443 2341 pervenerit.
489 2259 552 2324 Sed
583 2259 765 2343 dignissimi
786 2258 932 2324 omnium
967 2257 1123 2338 quicum
1147 2256 1180 2318 in
1201 2255 1329 2338 reliquo
1349 2257 1423 2339 jure

248 2385 318 2434 tum
347 2356 426 2434 belli
456 2370 597 2433 maxime
619 2368 794 2436 audiantur
818 2367 983 2447 Romani,
1009 2366 1096 2449 apud
1114 2385 1199 2448 quos
1219 2365 1308 2430 haud
1330 2366 1424 2446 equi·

140 2562 145 2570 1
249 2478 320 2542 dem
352 2480 478 2561 primus
496 2478 570 2543 dico
590 2481 601 2514 ⁸
625 2478 773 2560 praedam
796 2498 944 2557 omnem,
980 2477 1074 2542 etiam
1097 2496 1205 2542 rerum
1226 2475 1421 2558 mobilium,

248 2608 315 2667 non
343 2588 439 2674 militi
470 2588 612 2670 capienti
634 2588 849 2669 acquisitam,
874 2607 915 2652 ne
938 2587 1016 2653 duci
1039 2587 1170 2668 quidem
1191 2587 1343 2669 proprie,
1366 2588 1424 2654 sed

247 2700 372 2780 populo
394 2699 555 2763 Romano.
579 2699 646 2762 Cui
666 2698 848 2763 sententiae
869 2698 997 2762 obstare
1017 2697 1149 2762 videtur
1168 2697 1423 2777 quodaCclso⁹

246 2811 403 2891 scriptum
427 2824 494 2874 est:
520 2809 569 2872 Et
592 2829 678 2894 quae
695 2829 746 2872 res
759 2807 893 2872 hostiles
908 2807 1001 2892 apud
1010 2829 1065 2872 nos
1078 2821 1155 2871 sunt
1168 2827 1231 2870 non
1247 2804 1422 2891 publicae,

246 2920 303 2984 sed
321 2923 551 3004 occupantium
571 2918 671 3002 fiunt.
698 2919 763 2984 Sed
782 2932 1008 3001 praeterquam
1029 2916 1120 2998 quod
1139 2930 1208 2982 tota
1228 2917 1305 2997 lex,
1327 2919 1423 3000 quus

245 3029 306 3094 ista
334 3049 409 3112 pars
432 3045 503 3117 est,
532 3029 577 3095 ita
598 3033 711 3097 avulsa
735 3044 791 3094 est
813 3049 830 3094 a
850 3047 911 3094 suo
934 3047 1091 3110 corpore,
1114 3041 1151 3092 ut
1173 3046 1241 3108 quo
1263 3027 1424 3108 pertineat

243 3140 399 3224 cognosci
431 3141 488 3206 vix
518 3141 646 3224 possit,
682 3139 766 3205 illud
791 3158 867 3205 sane
889 3139 989 3205 verba
1011 3139 1083 3220 ipsa
1103 3137 1271 3219 indicant,
1296 3138 1422 3204 nonde

244 3251 340 3316 rebus
371 3252 515 3316 hostium
545 3272 643 3318 manu
670 3250 796 3333 captis,
818 3249 859 3315 de
886 3250 1010 3332 quibus
1031 3269 1091 3316 nos
1116 3249 1265 3332 agimus,
1288 3249 1421 3315 Celsum

245 3361 361 3442 loqui,
394 3362 451 3426 sed
480 3362 637 3428 derebus
665 3361 836 3441 hostium,
876 3360 1056 3426 mobilibus
1089 3374 1127 3424 ut
1158 3359 1316 3440 arbitror,
1339 3378 1423 3440 quae

242 3472 492 3554 superveniente
520 3473 606 3538 bello
636 3472 723 3555 apud
753 3491 814 3536 nos
852 3471 1144 3554 deprehenduntur
1176 3469 1212 3536 ¹⁰.
1259 3469 1423 3535 Videntur

245 3581 351 3661 enim,
391 3582 468 3663 quia
499 3597 610 3648 sumtu
641 3582 776 3665 publico
808 3582 975 3663 quaesitae
1009 3601 1076 3647 non
1112 3595 1209 3661 sunt,
1244 3579 1338 3662 quasi
1371 3600 1422 3645 res

243 3707 415 3772 vacantes,
449 3693 624 3775 occupanti
657 3693 788 3775 cedere,
821 3711 885 3758 non
919 3707 983 3756 tam
1015 3693 1088 3775 jure
1124 3692 1292 3776 gentium,
1325 3710 1421 3771 quam

277 3997 284 4029 ¹
304 4001 368 4052 Plut.
385 3998 461 4046 Arist.
481 3998 518 4058 [p.
538 4010 594 4054 321.
613 3998 649 4059 d.]
684 3994 695 4028 2
713 3999 809 4046 Herod.
828 3999 844 4044 l.
862 4011 886 4058 9.
904 3997 941 4058 [c.
959 3999 999 4043 80.
1016 4007 1041 4042 ct
1056 3993 1107 4058 sq]
1142 3992 1153 4025 ⁸
1171 3996 1235 4042 Plut.
1243 3995 1301 4052 Lys.
1313 3994 1352 4054 [p.
1361 4005 1420 4054 442.

243 4088 280 4152 1.]
315 4087 419 4147 ⁴Virg.
446 4087 525 4148 [Aen.
548 4089 565 4134 l.
590 4101 615 4149 9.
638 4099 677 4134 vs.
699 4087 768 4148 268.]
805 4085 898 4134 Β11.1.
921 4099 958 4133 10.
982 4085 1034 4146 [vs.
1052 4097 1109 4146 319.
1126 4082 1196 4147 sqq.]
1215 4083 1303 4143 Eurip.
1322 4085 1419 4131 Rheso.

245 4178 297 4239 [vs.
317 4181 373 4226 181.
391 4176 459 4240 sqq]
494 4176 586 4225 6Ρ1111.
603 4179 620 4224 l.
637 4189 676 4234 33.
695 4191 717 4226 c.
735 4189 758 4232 3·
776 4177 932 4224 Ρ1111.ΑΙε11.
951 4176 989 4236 [p.
1003 4175 1061 4223 686.
1079 4173 1114 4237 c.]
1135 4186 1159 4222 et
1174 4176 1235 4222 curt
1263 4172 1418 4234 [l.5.c.ao.]

244 4268 321 4317 Diod.
336 4270 353 4316 l.
371 4281 408 4326 17.
424 4269 458 4330 [c.
473 4267 526 4329 66.]
547 4265 633 4316 strabo
648 4269 665 4315 1.
682 4278 719 4323 13.
738 4267 775 4328 [p.
792 4267 863 4314 1062.
878 4281 901 4314 c.
917 4268 941 4314 d.
956 4277 980 4314 et
998 4266 1068 4322 1063.
1082 4279 1103 4312 a.
1113 4267 1152 4314 ed.
1162 4261 1277 4326 casaub]
1315 4261 1326 4296 ⁷
1342 4262 1419 4311 Diod.

244 4359 368 4420 l.13.[c.
386 4371 426 4416 57.
441 4359 481 4406 62.
496 4358 551 4422 90.]
570 4359 628 4406 Liv.
645 4360 663 4405 l.
680 4370 719 4415 23.
737 4358 772 4418 [e.
790 4358 840 4419 ra]
875 4355 886 4387 ⁸
904 4357 976 4404 Fabri
987 4358 1075 4404 Seml.
1091 4370 1114 4404 a.
1132 4369 1155 4403 c.
1172 4369 1195 4412 3.
1206 4367 1230 4402 et
1239 4368 1263 4415 4.
1297 4351 1419 4402 ⁹l.trans·

244 4446 336 4507 fugam.
358 4453 379 4507 5.
406 4463 426 4497 1.
441 4449 467 4497 ff.
486 4451 517 4498 de
533 4462 588 4508 aeq.
600 4462 650 4498 rer.
662 4450 729 4497 dom.
746 4446 790 4511 [D.
805 4461 846 4508 41.
866 4461 887 4496 r.
906 4446 959 4510 sn]
996 4445 1017 4480 ¹⁰
1034 4449 1051 4495 l.
1067 4445 1094 4494 in
1110 4446 1188 4494 bello.
1202 4445 1228 4494 in
1244 4445 1326 4505 princ.
1344 4443 1369 4490 ff.
1387 4445 1419 4492 de

244 4549 310 4598 capt.
328 4536 373 4601 [D.
389 4552 430 4600 49.
449 4553 486 4595 15.
506 4539 556 4603 ra]
577 4542 608 4588 V.
624 4539 712 4596 Cuiac.
730 4539 790 4588 0bs.
805 4541 822 4586 l.
837 4552 861 4599 4.
879 4553 901 4586 c.
917 4552 940 4600 9.
957 4538 983 4584 in
998 4535 1057 4584 line.
