3552 5654
557 623 604 669 ue
627 621 721 688 μων,
747 619 932 666 nnnrnnr.
958 619 1040 666 cnr.
1065 619 1115 666 xr.
1360 603 1421 682 167

251 797 367 844 norum
387 779 570 845 constabat.
609 777 720 862 Quam¹
740 773 891 859 injuriam
912 771 1050 855 Batavi,
1075 792 1160 856 quos
1182 772 1265 840 nihil
1287 772 1422 838 decebat

252 888 340 955 hosti
373 887 571 970 concedere,
604 885 719 952 ulcisci
750 899 957 967 statuerunt,
990 884 1036 949 ita
1067 900 1106 949 ut
1135 884 1280 951 vicissim
1309 883 1422 950 autin

253 999 480 1066 Britannorum
512 997 692 1080 societate,
730 1012 787 1064 aut
816 1017 874 1080 pet
902 1017 936 1064 se
969 995 1171 1062 Lusitaniam
1205 995 1422 1079 regionesque

251 1110 419 1176 Lusitanis
441 1109 589 1176 subditas
612 1108 725 1174 hostili
748 1111 850 1175 classe
872 1108 1137 1192 aggrederentur.
1182 1107 1232 1172 Ut
1253 1106 1339 1173 inter
1359 1105 1423 1172 elia

253 1221 365 1288 elassis
386 1221 441 1286 illa
461 1219 598 1301 docuit,
623 1239 706 1300 quae
727 1220 823 1286 missa
842 1219 940 1285 Petro
959 1219 1074 1318 Bousa
1093 1215 1255 1300 praefecto
1274 1217 1423 1284 Thomae
1436 1238 1505 1285 Anno
1521 1251 1582 1296 1⁵9⁹·

254 1332 394 1397 insulam
417 1330 652 1412 Brasiliarnque
674 1329 810 1413 publico
833 1330 921 1396 bello
945 1331 1058 1395 adorta
1080 1339 1140 1395 est.
1184 1328 1248 1394 Pro
1272 1327 1424 1395 hostibus

254 1441 356 1526 igitur
387 1461 421 1508 se
455 1456 625 1525 gesserunt
655 1440 733 1505 hinc
766 1440 942 1523 Lusitani,
975 1439 1049 1506 inde
1081 1439 1213 1506 Batavi:
1248 1438 1314 1505 utri
1345 1459 1424 1506 vero

255 1553 376 1636 majore
400 1550 464 1616 fide
487 1566 520 1616 et
542 1551 763 1633 humanitate,
788 1550 821 1616 id
841 1570 929 1618 nunc
953 1551 1131 1619 videndum
1156 1565 1266 1618 restat.

298 1663 402 1750 Quod
411 1663 509 1728 modo
519 1662 706 1729 dicebamus
718 1677 929 1729 mercaturam
942 1662 1026 1728 inter
1038 1662 1150 1730 hostes
1164 1681 1231 1729 non
1240 1662 1425 1734 necessarie
1438 1679 1518 1726 aare.
1528 1679 1571 1726 ιν.

255 1773 349 1854 tolli,
372 1773 407 1838 id
429 1793 505 1840 sane
526 1793 656 1841 causam
676 1791 837 1854 nusquam
865 1774 984 1840 habere
1004 1773 1115 1857 potuit
1133 1773 1305 1857 justiorem
1329 1794 1426 1856 quam

255 1886 338 1952 inter
369 1887 430 1952 hos
461 1887 626 1968 populos,
651 1905 793 1967 quorum
824 1905 875 1952 res
896 1905 1023 1952 summa
1046 1885 1214 1968 utrimque
1236 1885 1273 1951 iu
1293 1885 1427 1970 naviga·

255 1997 402 2064 tionibus
440 1995 590 2062 consistit
625 2009 657 2061 et
690 2016 775 2078 quos
812 1997 1004 2080 jamdudum
1039 2017 1119 2062 usus
1158 1997 1427 2063 commerciorum

256 2101 497 2174 conciliaverat.
543 2106 636 2194 Quid
665 2121 804 2190 uterque
837 2107 929 2172 alteri
963 2107 1184 2191 praestiterint
1206 2107 1427 2174 conferamus.

255 2215 490 2287 Vetustissima
524 2232 595 2282 esse
629 2215 735 2286 fertur
766 2219 880 2284 barum
912 2218 1058 2302 gentium
1091 2217 1300 2302 conjunctio,
1341 2219 1426 2284 Cum
1441 2240 1511 2288 cirea
1527 2253 1570 2284 an·

257 2331 343 2396 enim
375 2329 483 2396 adhuc
514 2329 577 2394 sub
599 2327 723 2394 Mauris
746 2348 820 2410 pars
842 2348 958 2413 magna
981 2343 1067 2395 esset
1090 2327 1291 2411 Hispaniae,
1314 2328 1429 2412 Belgas
1441 2308 1495 2340 Μ
1507 2307 1568 2351 ¹¹⁵⁰'

256 2441 292 2508 vi
321 2439 481 2506 maritima
510 2439 687 2522 plurimum
716 2423 782 2524 jann
811 2454 880 2504 turn
904 2440 1052 2523 potuisse
1073 2439 1268 2522 accepimus.
1314 2439 1429 2522 Itaque

258 2551 411 2618 advectos
431 2564 620 2632 tempestate
640 2570 693 2617 eas
711 2549 753 2615 ad
771 2569 867 2630 oras,
891 2550 968 2616 dum
989 2551 1114 2634 Syriam
1134 2550 1212 2616 belli
1231 2550 1313 2616 sacri
1333 2570 1430 2616 causa

257 2675 397 2745 petunt,
430 2660 665 2727 Lusitanorum
697 2660 851 2744 precibus
883 2661 1084 2728 concessisse
1111 2675 1149 2726 ut
1170 2661 1428 2744 Ulyssiponem,

259 2772 493 2838 Saracenorum
525 2769 645 2856 regiam
672 2771 814 2836 navibus
836 2773 1108 2856 aggrederentur,
1133 2791 1230 2854 quam
1253 2786 1286 2837 et
1304 2785 1429 2854 captam

259 2883 428 2950 tradidisse
459 2882 637 2950 Lusitanis.
685 2883 793 2967 Cujus
825 2882 932 2950 meriti
956 2883 1179 2950 testimonium
1203 2882 1342 2967 plurima
1364 2881 1430 2966 pri-

258 2996 378 3080 vilegia
420 2996 591 3080 belgarum
635 3011 667 3061 et
700 2995 921 3061 immunitates
963 2995 997 3060 in
1031 3015 1069 3060 eo
1103 3013 1205 3080 regno
1248 2993 1431 3076 antiquitus

260 3106 424 3172 exstitere.
471 3109 515 3170 At
535 3107 653 3191 Belgae
673 3105 817 3172 vicissim
839 3106 1008 3190 Principes
1028 3127 1116 3172 more
1137 3106 1256 3190 passim
1277 3119 1429 3188 recepto,

260 3238 327 3301 quo
358 3218 475 3282 melius
507 3217 701 3283 commercia
741 3219 981 3300 coalescerent,
1022 3217 1199 3284 Lusitanos
1237 3231 1430 3283 mercatores

261 3328 451 3410 quicunque
482 3349 556 3394 cum
589 3328 698 3413 Belgis
720 3328 988 3413 negotiarentur,
1013 3328 1046 3394 in
1069 3348 1160 3394 suam
1184 3329 1321 3394 tutelam
1342 3347 1431 3393 rece-

260 3454 395 3523 perunt:
439 3459 507 3520 quo
542 3441 612 3524 ejus
651 3439 866 3506 sanctimonia
900 3440 940 3504 ab
973 3439 1127 3506 omnibus
1160 3437 1291 3525 injuriis
1325 3453 1433 3504 essent

260 3549 410 3616 tutiores.
454 3551 542 3616 Idem
574 3551 640 3616 illis
673 3550 815 3616 Ordines
844 3549 949 3635 Belgii
981 3551 1079 3617 motis
1111 3550 1165 3615 hic
1195 3552 1293 3617 rebus
1324 3549 1588 3664 euplo-andan.

262 3675 345 3726 mate
367 3661 622 3746 confirmarunt,
647 3681 687 3726 ne
711 3661 793 3743 qnid
814 3661 941 3727 scilicet
952 3662 1087 3726 bellicae
1099 3661 1250 3727 licentiae
1260 3675 1431 3744 praetextu
1445 3623 1587 3733 gitatin?

262 3771 434 3838 adversum
466 3786 661 3855 paterentur.
708 3773 757 3838 Ita
786 3771 937 3837 Lusitani
970 3792 1043 3836 cum
1079 3772 1262 3852 uxoribus,
1296 3771 1431 3853 liberis,

261 3880 415 3962 familiis,
448 3881 673 3963 supellectile,
704 3901 850 3962 merces,
882 3882 1105 3964 possessiones
1144 3883 1284 3966 juraque
1325 3881 1433 3947 omnia

263 4009 321 4059 aut
353 4007 559 4075 praesentum
593 4005 650 4056 aut
682 3993 853 4058 absentum
888 3991 1040 4075 propria,
1075 3990 1109 4056 iu
1141 3990 1237 4058 fidem
1268 3991 1433 4074 publicam

261 4117 391 4186 recepta
402 4117 498 4170 sunt:
522 4103 596 4168 data
607 4100 761 4168 facultate
774 4101 915 4168 intrandi
928 4101 1135 4184 exeundique
1147 4101 1228 4166 fines
1241 4102 1432 4186 Belgarum,

264 4214 348 4280 intra
377 4233 433 4280 eos
462 4213 541 4280 fines
562 4214 734 4294 manendi,
758 4232 882 4280 merces
900 4212 1100 4293 invehendi,
1123 4212 1306 4294 evehendi‚
1330 4228 1434 4294 terra,

263 4325 357 4391 mari.
401 4324 491 4409 Jussi
514 4327 610 4390 etiam
633 4323 789 4407 praefecti
812 4343 925 4392 omnes
947 4325 993 4390 rei
1019 4323 1150 4389 bellicae
1172 4337 1204 4389 et
1221 4323 1344 4390 milites
1366 4325 1434 4390 Lu·

262 4433 443 4502 sitanorum
478 4435 511 4502 in
544 4435 597 4502 bis
628 4435 821 4520 regionibus
862 4434 1062 4502 versantium
1106 4434 1363 4503 incolumitatem
1402 4451 1436 4502 et
