3536 5692
518 711 564 756 na
589 711 683 777 Junu
709 707 892 755 rannone.
919 708 998 754 cnr.
1023 707 1102 754 x111.
1276 771 1285 777 ..
1338 704 1400 765 277

236 869 342 934 adhuc
366 868 405 932 ab
427 865 507 949 ipsis
540 863 702 946 Principis
734 862 865 930 nomine
890 863 1065 928 coleretur:
1090 864 1270 931 Lusitanos
1294 879 1400 928 autem
1414 871 1545 972 giw-

236 980 269 1045 in
293 981 380 1044 bello
404 977 638 1044 committendo
661 975 785 1058 priores
807 975 910 1042 fuisse
922 976 992 1059 ipsa
1003 996 1110 1042 rerum
1123 975 1222 1042 series
1233 973 1402 1058 patefecit.
1416 961 1457 1029 11).
1539 957 1545 971 ⁸

236 1090 403 1156 Praeterea
425 1109 485 1154 nec
508 1089 550 1154 ad
561 1089 728 1152 Albanum
752 1102 825 1152 tuto
848 1088 943 1152 licuit
959 1087 1128 1167 accedere,
1145 1088 1235 1152 nulla
1248 1086 1280 1150 in
1291 1085 1403 1149 hostes

235 1200 381 1267 hostium
399 1203 473 1284 jura
495 1188 696 1266 servantem:
730 1213 761 1263 et
781 1199 970 1282 Philippum
994 1199 1027 1263 in
1049 1199 1210 1280 Hispania
1229 1196 1403 1262 convenire

236 1326 312 1394 post
338 1310 534 1376 marchionis
563 1309 735 1393 bergensis
766 1324 798 1374 et
819 1309 1026 1394 Montignaei
1055 1311 1234 1393 legatorum
1268 1322 1403 1373 mortem

238 1424 293 1488 cui
315 1442 382 1488 non
401 1423 654 1490 formidolosum
676 1421 765 1488 fuit?
790 1422 892 1505 Apud
913 1421 1092 1486 Lusitanos
1114 1434 1221 1484 autem
1250 1419 1284 1483 in
1314 1419 1406 1484 India

238 1556 321 1616 quae
345 1534 409 1600 fuit
432 1534 612 1614 securitas,
637 1533 695 1598 ubi
716 1533 985 1599 caduceatoribus
1005 1551 1046 1598 ne
1064 1546 1158 1615 pacta
1179 1531 1311 1613 quidem
1331 1551 1407 1613 pro-

239 1645 399 1712 fuerunt?
424 1646 628 1726 Ubicunque
640 1659 747 1710 autem
758 1647 813 1729 jus
825 1644 999 1728 legationis
1011 1658 1044 1709 et
1056 1643 1201 1728 gentium
1214 1641 1408 1707 commercia

238 1756 429 1838 violantur,
463 1758 575 1839 nulla,
609 1755 658 1821 uti
689 1755 855 1836 diximus,
895 1753 1098 1846 denuntiatio
1134 1753 1312 1819 necessaria
1346 1768 1406 1818 est.

238 1868 408 1933 Praeterea
433 1868 569 1952 dignum
600 1883 649 1932 est
679 1868 855 1934 observatu
885 1866 1109 1932 defensionem
1140 1867 1336 1931 Batavorum
1369 1863 1544 1980 adgrloaum

239 1999 275 2043 ea
298 1983 404 2060 usque
436 1993 607 2062 tempora,
641 1980 762 2060 quibus
790 1981 963 2063 Philippus
995 1979 1133 2061 imperio
1154 1977 1310 2043 cecidisse
1332 1993 1408 2058 pro·
1458 1969 1465 1983 ‘

238 2091 409 2156 nuntiatus
431 2105 502 2172 cst,
535 2090 637 2156 fuisse
656 2092 778 2156 bellum
803 2091 922 2171 civile,
945 2107 1104 2172 quantum
1125 2091 1164 2156 ad
1184 2091 1297 2156 hostes
1319 2089 1409 2172 prin-

239 2202 360 2285 cipales
392 2201 520 2266 attinet.
579 2202 666 2266 Nanr
697 2217 728 2266 et
757 2201 942 2285 praefectus
979 2223 1044 2283 qua
1080 2201 1266 2284 praefectus
1298 2215 1347 2265 est
1378 2215 1411 2264 et

239 2312 396 2394 Princeps
440 2333 504 2393 qua
546 2311 702 2394 Princeps
746 2333 820 2394 pars
864 2313 1019 2378 videntur
1060 2312 1280 2394 reipublicae,
1325 2311 1411 2376 sicut

241 2423 388 2506 theologi
409 2427 419 2461 ¹
440 2422 595 2502 tradunt,
629 2422 686 2487 ubi
720 2423 759 2487 de
792 2423 1011 2506 abjudicando
1046 2422 1246 2488 Pontificatu
1280 2421 1409 2507 agitur,

242 2533 274 2596 in
298 2555 336 2599 eo
357 2533 486 2617 judicio
517 2534 634 2616 Papam
660 2554 725 2599 non
747 2548 846 2616 caput
864 2535 922 2600 sed
940 2536 1118 2600 membrum
1151 2556 1219 2603 esse
1243 2533 1409 2599 ecclesiae.

242 2645 351 2731 Quare
382 2645 507 2709 etiarnsi
537 2644 604 2709 vim
634 2645 754 2709 nullam
775 2660 926 2710 armatam
947 2648 1060 2711 hostes
1079 2645 1203 2734 priores
1223 2647 1412 2712 intulissent

241 2772 298 2822 aut
310 2759 367 2840 jus
380 2755 526 2840 gentium
539 2756 740 2836 violassent,
752 2771 858 2821 tamen
872 2758 1076 2823 denuntiatio
1089 2779 1156 2825 non
1167 2759 1409 2841 requireretur,

243 2887 326 2950 quae
350 2869 437 2933 bello
462 2882 596 2933 externo
616 2867 747 2951 propria
767 2882 833 2934 est:
858 2883 895 2933 ut
915 2869 1042 2953 egregie
1063 2869 1206 2936 diximus
1217 2869 1409 2934 Ciceronem

242 2978 396 3063 colligere
425 2998 491 3044 non
523 2999 591 3046 esse
623 2981 745 3046 bellum
776 3001 835 3063 per
862 2982 987 3065 legatos
1007 2980 1216 3047 indicendum
1238 2981 1411 3060 Antoni0,

244 3111 441 3173 quamquam
458 3091 611 3171 consuli,
637 3094 700 3157 hoc
717 3106 766 3158 est
776 3091 979 3177 magistratui
991 3111 1118 3158 summo
1130 3092 1245 3175 populi
1258 3092 1410 3156 Romani.

243 3201 327 3266 Nam
362 3216 394 3266 et
426 3222 499 3268 cum
531 3202 706 3284 Tarquinii
739 3204 873 3287 publico
908 3204 1039 3269 decreto
1074 3204 1215 3268 damnati
1249 3202 1411 3283 fuerunt,

243 3313 365 3378 bellum
384 3313 453 3397 regi
473 3312 631 3379 indictum
652 3334 719 3380 non
740 3332 807 3381 est:
832 3315 923 3397 quod
942 3331 1048 3381 tamen
1075 3316 1197 3381 bellum
1218 3336 1257 3380 eo
1281 3315 1412 3380 nomine

243 3423 351 3489 minus
372 3426 498 3509 justum
521 3445 615 3491 nemo
634 3427 842 3494 existimavit.
868 3429 943 3493 Sola
957 3428 1058 3512 igitur
1070 3427 1229 3494 sententia
1241 3427 1412 3492 sufficeret.
1426 3445 1517 3510 uragu.
1539 3445 1570 3491 .1.

245 3535 411 3601 Sententia
441 3553 548 3602 autem
571 3553 603 3604 et
625 3546 737 3604 'contra
770 3541 937 3606 Albanum
970 3540 1042 3607 data
1076 3556 1124 3606 est
1154 3541 1193 3604 ab
1218 3510 1496 3603 Hossandiaeamc.
1527 3530 1532 3542 '

246 3640 452 3729 Ordinibus,
486 3663 518 3713 et
540 3665 653 3714 contra
682 3651 871 3735 Philippum
903 3667 972 3718 tum
994 3655 1034 3718 ab
1058 3652 1110 3718 his
1133 3651 1236 3735 ipsis,
1269 3667 1339 3717 turn
1374 3651 1414 3714 ab

245 3758 381 3823 aliarum
402 3760 571 3826 nationum
594 3784 630 3827 ac
653 3762 757 3828 totius
778 3763 845 3828 fere
866 3765 970 3847 Belgii
995 3765 1177 3830 Ordinibus
1190 3765 1223 3829 in
1236 3765 1414 3830 concilium

246 3869 389 3953 legitime
411 3872 612 3936 convocatis.
658 3872 695 3937 ln
715 3873 884 3939 Lusitanis
907 3890 1014 3940 autem
1033 3895 1071 3940 eo
1084 3895 1135 3940 res
1149 3891 1198 3941 cst
1210 3879 1414 3960 expeditior,

247 3978 324 4060 quia
358 3981 450 4064 nullo
484 3980 668 4045 Doctorum
706 3981 915 4048 dissentiente
950 3985 1142 4053 tradidimus
1176 4007 1294 4074 coepto
1329 3999 1415 4064 bello

248 4086 404 4152 adversus
427 4087 593 4168 aliquem,
618 4089 716 4154 sociis
739 4106 771 4155 et
793 4093 934 4158 subditis
958 4097 1110 4166 omnibus
1133 4101 1205 4184 ipso
1229 4104 1316 4172 sacto
1337 4113 1415 4178 satis

248 4197 409 4264 indictum
435 4199 553 4268 bellum
578 4203 726 4282 censeri,
751 4223 824 4268 cunr
849 4225 916 4270 non
938 4225 1077 4288 possent
1098 4230 1164 4277 non
1189 4216 1300 4285 hostes
1324 4242 1415 4306 esse,

248 4307 305 4386 qui
329 4327 362 4372 se
386 4311 474 4374 hosti
497 4328 717 4398 aggregarent.
763 4315 836 4379 Nec
859 4318 1038 4402 quidquam
1061 4312 1170 4391 obstat
1191 4330 1250 4394 hac
1273 4331 1306 4397 in
1326 4353 1415 4417 parte

250 4461 437 4477 β-*ῆ--ι

285 4547 291 4576 ¹
311 4549 372 4599 Silv.
391 4551 417 4598 in
436 4567 460 4600 v.
478 4555 552 4614 Papa.
570 4569 594 4604 n.
613 4571 637 4619 4.
