3530 5656
527 637 574 686 nt
598 635 693 705 Junts
718 635 901 688 annuunt.
926 643 1005 689 cnu.
1030 641 1092 690 vn.
1359 624 1401 709 67
1489 625 1491 634 '

228 809 367 877 genera,
408 791 631 858 voluntarium
660 794 798 859 alterum
840 796 1046 879 alterumque
1080 799 1172 864 velut
1205 799 1400 867 instrumen·

229 919 319 986 tum,
344 923 429 987 quos
451 903 603 970 subditos
622 903 782 986 dicimus,
806 923 872 970 non
896 907 1009 973 eodem
1034 910 1132 975 modo
1146 911 1201 994 jus
1213 910 1246 975 in
1260 925 1402 993 utroque

228 1012 436 1082 considerari.
491 1014 578 1080 Nam
612 1013 737 1081 subditi
773 1031 937 1096 quatenus
970 1019 1094 1085 subditi
1126 1035 1203 1086 sunt
1231 1021 1303 1105 J'ute
1335 1041 1402 1090 non

228 1140 367 1192 utuntur
397 1125 610 1208 simpliciter,
656 1125 713 1192 sed
745 1144 803 1207 per
827 1127 999 1208 quamdam
1032 1130 1328 1212 comparationem,
1363 1147 1402 1197 ut

228 1236 415 1304 scholastici
448 1236 674 1319 prodiderunt.
722 1234 857 1319 Proprie
889 1253 997 1304 autem
1028 1241 1083 1324 jus
1115 1259 1227 1306 eorum
1262 1256 1312 1307 est
1343 1242 1402 1324 qui

227 1345 412 1413 voluntarie
434 1361 535 1432 agunt
556 1351 577 1413 ¹.
604 1346 654 1412 Ut
673 1361 780 1414 autern
797 1347 852 1432 jus
874 1347 939 1427 sit,
964 1363 1097 1416 necesse
1121 1365 1172 1416 est
1193 1352 1397 1417 voluntatem

216 1459 270 1524 ab
300 1457 555 1542 apprehensione
585 1457 707 1538 animi,
743 1457 1033 1540 apprehensionem
1054 1459 1151 1526 animi
1171 1461 1211 1526 ab
1232 1461 1301 1544 ipsa
1323 1462 1401 1528 orirl

228 1571 376 1636 veritate.
419 1569 540 1651 Neque
562 1568 647 1634 enim
670 1565 790 1635 frustra
810 1571 913 1653 legem
936 1585 1056 1636 rectam
1077 1571 1323 1638 esserationem
1344 1591 1402 1638 ve·

229 1695 312 1746 teres
333 1677 563 1746 definiverunt.
608 1679 733 1745 Merito
753 1693 861 1745 autem
874 1679 1112 1746 admonentur²
1124 1681 1184 1762 hi,
1208 1681 1265 1764 qui
1278 1683 1401 1749 bellum

226 1791 366 1875 jubent,
400 1809 441 1856 ne
470 1789 621 1857 ultimum
656 1790 740 1855 illud
772 1789 974 1856 necessitatis
1009 1793 1110 1858 telum
1133 1806 1315 1875 treatment,
1339 1792 1402 1857 nisi

226 1902 333 1986 justae
352 1900 481 1968 subsint
502 1920 629 1966 causae.
677 1899 794 1966 Cicero
817 1898 847 1964 ⁸:
870 1900 934 1965 illa
954 1900 1182 1987 bellainjusta
1195 1915 1293 1982 sunt,
1318 1922 1404 1988 quac

228 2025 306 2076 tunt
328 2015 398 2076 sinc
418 2030 523 2076 causa
545 2025 707 2096 suscepta.
750 2011 812 2096 Jus
832 2026 940 2076 autern
957 2030 1075 2094 omne,
1099 2013 1190 2094 quod
1206 2012 1403 2078 nobiscum-

228 2122 326 2204 petit,
348 2123 389 2188 ad
401 2136 544 2204 quatuor
556 2124 643 2206 leges
657 2120 768 2187 referri
778 2136 899 2205 potest,
911 2122 1047 2204 primam
1059 2170 1071 2203 ,
1084 2123 1283 2202 secundam,
1307 2122 1403 2204 quin-

119 2273 127 2281 -
227 2247 293 2298 tam
316 2246 349 2299 et
370 2245 506 2300 sextam.
551 2232 639 2298 Nam
662 2233 758 2299 tertia
779 2245 812 2298 et
834 2247 974 2314 quarta,
998 2233 1025 2299 si
1047 2233 1088 2298 ad
1098 2233 1221 2298 bonum
1233 2231 1402 2315 proprium

228 2341 460 2423 invertuntur,
496 2363 514 2409 a
543 2341 646 2426 prima
680 2358 712 2408 et
742 2343 884 2408 secunda
902 2343 986 2408 nihil
1018 2342 1222 2425 discrepant,
1257 2341 1404 2408 terminis

229 2451 389 2518 duntaxat
418 2453 639 2519 commutatis.
685 2453 830 2536 Septima
859 2468 965 2518 autem
1001 2467 1033 2517 et
1063 2467 1205 2518 caeterae
1226 2471 1339 2519 omnes
1362 2450 1403 2519 ad

226 2563 331 2646 legem
364 2577 488 2628 sextam
521 2563 727 2644 referuntur,
752 2562 951 2628 adminiculo
972 2562 1102 2629 seilicet
1123 2564 1253 2648 regulae
1273 2564 1400 2629 tertiae.

227 2673 353 2738 Bellum
387 2673 488 2758 igitur
510 2661 605 2739 omne
627 2689 770 2755 quatuor
790 2691 957 2738 causarum
978 2693 1018 2738 ex
1037 2673 1146 2756 aliqua
1167 2673 1244 2737 oriri
1268 2691 1402 2739 neeesse

228 2798 289 2850 cst.
333 2781 441 2849 Prima
462 2798 511 2850 est
531 2785 582 2850 sui
604 2782 774 2864 defensio,
791 2791 838 2848 'ex
862 2785 932 2866 lege
954 2783 1070 2866 prima.
1106 2783 1193 2848 Nam
1207 2797 1245 2846 ut
1258 2782 1400 2847 Cicero*

227 2893 359 2977 inquit,
383 2893 473 2960 illud
482 2908 529 2959 est
541 2893 706 2960 nonmodo
718 2896 866 2980 justum,
890 2893 1059 2959 sedetiam
1072 2896 1401 2973 necessarium,cum

226 3009 262 3072 ui
280 3009 330 3073 uis
361 3005 465 3071 illata
498 3003 706 3089 defenditur.
754 3005 801 3070 Et
832 3007 934 3071 multa
967 3019 1045 3070 sunt
1079 3005 1167 3087 apud
1198 3011 1347 3070 auctores
1367 3003 1401 3069 in

228 3134 296 3180 eam
308 3115 510 3181 sententiam.
555 3116 669 3182 Altera
698 3130 748 3182 est
768 3117 897 3182 obrem
919 3135 1010 3181 suam
1023 3161 1035 3194 ,
1048 3135 1088 3180 ex
1111 3117 1183 3199 lege
1203 3115 1348 3180 secunda
1370 3127 1400 3178 ⁶:

227 3227 315 3293 unde
338 3247 404 3292 non
427 3226 574 3294 resistere
595 3227 753 3292 duntaxat
775 3225 873 3306 licet,
897 3245 1012 3291 verum
1037 3225 1132 3289 etiam
1156 3223 1307 3309 dejicere.
1331 3224 1400 3291 Res

228 3352 334 3403 autern
365 3337 574 3420 intelligenda
610 3352 659 3403 est
691 3356 757 3402 non
781 3351 907 3402 tantum
931 3335 1129 3418 corporalis,
1153 3335 1210 3400 sed
1230 3334 1285 3418 jus
1305 3333 1399 3400 etiam

227 3466 322 3514 omne
363 3463 460 3530 atque
493 3448 574 3514 adeo
597 3448 683 3513 bona
706 3446 812 3527 fama,
848 3466 932 3530 quae
955 3445 1051 3511 bonis
1070 3447 1145 3531 iure
1167 3445 1301 3528 propria
1325 3460 1398 3526 est,

227 3578 361 3641 quaque
391 3557 523 3641 spoliari
554 3559 686 3624 minime
718 3557 847 3624 debent.
898 3555 1036 3639 Tertia,
1069 3577 1152 3638 quae
1187 3576 1204 3620 a
1234 3555 1400 3639 plerisque

227 3667 347 3736 omissa
370 3684 442 3749 est,
477 3670 520 3736 ob
548 3669 695 3734 debitum
720 3689 758 3733 ex
781 3682 951 3733 contractu
974 3682 1031 3734 aut
1051 3667 1150 3732 simili
1172 3666 1308 3732 ratione.
1334 3665 1401 3748 Sed

115 3803 119 3811 =
227 3778 348 3845 idcirco
371 3780 578 3862 praeteritum
601 3781 663 3844 hoc
687 3795 769 3861 puto
793 3800 810 3844 a
834 3779 1024 3860 nonnullis,
1048 3777 1126 3858 quia
1149 3791 1183 3843 et
1202 3776 1293 3859 quod
1305 3776 1401 3842 nobis

261 4157 269 4190 ¹
288 4157 368 4208 Arlst.
386 4158 418 4208 de
441 4169 506 4208 mor.
529 4161 561 4208 ad
586 4153 688 4206 Nicom.
707 4155 725 4204 l.
745 4167 767 4213 s.
786 4168 809 4204 c.
834 4167 872 4204 ro.
892 4150 929 4219 [p.
950 4163 1023 4212 ¹135·
1044 4165 1066 4204 1.
1083 4165 1121 4204 vs.
1142 4151 1193 4217 rs.]
1212 4154 1274 4201 lnst.
1291 4153 1324 4200 de
1341 4149 1401 4207 just.

227 4257 253 4295 et
269 4245 333 4304 iure.
355 4247 382 4296 ln
405 4263 445 4310 pr.
470 4249 503 4311 [l.
524 4263 543 4297 1.
565 4247 600 4312 1.]
637 4244 723 4296 ⁸Pan.
741 4246 768 4296 in
786 4260 809 4295 c.
827 4245 902 4295 sicut.
918 4247 950 4295 de
967 4243 1071 4303 iureiur.
1091 4245 1230 4306 [Decretal.
1248 4256 1271 4291 a.
1288 4256 1327 4302 24.
1346 4239 1397 4304 no]

226 4349 251 4384 n.
271 4349 310 4385 ια.
328 4337 396 4387 Vict.
416 4341 448 4388 de
471 4336 528 4396 iure
550 4337 621 4387 belli.
645 4352 670 4386 n.
695 4351 734 4385 21.
768 4336 779 4369 ⁸
797 4338 829 4386 de
846 4351 900 4397 rep.
918 4337 934 4384 l.
954 4349 977 4394 3.
995 4337 1030 4397 [c.
1050 4332 1197 4398 23.§.18.]
1218 4347 1258 4394 ap.
1276 4331 1400 4381 Isidorum

231 4423 313 4490 [Orig.
330 4430 348 4476 l.
368 4429 406 4477 rt.
424 4443 447 4478 c.
467 4427 501 4492 r.]
536 4427 548 4460 ⁴
566 4425 627 4492 [pro
646 4425 747 4477 Milone
764 4443 785 4476 e.
800 4441 824 4489 4.
837 4431 859 4486 ξ.
875 4427 912 4490 9.]
948 4425 959 4458 ⁸
976 4427 994 4474 l.
1017 4438 1040 4484 ³·
1053 4431 1074 4485 5.
1092 4437 1148 4474 cunr
1161 4425 1246 4485 igitur.
1261 4422 1400 4474 ffideviet

229 4515 257 4565 vi
275 4527 374 4565 armma.
393 4519 437 4580 [D.
449 4531 490 4580 4³·
511 4519 549 4567 16.
563 4530 586 4576 3.
602 4519 623 4580 ς.
638 4519 674 4581 9.]
694 4531 717 4567 c.
734 4517 838 4575 justum.
858 4516 945 4580 [Dect.
964 4517 1031 4564 Grat.
1048 4530 1073 4576 p.
1090 4530 1113 4563 c.
1130 4527 1170 4572 ca.
1188 4528 1211 4562 2.
1231 4511 1265 4577 1.]

1232 4604 1271 4684 5*
