3546 5654
392 674 452 734 228
706 685 752 732 oa
776 685 869 751 juxa
895 673 1080 734 'ronanam
1105 685 1184 733 cnr.
1211 687 1275 732 x11.

390 841 538 922 undique
571 839 786 906 excludimur.
831 840 922 928 Quin
949 854 981 905 et
1012 841 1059 905 illl
1090 840 1148 923 qui
1177 856 1335 907 terrarum
1366 842 1477 907 orbem
1500 843 1564 908 cir-

390 953 555 1018 cumvecti
578 967 675 1029 sunt,
695 966 800 1016 totum
824 949 887 1016 sibi
900 971 1057 1016 oceanum
1079 952 1297 1034 acquisivisse
1316 941 1445 1018 dicendi
1459 969 1563 1018 erunt.

391 1064 456 1129 Sed
486 1083 580 1128 nemo
603 1062 709 1128 nescit
728 1082 844 1127 navem
866 1083 924 1145 per
944 1083 1032 1128 mare
1059 1078 1277 1130 transeuntem
1302 1085 1367 1130 non
1389 1067 1464 1148 plus
1483 1065 1565 1149 juris

390 1195 487 1258 quam
517 1173 649 1258 vestigii
681 1174 874 1256 relinquere.
920 1173 1045 1239 Verum
1078 1174 1173 1240 etiam
1203 1175 1294 1256 quod
1317 1174 1380 1240 sibi
1410 1191 1566 1256 sumunt,

391 1287 551 1353 neminem
581 1300 654 1350 ante
687 1285 777 1367 ipsos
799 1305 871 1352 eum
895 1305 1052 1352 occanum
1075 1286 1270 1371 navigasse,
1295 1288 1329 1352 id
1351 1285 1484 1352 minime
1509 1308 1565 1352 ve-

390 1419 462 1463 rum
493 1413 552 1463 est.
595 1397 718 1480 Magna
746 1396 830 1462 enim
855 1417 929 1479 pars
949 1398 1020 1482 ejus
1041 1397 1081 1463 de
1103 1417 1171 1480 quo
1194 1398 1303 1483 agitur
1322 1398 1419 1464 maris
1442 1399 1565 1464 ambitu

391 1508 611 1576 Mauritaniae
641 1510 706 1593 jam
738 1509 815 1574 olim
848 1508 1000 1593 navigata
1024 1523 1074 1574 est
1096 1511 1125 1573 ¹:
1149 1507 1285 1575 ulterior
1306 1525 1339 1575 et
1355 1510 1388 1575 in
1408 1510 1566 1576 orientem

391 1640 529 1706 vergens
558 1620 710 1686 victoriis
732 1619 840 1704 magni
866 1619 1046 1685 Alexandri
1070 1622 1206 1686 lustrata
1230 1636 1280 1687 est
1301 1641 1404 1703 usque
1427 1622 1461 1687 in
1484 1624 1566 1687 Ara-

392 1731 501 1798 bicum
524 1731 644 1798 sinum.
693 1730 782 1796 Olim
805 1745 912 1796 autem
934 1732 1018 1796 hanc
1038 1731 1279 1815 navigationem
1301 1731 1474 1799 Gaditanis
1494 1753 1566 1815 per-

391 1844 554 1929 cognitam
578 1842 682 1909 fuisse
704 1844 807 1907 multa
828 1856 1020 1927 argumento
1033 1857 1128 1909 sunt:
1153 1843 1236 1908 Caio
1250 1844 1402 1922 Caesare,
1419 1843 1566 1928 Augusti

393 1955 484 2035 filio,
509 1955 542 2020 in
560 1954 703 2019 Arabico
726 1953 802 2019 sinu
821 1973 872 2020 res
893 1968 1025 2037 gerente
1046 1954 1137 2038 signa
1157 1954 1290 2020 navium
1313 1975 1351 2019 ex
1371 1955 1568 2038 Hispanien-

393 2067 484 2132 sibus
514 2064 694 2150 naufragiis
726 2065 858 2148 agnita,
893 2079 925 2130 et
948 2066 1039 2148 quod
1060 2065 1194 2132 Caelius
1216 2066 1391 2148 Antipater
1410 2066 1566 2148 tradidit,

392 2177 515 2244 vidisse
546 2197 580 2244 se
608 2177 665 2260 qui
697 2197 736 2242 ex
760 2177 921 2259 Hispania
951 2177 983 2241 in
1008 2175 1221 2259 Aethiopiam
1256 2178 1442 2244 commercii
1466 2178 1567 2262 gratia

392 2290 588 2373 navigasset.
635 2287 744 2354 Etiam
774 2288 961 2354 Arabibus:
992 2287 1019 2354 si
1045 2307 1159 2354 verum
1191 2301 1241 2353 est
1271 2289 1362 2370 quod
1391 2289 1568 2356 Cornelius

393 2401 509 2483 Nepos
542 2400 694 2478 tradidit,
719 2399 897 2464 Eudoxum
929 2399 1100 2482 quemdam
1131 2419 1190 2464 sua
1222 2412 1324 2465 aetate
1345 2419 1417 2465 cum
1442 2400 1566 2484 Lathy-

394 2533 489 2594 rum,
533 2532 641 2596 regem
674 2509 914 2590 Alexandriae,
948 2508 1078 2594 fugeret
1110 2510 1257 2576 Arabico
1290 2510 1363 2577 sinu
1400 2531 1565 2596 egressum

395 2623 506 2689 Gades
541 2642 647 2705 usque
680 2635 880 2704 pervectum.
926 2621 1056 2687 Poenos
1086 2636 1219 2703 autem,
1254 2620 1311 2704 qui
1343 2641 1377 2687 re
1409 2621 1566 2687 maritima

393 2735 571 2819 plurimum
609 2735 810 2815 valuerunt,
855 2753 928 2798 eum
968 2751 1125 2798 oceanum
1160 2751 1228 2799 non
1269 2732 1435 2818 ignorasse
1470 2735 1567 2817 longe

393 2847 609 2912 certissimum
643 2861 713 2925 est,
746 2864 820 2910 cum
852 2845 972 2911 Hanno
1007 2843 1218 2929 Carthaginis
1250 2843 1397 2928 potentia
1430 2844 1567 2910 florente

394 2958 634 3024 circumvectus
665 2976 682 3022 a
715 2955 867 3022 Gadibus
901 2955 942 3020 ad
972 2954 1070 3020 finem
1099 2955 1264 3034 Arabiae,
1286 2956 1567 3039 praeternavigato

394 3068 519 3136 scilicet
540 3067 768 3150 promontorio
791 3067 884 3149 quod
904 3085 990 3132 nunc
1009 3066 1117 3132 Bonae
1141 3065 1220 3149 Spei
1244 3066 1365 3131 dicitur
1387 3067 1503 3150 (vetus
1518 3066 1568 3132 vi·

394 3180 490 3245 detur
519 3198 637 3244 nomen
669 3178 854 3261 Hesperion
886 3178 986 3244 Ceras
1019 3177 1141 3264 fuisse)
1172 3197 1267 3243 omne
1299 3179 1334 3244 id
1362 3177 1423 3244 iter
1445 3178 1567 3260 scripto

394 3291 586 3372 complexus
619 3289 684 3369 sit,
717 3304 923 3371 testatusque
956 3290 997 3355 ad
1025 3289 1177 3356 ultimum
1206 3307 1273 3355 non
1293 3309 1381 3356 mare
1403 3288 1487 3365 sibi,
1509 3289 1568 3354 sed
1615 3348 1617 3356 ,

394 3415 609 3466 commeatum
642 3399 799 3468 defuisse.
853 3401 908 3466 Ab
940 3399 1084 3487 Arabico
1119 3415 1225 3466 autem
1260 3399 1335 3466 sinu
1370 3401 1409 3466 ad
1443 3399 1567 3465 Indiam

395 3512 566 3594 indicique
590 3513 703 3578 oceani
725 3513 849 3580 insulas
871 3527 903 3578 et
926 3531 1053 3578 auream
1067 3531 1173 3593 usque
1186 3511 1449 3591 Chersonesum,
1470 3531 1566 3592 quam

396 3643 466 3691 esse
494 3624 648 3708 Japanem
681 3624 817 3689 credunt
849 3623 1015 3706 plerique,
1050 3623 1146 3689 etiam
1180 3642 1214 3689 re
1249 3624 1399 3688 Romana
1433 3623 1568 3688 florente

394 3735 540 3820 navigari
575 3735 730 3817 solitum,
764 3735 825 3801 iter
853 3757 871 3800 a
899 3734 1007 3801 Plinio
1030 3731 1042 3768 ²
1066 3733 1286 3816 descriptum,
1321 3734 1498 3819 legationes
1530 3734 1570 3798 ab

396 3847 485 3912 Indis
508 3847 549 3911 ad
560 3848 772 3932 Augustum,
796 3848 838 3912 ad
850 3845 1027 3912 Claudium
1052 3845 1148 3912 etiam
1173 3865 1212 3910 ex
1224 3844 1423 3928 Taprobane
1445 3845 1570 3925 insula,

396 3958 513 4024 deinde
548 3973 637 4043 gesta
671 3957 806 4042 Trajani
841 3971 874 4023 et
901 3958 1031 4024 tabulae
1064 3956 1241 4023 Ptolemaei
1274 3957 1354 4024 satis
1383 3958 1571 4024 ostendunt.

392 4070 464 4154 Jam
488 4089 549 4136 suo
573 4084 720 4152 tempore
745 4070 864 4135 Strabo
888 4067 899 4102 ⁸
923 4067 1221 4135 Alexandrinorum
1249 4082 1464 4133 mercatorum
1489 4069 1571 4132 clas-

396 4199 462 4246 sem
487 4201 527 4246 ex
551 4179 695 4246 Arabico
719 4180 795 4246 sinu
818 4195 856 4246 ut
877 4180 1075 4264 Aethiopiae
1097 4179 1231 4253 ultima,
1260 4177 1305 4243 ita
1329 4193 1360 4244 et
1383 4177 1493 4243 Indiae
1515 4198 1571 4261 pe·

432 4441 440 4473 ¹
466 4455 498 4489 ex
523 4441 605 4490 Plinio
630 4446 646 4490 l.
672 4457 696 4490 α.
720 4455 742 4490 c.
759 4443 800 4504 69.
818 4454 843 4490 et
861 4445 878 4490 1.
897 4442 920 4490 6.
939 4455 961 4490 c.
980 4455 1020 4499 31.
1038 4453 1063 4490 ct
1082 4443 1159 4489 Mela.
1178 4443 1195 4490 1.
1214 4453 1237 4497 3.
1256 4439 1291 4502 [c.
1311 4439 1347 4504 9.]
1385 4436 1430 4488 ²1.
1448 4441 1472 4488 6.
1490 4454 1513 4488 c.
1532 4452 1572 4496 23.

396 4529 406 4562 ³
426 4535 442 4579 l.
461 4545 484 4580 a.
505 4531 543 4594 [p.
564 4531 794 4595 179.a.casaub.]
815 4535 874 4580 etl.
895 4545 933 4590 17.
953 4531 990 4595 [p.
1012 4545 1083 4593 1149.
1102 4531 1137 4592 c.]
