<?xml version="1.0" encoding="UTF-8"?>
<!DOCTYPE html PUBLIC "-//W3C//DTD XHTML 1.0 Transitional//EN"
    "http://www.w3.org/TR/xhtml1/DTD/xhtml1-transitional.dtd">
<html xmlns="http://www.w3.org/1999/xhtml" xml:lang="en" lang="en">
 <head>
  <title>
</title>
<meta http-equiv="Content-Type" content="text/html;charset=utf-8" />
  <meta name='ocr-system' content='tesseract 3.04.00' />
  <meta name='ocr-capabilities' content='ocr_page ocr_carea ocr_par ocr_line ocrx_word'/>
</head>
<body>
  <div class='ocr_page' id='page_1' title='image "./ledroitdeprised00hamagoog_0119.png"; bbox 0 0 3552 5654; ppageno 0'>
   <div class='ocr_carea' id='block_1_1' title="bbox 537 630 1124 702">
    <p class='ocr_par' dir='ltr' id='par_1_1' title="bbox 537 630 1124 702">
     <span class='ocr_line' id='line_1_1' title="bbox 537 630 1124 702; baseline -0.007 -20"><span class='ocrx_word' id='word_1_1' title='bbox 537 637 583 682; x_wconf 77' lang='lat' dir='ltr'>DE</span> <span class='ocrx_word' id='word_1_2' title='bbox 607 635 700 702; x_wconf 74' lang='lat' dir='ltr'>June</span> <span class='ocrx_word' id='word_1_3' title='bbox 727 635 912 684; x_wconf 75' lang='lat' dir='ltr'><strong>PRAEDAE.</strong></span> <span class='ocrx_word' id='word_1_4' title='bbox 938 633 1020 680; x_wconf 78' lang='lat' dir='ltr'><strong>CAP.</strong></span> <span class='ocrx_word' id='word_1_5' title='bbox 1045 630 1124 678; x_wconf 90' lang='lat' dir='ltr'>v111.</span> 
     </span>
    </p>
   </div>
   <div class='ocr_carea' id='block_1_2' title="bbox 235 784 1563 3865">
    <p class='ocr_par' dir='ltr' id='par_1_2' title="bbox 414 784 1274 1430">
     <span class='ocr_line' id='line_1_2' title="bbox 418 784 1111 876; baseline -0.006 -20"><span class='ocrx_word' id='word_1_6' title='bbox 418 788 542 856; x_wconf 78' lang='lat' dir='ltr'><em>Vicina</em></span> <span class='ocrx_word' id='word_1_7' title='bbox 565 788 703 855; x_wconf 76' lang='lat' dir='ltr'>Theseus</span> <span class='ocrx_word' id='word_1_8' title='bbox 727 793 786 876; x_wconf 84' lang='lat' dir='ltr'>qui</span> <span class='ocrx_word' id='word_1_9' title='bbox 809 802 897 856; x_wconf 83' lang='lat' dir='ltr'>tenet</span> <span class='ocrx_word' id='word_1_10' title='bbox 920 789 1018 874; x_wconf 82' lang='lat' dir='ltr'>regni</span> <span class='ocrx_word' id='word_1_11' title='bbox 1040 784 1111 852; x_wconf 86' lang='lat' dir='ltr'>sola</span> 
     </span>
     <span class='ocr_line' id='line_1_3' title="bbox 419 897 1199 986; baseline -0.008 -20"><span class='ocrx_word' id='word_1_12' title='bbox 419 902 572 967; x_wconf 82' lang='lat' dir='ltr'>Humare</span> <span class='ocrx_word' id='word_1_13' title='bbox 587 905 696 986; x_wconf 86' lang='lat' dir='ltr'>poscit</span> <span class='ocrx_word' id='word_1_14' title='bbox 719 915 888 967; x_wconf 84' lang='lat' dir='ltr'>mortuos:</span> <span class='ocrx_word' id='word_1_15' title='bbox 911 898 1000 986; x_wconf 83' lang='lat' dir='ltr'>quod</span> <span class='ocrx_word' id='word_1_16' title='bbox 1019 901 1048 963; x_wconf 84' lang='lat' dir='ltr'>si</span> <span class='ocrx_word' id='word_1_17' title='bbox 1070 897 1199 979; x_wconf 79' lang='lat' dir='ltr'>datur,</span> 
     </span>
     <span class='ocr_line' id='line_1_4' title="bbox 418 1007 1199 1100; baseline -0.003 -24"><span class='ocrx_word' id='word_1_18' title='bbox 418 1012 473 1077; x_wconf 82' lang='lat' dir='ltr'>Sit</span> <span class='ocrx_word' id='word_1_19' title='bbox 495 1016 606 1078; x_wconf 85' lang='lat' dir='ltr'>amica</span> <span class='ocrx_word' id='word_1_20' title='bbox 621 1011 733 1096; x_wconf 79' lang='lat' dir='ltr'>faciet</span> <span class='ocrx_word' id='word_1_21' title='bbox 753 1032 832 1100; x_wconf 80' lang='lat' dir='ltr'>gens</span> <span class='ocrx_word' id='word_1_22' title='bbox 857 1007 1102 1078; x_wconf 75' lang='lat' dir='ltr'>Erechthidum</span> <span class='ocrx_word' id='word_1_23' title='bbox 1125 1009 1199 1074; x_wconf 84' lang='lat' dir='ltr'>tibi.</span> 
     </span>
     <span class='ocr_line' id='line_1_5' title="bbox 420 1118 1274 1208; baseline -0.005 -20"><span class='ocrx_word' id='word_1_24' title='bbox 420 1121 568 1205; x_wconf 79' lang='lat' dir='ltr'>Quaeri</span> <span class='ocrx_word' id='word_1_25' title='bbox 585 1122 803 1208; x_wconf 82' lang='lat' dir='ltr'>probantur,</span> <span class='ocrx_word' id='word_1_26' title='bbox 826 1135 898 1186; x_wconf 84' lang='lat' dir='ltr'>tum</span> <span class='ocrx_word' id='word_1_27' title='bbox 921 1120 1014 1204; x_wconf 79' lang='lat' dir='ltr'>resec</span> <span class='ocrx_word' id='word_1_28' title='bbox 1036 1132 1129 1190; x_wconf 76' lang='lat' dir='ltr'>reiro</span> <span class='ocrx_word' id='word_1_29' title='bbox 1145 1118 1274 1206; x_wconf 82' lang='lat' dir='ltr'>pedem.</span> 
     </span>
     <span class='ocr_line' id='line_1_6' title="bbox 419 1230 1214 1317; baseline -0.003 -20"><span class='ocrx_word' id='word_1_30' title='bbox 419 1233 480 1299; x_wconf 85' lang='lat' dir='ltr'>Sin</span> <span class='ocrx_word' id='word_1_31' title='bbox 502 1254 592 1298; x_wconf 88' lang='lat' dir='ltr'>nemo</span> <span class='ocrx_word' id='word_1_32' title='bbox 609 1242 733 1317; x_wconf 80' lang='lat' dir='ltr'>paret,</span> <span class='ocrx_word' id='word_1_33' title='bbox 756 1233 859 1301; x_wconf 70' lang='lat' dir='ltr'>certa</span> <span class='ocrx_word' id='word_1_34' title='bbox 882 1235 950 1297; x_wconf 84' lang='lat' dir='ltr'>sint</span> <span class='ocrx_word' id='word_1_35' title='bbox 972 1231 1054 1296; x_wconf 81' lang='lat' dir='ltr'>haec</span> <span class='ocrx_word' id='word_1_36' title='bbox 1076 1230 1214 1296; x_wconf 83' lang='lat' dir='ltr'>altera:</span> 
     </span>
     <span class='ocr_line' id='line_1_7' title="bbox 414 1341 1233 1430; baseline 0.001 -25"><span class='ocrx_word' id='word_1_37' title='bbox 414 1343 497 1430; x_wconf 82' lang='lat' dir='ltr'>Jant</span> <span class='ocrx_word' id='word_1_38' title='bbox 520 1361 596 1406; x_wconf 76' lang='lat' dir='ltr'>mox</span> <span class='ocrx_word' id='word_1_39' title='bbox 620 1354 658 1406; x_wconf 83' lang='lat' dir='ltr'>ut</span> <span class='ocrx_word' id='word_1_40' title='bbox 681 1361 781 1408; x_wconf 82' lang='lat' dir='ltr'>arma</span> <span class='ocrx_word' id='word_1_41' title='bbox 800 1341 899 1426; x_wconf 84' lang='lat' dir='ltr'>pubis</span> <span class='ocrx_word' id='word_1_42' title='bbox 923 1353 1109 1427; x_wconf 77' lang='lat' dir='ltr'><em>exspectent</em></span> <span class='ocrx_word' id='word_1_43' title='bbox 1132 1361 1233 1406; x_wconf 54' lang='lat' dir='ltr'>meae,</span> 
     </span>
    </p>

    <p class='ocr_par' dir='ltr' id='par_1_3' title="bbox 235 1450 1563 3865">
     <span class='ocr_line' id='line_1_8' title="bbox 287 1450 1416 1533; baseline -0.004 -13"><span class='ocrx_word' id='word_1_44' title='bbox 287 1453 334 1520; x_wconf 90' lang='lat' dir='ltr'>Et</span> <span class='ocrx_word' id='word_1_45' title='bbox 354 1450 472 1518; x_wconf 85' lang='lat' dir='ltr'>similia</span> <span class='ocrx_word' id='word_1_46' title='bbox 493 1471 511 1518; x_wconf 94' lang='lat' dir='ltr'>a</span> <span class='ocrx_word' id='word_1_47' title='bbox 533 1451 677 1518; x_wconf 84' lang='lat' dir='ltr'>Creonte</span> <span class='ocrx_word' id='word_1_48' title='bbox 700 1450 832 1520; x_wconf 85' lang='lat' dir='ltr'>Theseo</span> <span class='ocrx_word' id='word_1_49' title='bbox 855 1451 1071 1533; x_wconf 84' lang='lat' dir='ltr'>nuntiantur,</span> <span class='ocrx_word' id='word_1_50' title='bbox 1096 1466 1134 1517; x_wconf 92' lang='lat' dir='ltr'>ut</span> <span class='ocrx_word' id='word_1_51' title='bbox 1155 1450 1324 1518; x_wconf 90' lang='lat' dir='ltr'>videamus</span> <span class='ocrx_word' id='word_1_52' title='bbox 1346 1470 1416 1516; x_wconf 92' lang='lat' dir='ltr'>mo·</span> 
     </span>
     <span class='ocr_line' id='line_1_9' title="bbox 243 1561 1416 1646; baseline -0.001 -16"><span class='ocrx_word' id='word_1_53' title='bbox 243 1585 311 1630; x_wconf 86' lang='lat' dir='ltr'>rem</span> <span class='ocrx_word' id='word_1_54' title='bbox 335 1563 492 1630; x_wconf 80' lang='lat' dir='ltr'>Graeciae</span> <span class='ocrx_word' id='word_1_55' title='bbox 516 1563 551 1628; x_wconf 92' lang='lat' dir='ltr'>in</span> <span class='ocrx_word' id='word_1_56' title='bbox 570 1562 734 1646; x_wconf 83' lang='lat' dir='ltr'>tragoedia</span> <span class='ocrx_word' id='word_1_57' title='bbox 757 1581 962 1646; x_wconf 88' lang='lat' dir='ltr'>expressum:</span> <span class='ocrx_word' id='word_1_58' title='bbox 988 1562 1046 1645; x_wconf 90' lang='lat' dir='ltr'>qui</span> <span class='ocrx_word' id='word_1_59' title='bbox 1076 1577 1109 1634; x_wconf 92' lang='lat' dir='ltr'>et</span> <span class='ocrx_word' id='word_1_60' title='bbox 1135 1562 1170 1626; x_wconf 90' lang='lat' dir='ltr'>in</span> <span class='ocrx_word' id='word_1_61' title='bbox 1190 1561 1328 1630; x_wconf 87' lang='lat' dir='ltr'>historia</span> <span class='ocrx_word' id='word_1_62' title='bbox 1346 1562 1416 1629; x_wconf 90' lang='lat' dir='ltr'>Ro-</span> 
     </span>
     <span class='ocr_line' id='line_1_10' title="bbox 244 1671 1563 1780; baseline -0.003 -38"><span class='ocrx_word' id='word_1_63' title='bbox 244 1695 337 1742; x_wconf 91' lang='lat' dir='ltr'>mana</span> <span class='ocrx_word' id='word_1_64' title='bbox 359 1675 479 1758; x_wconf 86' lang='lat' dir='ltr'>passim</span> <span class='ocrx_word' id='word_1_65' title='bbox 502 1674 655 1741; x_wconf 89' lang='lat' dir='ltr'>occurrit.</span> <span class='ocrx_word' id='word_1_66' title='bbox 701 1673 795 1760; x_wconf 86' lang='lat' dir='ltr'>Quae</span> <span class='ocrx_word' id='word_1_67' title='bbox 815 1689 922 1740; x_wconf 89' lang='lat' dir='ltr'>autem</span> <span class='ocrx_word' id='word_1_68' title='bbox 943 1674 1009 1740; x_wconf 91' lang='lat' dir='ltr'>duo</span> <span class='ocrx_word' id='word_1_69' title='bbox 1033 1673 1094 1740; x_wconf 90' lang='lat' dir='ltr'>ista</span> <span class='ocrx_word' id='word_1_70' title='bbox 1117 1672 1164 1742; x_wconf 89' lang='lat' dir='ltr'>sic</span> <span class='ocrx_word' id='word_1_71' title='bbox 1185 1671 1563 1780; x_wconf 50' lang='lat' dir='ltr'>complectitutgmtgjt</span> 
     </span>
     <span class='ocr_line' id='line_1_11' title="bbox 236 1783 1507 1869; baseline -0.003 -16"><span class='ocrx_word' id='word_1_72' title='bbox 236 1802 382 1853; x_wconf 81' lang='lat' dir='ltr'>¹vocatur</span> <span class='ocrx_word' id='word_1_73' title='bbox 413 1785 619 1852; x_wconf 82' lang='lat' dir='ltr'>denuntiatio</span> <span class='ocrx_word' id='word_1_74' title='bbox 648 1785 719 1852; x_wconf 88' lang='lat' dir='ltr'>sive</span> <span class='ocrx_word' id='word_1_75' title='bbox 751 1784 902 1852; x_wconf 79' lang='lat' dir='ltr'>indictio,</span> <span class='ocrx_word' id='word_1_76' title='bbox 949 1784 982 1850; x_wconf 91' lang='lat' dir='ltr'>Is</span> <span class='ocrx_word' id='word_1_77' title='bbox 1013 1803 1092 1852; x_wconf 86' lang='lat' dir='ltr'>vero</span> <span class='ocrx_word' id='word_1_78' title='bbox 1123 1785 1181 1869; x_wconf 91' lang='lat' dir='ltr'>qui</span> <span class='ocrx_word' id='word_1_79' title='bbox 1214 1783 1306 1868; x_wconf 90' lang='lat' dir='ltr'>prius</span> <span class='ocrx_word' id='word_1_80' title='bbox 1327 1783 1507 1850; x_wconf 65' lang='lat' dir='ltr'>misitdtcn·</span> 
     </span>
     <span class='ocr_line' id='line_1_12' title="bbox 242 1895 1415 1981; baseline 0.001 -19"><span class='ocrx_word' id='word_1_81' title='bbox 242 1918 294 1964; x_wconf 90' lang='lat' dir='ltr'>res</span> <span class='ocrx_word' id='word_1_82' title='bbox 316 1898 514 1981; x_wconf 88' lang='lat' dir='ltr'>repetitum,</span> <span class='ocrx_word' id='word_1_83' title='bbox 537 1915 605 1962; x_wconf 91' lang='lat' dir='ltr'>non</span> <span class='ocrx_word' id='word_1_84' title='bbox 627 1910 758 1962; x_wconf 88' lang='lat' dir='ltr'>tenetur</span> <span class='ocrx_word' id='word_1_85' title='bbox 779 1896 897 1964; x_wconf 86' lang='lat' dir='ltr'>iterum</span> <span class='ocrx_word' id='word_1_86' title='bbox 920 1895 1129 1966; x_wconf 88' lang='lat' dir='ltr'>denuntiare:</span> <span class='ocrx_word' id='word_1_87' title='bbox 1154 1896 1213 1964; x_wconf 88' lang='lat' dir='ltr'>sed</span> <span class='ocrx_word' id='word_1_88' title='bbox 1233 1895 1415 1978; x_wconf 84' lang='lat' dir='ltr'>sicutquae</span> 
     </span>
     <span class='ocr_line' id='line_1_13' title="bbox 242 2007 1417 2092; baseline -0.002 -16"><span class='ocrx_word' id='word_1_89' title='bbox 242 2025 319 2092; x_wconf 91' lang='lat' dir='ltr'>post</span> <span class='ocrx_word' id='word_1_90' title='bbox 347 2009 540 2076; x_wconf 88' lang='lat' dir='ltr'>sententiam</span> <span class='ocrx_word' id='word_1_91' title='bbox 573 2020 773 2091; x_wconf 79' lang='lat' dir='ltr'>usurpantur</span> <span class='ocrx_word' id='word_1_92' title='bbox 801 2008 930 2089; x_wconf 88' lang='lat' dir='ltr'>edicta,</span> <span class='ocrx_word' id='word_1_93' title='bbox 965 2027 1031 2076; x_wconf 91' lang='lat' dir='ltr'>non</span> <span class='ocrx_word' id='word_1_94' title='bbox 1056 2028 1073 2075; x_wconf 90' lang='lat' dir='ltr'>a</span> <span class='ocrx_word' id='word_1_95' title='bbox 1096 2007 1241 2092; x_wconf 83' lang='lat' dir='ltr'>gentium</span> <span class='ocrx_word' id='word_1_96' title='bbox 1262 2009 1336 2092; x_wconf 77' lang='lat' dir='ltr'>iure</span> <span class='ocrx_word' id='word_1_97' title='bbox 1358 2007 1417 2074; x_wconf 89' lang='lat' dir='ltr'>sed</span> 
     </span>
     <span class='ocr_line' id='line_1_14' title="bbox 242 2117 1415 2204; baseline -0.001 -19"><span class='ocrx_word' id='word_1_98' title='bbox 242 2121 282 2185; x_wconf 91' lang='lat' dir='ltr'>ab</span> <span class='ocrx_word' id='word_1_99' title='bbox 305 2120 459 2187; x_wconf 88' lang='lat' dir='ltr'>instituto</span> <span class='ocrx_word' id='word_1_100' title='bbox 483 2134 561 2186; x_wconf 77' lang='lat' dir='ltr'>stult</span> <span class='ocrx_word' id='word_1_101' title='bbox 582 2120 746 2204; x_wconf 86' lang='lat' dir='ltr'>cujusque</span> <span class='ocrx_word' id='word_1_102' title='bbox 770 2117 935 2200; x_wconf 89' lang='lat' dir='ltr'>civitatis,</span> <span class='ocrx_word' id='word_1_103' title='bbox 959 2137 1025 2186; x_wconf 91' lang='lat' dir='ltr'>non</span> <span class='ocrx_word' id='word_1_104' title='bbox 1056 2118 1150 2186; x_wconf 89' lang='lat' dir='ltr'>aliter</span> <span class='ocrx_word' id='word_1_105' title='bbox 1181 2132 1214 2182; x_wconf 89' lang='lat' dir='ltr'>et</span> <span class='ocrx_word' id='word_1_106' title='bbox 1240 2117 1318 2184; x_wconf 91' lang='lat' dir='ltr'>belli</span> <span class='ocrx_word' id='word_1_107' title='bbox 1344 2137 1415 2184; x_wconf 90' lang='lat' dir='ltr'>sus-</span> 
     </span>
     <span class='ocr_line' id='line_1_15' title="bbox 241 2210 1415 2315; baseline -0.003 -19"><span class='ocrx_word' id='word_1_108' title='bbox 241 2231 384 2315; x_wconf 88' lang='lat' dir='ltr'>cipiendi</span> <span class='ocrx_word' id='word_1_109' title='bbox 406 2231 586 2310; x_wconf 87' lang='lat' dir='ltr'>solemnia,</span> <span class='ocrx_word' id='word_1_110' title='bbox 611 2229 638 2296; x_wconf 88' lang='lat' dir='ltr'>si</span> <span class='ocrx_word' id='word_1_111' title='bbox 662 2249 727 2311; x_wconf 85' lang='lat' dir='ltr'>qua</span> <span class='ocrx_word' id='word_1_112' title='bbox 746 2244 824 2298; x_wconf 84' lang='lat' dir='ltr'>sunt</span> <span class='ocrx_word' id='word_1_113' title='bbox 840 2241 968 2311; x_wconf 84' lang='lat' dir='ltr'>praeter</span> <span class='ocrx_word' id='word_1_114' title='bbox 995 2247 1136 2310; x_wconf 80' lang='lat' dir='ltr'>eaquae</span> <span class='ocrx_word' id='word_1_115' title='bbox 1158 2210 1300 2296; x_wconf 83' lang='lat' dir='ltr'>diximus</span> <span class='ocrx_word' id='word_1_116' title='bbox 1320 2227 1354 2307; x_wconf 88' lang='lat'>¹,</span> <span class='ocrx_word' id='word_1_117' title='bbox 1377 2243 1415 2306; x_wconf 89' lang='lat' dir='ltr'>ut</span> 
     </span>
     <span class='ocr_line' id='line_1_16' title="bbox 236 2338 1415 2421; baseline -0.003 -13"><span class='ocrx_word' id='word_1_118' title='bbox 236 2341 282 2408; x_wconf 80' lang='lat' dir='ltr'>&#39;de</span> <span class='ocrx_word' id='word_1_119' title='bbox 302 2342 456 2408; x_wconf 87' lang='lat' dir='ltr'>iterandis</span> <span class='ocrx_word' id='word_1_120' title='bbox 482 2339 809 2421; x_wconf 85' lang='lat' dir='ltr'>denuntiationibus,</span> <span class='ocrx_word' id='word_1_121' title='bbox 844 2357 910 2406; x_wconf 91' lang='lat' dir='ltr'>non</span> <span class='ocrx_word' id='word_1_122' title='bbox 932 2339 1062 2406; x_wconf 87' lang='lat' dir='ltr'>aliunde</span> <span class='ocrx_word' id='word_1_123' title='bbox 1086 2358 1183 2420; x_wconf 89' lang='lat' dir='ltr'>quam</span> <span class='ocrx_word' id='word_1_124' title='bbox 1205 2357 1246 2404; x_wconf 87' lang='lat' dir='ltr'>ex</span> <span class='ocrx_word' id='word_1_125' title='bbox 1268 2338 1415 2404; x_wconf 84' lang='lat' dir='ltr'>moribus</span> 
     </span>
     <span class='ocr_line' id='line_1_17' title="bbox 240 2448 1413 2536; baseline -0.002 -18"><span class='ocrx_word' id='word_1_126' title='bbox 240 2451 405 2536; x_wconf 87' lang='lat' dir='ltr'>cujusque</span> <span class='ocrx_word' id='word_1_127' title='bbox 423 2451 537 2534; x_wconf 91' lang='lat' dir='ltr'>populi</span> <span class='ocrx_word' id='word_1_128' title='bbox 558 2450 783 2530; x_wconf 89' lang='lat' dir='ltr'>descendunt,</span> <span class='ocrx_word' id='word_1_129' title='bbox 806 2449 898 2531; x_wconf 92' lang='lat' dir='ltr'>quod</span> <span class='ocrx_word' id='word_1_130' title='bbox 919 2465 951 2516; x_wconf 88' lang='lat' dir='ltr'>et</span> <span class='ocrx_word' id='word_1_131' title='bbox 971 2449 1145 2516; x_wconf 85' lang='lat' dir='ltr'>Maecenas</span> <span class='ocrx_word' id='word_1_132' title='bbox 1165 2449 1254 2533; x_wconf 91' lang='lat' dir='ltr'>apud</span> <span class='ocrx_word' id='word_1_133' title='bbox 1273 2448 1413 2516; x_wconf 88' lang='lat' dir='ltr'>Dionem</span> 
     </span>
     <span class='ocr_line' id='line_1_18' title="bbox 239 2560 1413 2645; baseline -0.003 -15"><span class='ocrx_word' id='word_1_134' title='bbox 239 2564 325 2629; x_wconf 88' lang='lat' dir='ltr'>velle</span> <span class='ocrx_word' id='word_1_135' title='bbox 363 2560 506 2627; x_wconf 88' lang='lat' dir='ltr'>videtur.</span> <span class='ocrx_word' id='word_1_136' title='bbox 563 2561 676 2626; x_wconf 90' lang='lat' dir='ltr'>Multa</span> <span class='ocrx_word' id='word_1_137' title='bbox 707 2562 777 2644; x_wconf 75' lang='lat' dir='ltr'>eius</span> <span class='ocrx_word' id='word_1_138' title='bbox 809 2560 935 2645; x_wconf 84' lang='lat' dir='ltr'>generis</span> <span class='ocrx_word' id='word_1_139' title='bbox 966 2560 1109 2626; x_wconf 87' lang='lat' dir='ltr'>Romani</span> <span class='ocrx_word' id='word_1_140' title='bbox 1140 2574 1340 2643; x_wconf 87' lang='lat' dir='ltr'>usurparunt</span> <span class='ocrx_word' id='word_1_141' title='bbox 1373 2561 1413 2626; x_wconf 90' lang='lat' dir='ltr'>ab</span> 
     </span>
     <span class='ocr_line' id='line_1_19' title="bbox 242 2670 1413 2756; baseline -0.003 -17"><span class='ocrx_word' id='word_1_142' title='bbox 242 2671 438 2755; x_wconf 86' lang='lat' dir='ltr'>Aequicolis</span> <span class='ocrx_word' id='word_1_143' title='bbox 465 2685 619 2753; x_wconf 84' lang='lat' dir='ltr'>accepta,</span> <span class='ocrx_word' id='word_1_144' title='bbox 650 2685 688 2736; x_wconf 90' lang='lat' dir='ltr'>ut</span> <span class='ocrx_word' id='word_1_145' title='bbox 722 2671 761 2736; x_wconf 87' lang='lat' dir='ltr'>de</span> <span class='ocrx_word' id='word_1_146' title='bbox 783 2672 874 2742; x_wconf 80' lang='lat' dir='ltr'>hasta</span> <span class='ocrx_word' id='word_1_147' title='bbox 894 2671 1073 2754; x_wconf 87' lang='lat' dir='ltr'>sanguinea</span> <span class='ocrx_word' id='word_1_148' title='bbox 1095 2685 1128 2738; x_wconf 89' lang='lat' dir='ltr'>et</span> <span class='ocrx_word' id='word_1_149' title='bbox 1146 2670 1209 2736; x_wconf 90' lang='lat' dir='ltr'>alia</span> <span class='ocrx_word' id='word_1_150' title='bbox 1230 2672 1413 2756; x_wconf 84' lang='lat' dir='ltr'>ejusmodi,</span> 
     </span>
     <span class='ocr_line' id='line_1_20' title="bbox 238 2779 1415 2868; baseline -0.002 -18"><span class='ocrx_word' id='word_1_151' title='bbox 238 2785 326 2850; x_wconf 90' lang='lat' dir='ltr'>sicut</span> <span class='ocrx_word' id='word_1_152' title='bbox 344 2798 378 2849; x_wconf 92' lang='lat' dir='ltr'>et</span> <span class='ocrx_word' id='word_1_153' title='bbox 396 2783 529 2868; x_wconf 84' lang='lat' dir='ltr'>triginta</span> <span class='ocrx_word' id='word_1_154' title='bbox 555 2782 637 2867; x_wconf 86' lang='lat' dir='ltr'>justi</span> <span class='ocrx_word' id='word_1_155' title='bbox 666 2781 737 2848; x_wconf 90' lang='lat' dir='ltr'>dies</span> <span class='ocrx_word' id='word_1_156' title='bbox 762 2795 839 2864; x_wconf 87' lang='lat' dir='ltr'>post</span> <span class='ocrx_word' id='word_1_157' title='bbox 873 2781 1063 2850; x_wconf 86' lang='lat' dir='ltr'>sententiam</span> <span class='ocrx_word' id='word_1_158' title='bbox 1085 2796 1123 2848; x_wconf 91' lang='lat' dir='ltr'>ut</span> <span class='ocrx_word' id='word_1_159' title='bbox 1144 2781 1177 2848; x_wconf 91' lang='lat' dir='ltr'>in</span> <span class='ocrx_word' id='word_1_160' title='bbox 1200 2779 1294 2864; x_wconf 85' lang='lat' dir='ltr'>foro,</span> <span class='ocrx_word' id='word_1_161' title='bbox 1314 2782 1359 2847; x_wconf 86' lang='lat' dir='ltr'>ita</span> <span class='ocrx_word' id='word_1_162' title='bbox 1381 2783 1415 2848; x_wconf 91' lang='lat' dir='ltr'>in</span> 
     </span>
     <span class='ocr_line' id='line_1_21' title="bbox 238 2892 1414 2977; baseline 0.001 -17"><span class='ocrx_word' id='word_1_163' title='bbox 238 2896 325 2961; x_wconf 89' lang='lat' dir='ltr'>bello</span> <span class='ocrx_word' id='word_1_164' title='bbox 357 2894 426 2977; x_wconf 88' lang='lat' dir='ltr'>pari</span> <span class='ocrx_word' id='word_1_165' title='bbox 448 2894 574 2960; x_wconf 87' lang='lat' dir='ltr'>ratione</span> <span class='ocrx_word' id='word_1_166' title='bbox 597 2894 748 2960; x_wconf 84' lang='lat' dir='ltr'>damnato</span> <span class='ocrx_word' id='word_1_167' title='bbox 767 2892 1014 2961; x_wconf 87' lang='lat' dir='ltr'>tribuebantur:</span> <span class='ocrx_word' id='word_1_168' title='bbox 1038 2911 1145 2976; x_wconf 92' lang='lat' dir='ltr'>neque</span> <span class='ocrx_word' id='word_1_169' title='bbox 1175 2892 1316 2974; x_wconf 87' lang='lat' dir='ltr'>mirum,</span> <span class='ocrx_word' id='word_1_170' title='bbox 1340 2913 1414 2961; x_wconf 89' lang='lat' dir='ltr'>curn</span> 
     </span>
     <span class='ocr_line' id='line_1_22' title="bbox 238 3003 1413 3090; baseline -0.001 -19"><span class='ocrx_word' id='word_1_171' title='bbox 238 3007 319 3073; x_wconf 89' lang='lat' dir='ltr'>aliae</span> <span class='ocrx_word' id='word_1_172' title='bbox 338 3020 452 3090; x_wconf 85' lang='lat' dir='ltr'>gentes</span> <span class='ocrx_word' id='word_1_173' title='bbox 476 3003 572 3070; x_wconf 90' lang='lat' dir='ltr'>etiam</span> <span class='ocrx_word' id='word_1_174' title='bbox 591 3006 700 3072; x_wconf 91' lang='lat' dir='ltr'>locum</span> <span class='ocrx_word' id='word_1_175' title='bbox 720 3019 753 3071; x_wconf 90' lang='lat' dir='ltr'>et</span> <span class='ocrx_word' id='word_1_176' title='bbox 771 3018 901 3088; x_wconf 89' lang='lat' dir='ltr'>tempus</span> <span class='ocrx_word' id='word_1_177' title='bbox 920 3003 1033 3087; x_wconf 87' lang='lat' dir='ltr'>praelii</span> <span class='ocrx_word' id='word_1_178' title='bbox 1054 3023 1152 3087; x_wconf 26' lang='lat' dir='ltr'>saepe,</span> <span class='ocrx_word' id='word_1_179' title='bbox 1169 3003 1413 3086; x_wconf 85' lang='lat' dir='ltr'>denuntiarint,</span> 
     </span>
     <span class='ocr_line' id='line_1_23' title="bbox 238 3114 1410 3200; baseline 0.001 -16"><span class='ocrx_word' id='word_1_180' title='bbox 238 3136 323 3200; x_wconf 89' lang='lat' dir='ltr'>quae</span> <span class='ocrx_word' id='word_1_181' title='bbox 351 3131 390 3182; x_wconf 94' lang='lat' dir='ltr'>ut</span> <span class='ocrx_word' id='word_1_182' title='bbox 421 3116 584 3182; x_wconf 89' lang='lat' dir='ltr'>interdum</span> <span class='ocrx_word' id='word_1_183' title='bbox 616 3115 787 3200; x_wconf 84' lang='lat' dir='ltr'>magnilica</span> <span class='ocrx_word' id='word_1_184' title='bbox 806 3129 914 3196; x_wconf 82' lang='lat' dir='ltr'>sunt,</span> <span class='ocrx_word' id='word_1_185' title='bbox 945 3114 991 3181; x_wconf 88' lang='lat' dir='ltr'>ita</span> <span class='ocrx_word' id='word_1_186' title='bbox 1013 3133 1194 3197; x_wconf 89' lang='lat' dir='ltr'>numquam</span> <span class='ocrx_word' id='word_1_187' title='bbox 1218 3116 1410 3185; x_wconf 87' lang='lat' dir='ltr'>necessaria.</span> 
     </span>
     <span class='ocr_line' id='line_1_24' title="bbox 238 3226 1413 3318; baseline -0.001 -23"><span class='ocrx_word' id='word_1_188' title='bbox 238 3228 337 3295; x_wconf 89' lang='lat' dir='ltr'>Unde</span> <span class='ocrx_word' id='word_1_189' title='bbox 358 3241 391 3294; x_wconf 90' lang='lat' dir='ltr'>et</span> <span class='ocrx_word' id='word_1_190' title='bbox 407 3227 576 3294; x_wconf 90' lang='lat' dir='ltr'>Romanos</span> <span class='ocrx_word' id='word_1_191' title='bbox 594 3227 744 3294; x_wconf 89' lang='lat' dir='ltr'>videmus</span> <span class='ocrx_word' id='word_1_192' title='bbox 761 3226 975 3296; x_wconf 86' lang='lat' dir='ltr'>sanctissimis</span> <span class='ocrx_word' id='word_1_193' title='bbox 995 3227 1197 3310; x_wconf 87' lang='lat' dir='ltr'>temporibus</span> <span class='ocrx_word' id='word_1_194' title='bbox 1216 3247 1266 3294; x_wconf 93' lang='lat' dir='ltr'>res</span> <span class='ocrx_word' id='word_1_195' title='bbox 1279 3227 1413 3318; x_wconf 82' lang='lat' dir='ltr'>quidem</span> 
     </span>
     <span class='ocr_line' id='line_1_25' title="bbox 238 3336 1413 3424; baseline -0.002 -18"><span class='ocrx_word' id='word_1_196' title='bbox 238 3358 416 3422; x_wconf 90' lang='lat' dir='ltr'>numquam</span> <span class='ocrx_word' id='word_1_197' title='bbox 440 3338 503 3406; x_wconf 88' lang='lat' dir='ltr'>nisi</span> <span class='ocrx_word' id='word_1_198' title='bbox 525 3337 564 3404; x_wconf 87' lang='lat' dir='ltr'>ab</span> <span class='ocrx_word' id='word_1_199' title='bbox 595 3337 696 3421; x_wconf 88' lang='lat' dir='ltr'>ipsis,</span> <span class='ocrx_word' id='word_1_200' title='bbox 727 3339 785 3420; x_wconf 91' lang='lat' dir='ltr'>qui</span> <span class='ocrx_word' id='word_1_201' title='bbox 805 3337 956 3422; x_wconf 87' lang='lat' dir='ltr'>injuriam</span> <span class='ocrx_word' id='word_1_202' title='bbox 980 3336 1144 3420; x_wconf 85' lang='lat' dir='ltr'>fecerant,</span> <span class='ocrx_word' id='word_1_203' title='bbox 1169 3353 1226 3404; x_wconf 87' lang='lat' dir='ltr'>aut</span> <span class='ocrx_word' id='word_1_204' title='bbox 1245 3338 1413 3424; x_wconf 79' lang='lat' dir='ltr'>magistra·</span> 
     </span>
     <span class='ocr_line' id='line_1_26' title="bbox 236 3449 1413 3533; baseline 0.004 -17"><span class='ocrx_word' id='word_1_205' title='bbox 236 3451 326 3518; x_wconf 88' lang='lat' dir='ltr'>tibus</span> <span class='ocrx_word' id='word_1_206' title='bbox 356 3449 532 3532; x_wconf 84' lang='lat' dir='ltr'>repetisse,</span> <span class='ocrx_word' id='word_1_207' title='bbox 563 3451 686 3516; x_wconf 91' lang='lat' dir='ltr'>bellum</span> <span class='ocrx_word' id='word_1_208' title='bbox 708 3463 815 3516; x_wconf 86' lang='lat' dir='ltr'>autem</span> <span class='ocrx_word' id='word_1_209' title='bbox 837 3465 1011 3533; x_wconf 86' lang='lat' dir='ltr'>postquam</span> <span class='ocrx_word' id='word_1_210' title='bbox 1035 3450 1203 3517; x_wconf 89' lang='lat' dir='ltr'>decretum</span> <span class='ocrx_word' id='word_1_211' title='bbox 1225 3464 1316 3532; x_wconf 91' lang='lat' dir='ltr'>erat,</span> <span class='ocrx_word' id='word_1_212' title='bbox 1345 3469 1413 3522; x_wconf 84' lang='lat' dir='ltr'>non</span> 
     </span>
     <span class='ocr_line' id='line_1_27' title="bbox 236 3557 1412 3644; baseline 0.002 -18"><span class='ocrx_word' id='word_1_213' title='bbox 236 3559 279 3626; x_wconf 85' lang='lat' dir='ltr'>ad</span> <span class='ocrx_word' id='word_1_214' title='bbox 307 3560 438 3628; x_wconf 90' lang='lat' dir='ltr'>eosdem</span> <span class='ocrx_word' id='word_1_215' title='bbox 471 3557 609 3641; x_wconf 90' lang='lat' dir='ltr'>utique,</span> <span class='ocrx_word' id='word_1_216' title='bbox 642 3562 699 3628; x_wconf 89' lang='lat' dir='ltr'>sed</span> <span class='ocrx_word' id='word_1_217' title='bbox 728 3563 782 3627; x_wconf 89' lang='lat' dir='ltr'>vel</span> <span class='ocrx_word' id='word_1_218' title='bbox 812 3562 854 3626; x_wconf 91' lang='lat' dir='ltr'>ad</span> <span class='ocrx_word' id='word_1_219' title='bbox 884 3561 1052 3643; x_wconf 88' lang='lat' dir='ltr'>proximos</span> <span class='ocrx_word' id='word_1_220' title='bbox 1083 3561 1166 3630; x_wconf 87' lang='lat' dir='ltr'>lines</span> <span class='ocrx_word' id='word_1_221' title='bbox 1201 3562 1295 3644; x_wconf 89' lang='lat' dir='ltr'>quasi</span> <span class='ocrx_word' id='word_1_222' title='bbox 1329 3561 1412 3628; x_wconf 89' lang='lat' dir='ltr'>dicis</span> 
     </span>
     <span class='ocr_line' id='line_1_28' title="bbox 236 3669 1411 3756; baseline 0.001 -20"><span class='ocrx_word' id='word_1_223' title='bbox 236 3689 333 3736; x_wconf 87' lang='lat' dir='ltr'>causa</span> <span class='ocrx_word' id='word_1_224' title='bbox 352 3669 527 3749; x_wconf 87' lang='lat' dir='ltr'>indixisse,</span> <span class='ocrx_word' id='word_1_225' title='bbox 550 3673 604 3736; x_wconf 91' lang='lat' dir='ltr'>vel</span> <span class='ocrx_word' id='word_1_226' title='bbox 623 3675 687 3737; x_wconf 91' lang='lat' dir='ltr'>hoc</span> <span class='ocrx_word' id='word_1_227' title='bbox 707 3671 803 3737; x_wconf 90' lang='lat' dir='ltr'>etiam</span> <span class='ocrx_word' id='word_1_228' title='bbox 822 3671 994 3752; x_wconf 89' lang='lat' dir='ltr'>omisisse,</span> <span class='ocrx_word' id='word_1_229' title='bbox 1016 3692 1091 3738; x_wconf 90' lang='lat' dir='ltr'>cum</span> <span class='ocrx_word' id='word_1_230' title='bbox 1104 3692 1155 3740; x_wconf 86' lang='lat' dir='ltr'>res</span> <span class='ocrx_word' id='word_1_231' title='bbox 1164 3672 1309 3756; x_wconf 88' lang='lat' dir='ltr'>legitime</span> <span class='ocrx_word' id='word_1_232' title='bbox 1321 3693 1411 3755; x_wconf 91' lang='lat' dir='ltr'>repe-</span> 
     </span>
     <span class='ocr_line' id='line_1_29' title="bbox 235 3781 1411 3865; baseline 0.001 -18"><span class='ocrx_word' id='word_1_233' title='bbox 235 3782 313 3848; x_wconf 87' lang='lat' dir='ltr'>titae</span> <span class='ocrx_word' id='word_1_234' title='bbox 337 3800 396 3846; x_wconf 89' lang='lat' dir='ltr'>nec</span> <span class='ocrx_word' id='word_1_235' title='bbox 413 3781 480 3865; x_wconf 80' lang='lat' dir='ltr'>J&#39;uri</span> <span class='ocrx_word' id='word_1_236' title='bbox 500 3781 641 3863; x_wconf 88' lang='lat' dir='ltr'>paritum</span> <span class='ocrx_word' id='word_1_237' title='bbox 661 3796 754 3848; x_wconf 86' lang='lat' dir='ltr'>esset.</span> <span class='ocrx_word' id='word_1_238' title='bbox 777 3781 884 3847; x_wconf 87' lang='lat' dir='ltr'>Varro</span> <span class='ocrx_word' id='word_1_239' title='bbox 904 3783 1000 3848; x_wconf 88' lang='lat' dir='ltr'>etiam</span> <span class='ocrx_word' id='word_1_240' title='bbox 1019 3797 1051 3848; x_wconf 91' lang='lat' dir='ltr'>et</span> <span class='ocrx_word' id='word_1_241' title='bbox 1069 3783 1239 3850; x_wconf 89' lang='lat' dir='ltr'>Arnobius</span> <span class='ocrx_word' id='word_1_242' title='bbox 1258 3785 1270 3822; x_wconf 85' lang='lat'><strong>¹</strong></span> <span class='ocrx_word' id='word_1_243' title='bbox 1290 3788 1411 3849; x_wconf 82' lang='lat' dir='ltr'>morem</span> 
     </span>
    </p>
   </div>
   <div class='ocr_carea' id='block_1_3' title="bbox 235 3883 1412 3975">
    <p class='ocr_par' dir='ltr' id='par_1_4' title="bbox 235 3883 1412 3975">
     <span class='ocr_line' id='line_1_30' title="bbox 235 3883 1412 3975; baseline -0.002 -16"><span class='ocrx_word' id='word_1_244' title='bbox 235 3883 329 3959; x_wconf 88' lang='lat' dir='ltr'>illum</span> <span class='ocrx_word' id='word_1_245' title='bbox 359 3891 549 3959; x_wconf 90' lang='lat' dir='ltr'>solemniter</span> <span class='ocrx_word' id='word_1_246' title='bbox 578 3893 698 3959; x_wconf 92' lang='lat' dir='ltr'>bellum</span> <span class='ocrx_word' id='word_1_247' title='bbox 734 3891 971 3975; x_wconf 87' lang='lat' dir='ltr'>denuntiandi,</span> <span class='ocrx_word' id='word_1_248' title='bbox 1007 3892 1094 3960; x_wconf 89' lang='lat' dir='ltr'>sicut</span> <span class='ocrx_word' id='word_1_249' title='bbox 1125 3893 1186 3958; x_wconf 87' lang='lat' dir='ltr'>alia</span> <span class='ocrx_word' id='word_1_250' title='bbox 1218 3913 1301 3975; x_wconf 90' lang='lat' dir='ltr'>quae</span> <span class='ocrx_word' id='word_1_251' title='bbox 1335 3907 1412 3960; x_wconf 88' lang='lat' dir='ltr'>sunt</span> 
     </span>
    </p>
   </div>
   <div class='ocr_carea' id='block_1_4' title="bbox 232 4001 1411 4091">
    <p class='ocr_par' dir='ltr' id='par_1_5' title="bbox 232 4001 1411 4091">
     <span class='ocr_line' id='line_1_31' title="bbox 232 4001 1411 4091; baseline -0.003 -20"><span class='ocrx_word' id='word_1_252' title='bbox 232 4005 317 4091; x_wconf 89' lang='lat' dir='ltr'>juris</span> <span class='ocrx_word' id='word_1_253' title='bbox 352 4003 481 4085; x_wconf 88' lang='lat' dir='ltr'>civilis,</span> <span class='ocrx_word' id='word_1_254' title='bbox 516 4004 604 4087; x_wconf 89' lang='lat' dir='ltr'>apud</span> <span class='ocrx_word' id='word_1_255' title='bbox 637 4004 805 4070; x_wconf 90' lang='lat' dir='ltr'>Romanos</span> <span class='ocrx_word' id='word_1_256' title='bbox 840 4003 997 4069; x_wconf 91' lang='lat' dir='ltr'>abolitum</span> <span class='ocrx_word' id='word_1_257' title='bbox 1030 4016 1204 4069; x_wconf 88' lang='lat' dir='ltr'>testantur.</span> <span class='ocrx_word' id='word_1_258' title='bbox 1251 4001 1411 4068; x_wconf 88' lang='lat' dir='ltr'>Videmus</span> 
     </span>
    </p>
   </div>
   <div class='ocr_carea' id='block_1_5' title="bbox 233 4247 1227 4276">
    <p class='ocr_par' dir='ltr' id='par_1_6' title="bbox 233 4247 1227 4276">
     <span class='ocr_line' id='line_1_32' title="bbox 233 4247 1227 4276; baseline -0.001 1"><span class='ocrx_word' id='word_1_259' title='bbox 233 4253 432 4268; x_wconf 78' lang='grc'><em>·“““·-··-···-·-·-</em></span> <span class='ocrx_word' id='word_1_260' title='bbox 1218 4247 1227 4276; x_wconf 82' lang='grc' dir='ltr'><strong><em>Ι</em></strong></span> 
     </span>
    </p>
   </div>
   <div class='ocr_carea' id='block_1_6' title="bbox 236 4431 1410 4586">
    <p class='ocr_par' dir='ltr' id='par_1_7' title="bbox 236 4431 1410 4586">
     <span class='ocr_line' id='line_1_33' title="bbox 270 4431 1410 4496; baseline 0.004 -16"><span class='ocrx_word' id='word_1_261' title='bbox 270 4431 278 4463; x_wconf 89' lang='lat'><strong>¹</strong></span> <span class='ocrx_word' id='word_1_262' title='bbox 296 4434 359 4483; x_wconf 82' lang='lat' dir='ltr'>llud.</span> <span class='ocrx_word' id='word_1_263' title='bbox 374 4437 406 4483; x_wconf 85' lang='lat' dir='ltr'>de</span> <span class='ocrx_word' id='word_1_264' title='bbox 421 4449 475 4496; x_wconf 86' lang='lat' dir='ltr'>rep.</span> <span class='ocrx_word' id='word_1_265' title='bbox 491 4438 508 4484; x_wconf 95' lang='lat' dir='ltr'>l.</span> <span class='ocrx_word' id='word_1_266' title='bbox 528 4449 550 4484; x_wconf 87' lang='lat'>1.</span> <span class='ocrx_word' id='word_1_267' title='bbox 562 4447 585 4486; x_wconf 85' lang='lat' dir='ltr'>c.</span> <span class='ocrx_word' id='word_1_268' title='bbox 595 4449 620 4496; x_wconf 83' lang='lat'>7.</span> <span class='ocrx_word' id='word_1_269' title='bbox 635 4448 660 4485; x_wconf 86' lang='lat' dir='ltr'>er</span> <span class='ocrx_word' id='word_1_270' title='bbox 679 4435 750 4485; x_wconf 80' lang='lat' dir='ltr'>Febr.</span> <span class='ocrx_word' id='word_1_271' title='bbox 766 4449 828 4486; x_wconf 84' lang='lat' dir='ltr'>sem.</span> <span class='ocrx_word' id='word_1_272' title='bbox 846 4437 863 4484; x_wconf 91' lang='lat' dir='ltr'>l.</span> <span class='ocrx_word' id='word_1_273' title='bbox 878 4449 902 4484; x_wconf 90' lang='lat' dir='ltr'>a.</span> <span class='ocrx_word' id='word_1_274' title='bbox 919 4449 940 4484; x_wconf 88' lang='lat' dir='ltr'>c.</span> <span class='ocrx_word' id='word_1_275' title='bbox 957 4449 979 4484; x_wconf 88' lang='lat' dir='ltr'>a.</span> <span class='ocrx_word' id='word_1_276' title='bbox 999 4434 1043 4484; x_wconf 88' lang='lat' dir='ltr'>sub</span> <span class='ocrx_word' id='word_1_277' title='bbox 1061 4433 1105 4484; x_wconf 89' lang='lat' dir='ltr'>lin.</span> <span class='ocrx_word' id='word_1_278' title='bbox 1138 4431 1197 4484; x_wconf 74' lang='lat' dir='ltr'>²de</span> <span class='ocrx_word' id='word_1_279' title='bbox 1211 4433 1271 4494; x_wconf 72' lang='lat' dir='ltr'>ling.</span> <span class='ocrx_word' id='word_1_280' title='bbox 1289 4434 1342 4484; x_wconf 83' lang='lat' dir='ltr'>Lar.</span> <span class='ocrx_word' id='word_1_281' title='bbox 1359 4435 1410 4490; x_wconf 83' lang='lat' dir='ltr'>l.s.</span> 
     </span>
     <span class='ocr_line' id='line_1_34' title="bbox 236 4520 650 4586; baseline 0.012 -17"><span class='ocrx_word' id='word_1_282' title='bbox 236 4520 271 4584; x_wconf 65' lang='grc' dir='ltr'>[ξ.</span> <span class='ocrx_word' id='word_1_283' title='bbox 289 4522 340 4586; x_wconf 82' lang='lat'><strong>86.]</strong></span> <span class='ocrx_word' id='word_1_284' title='bbox 360 4524 455 4572; x_wconf 73' lang='lat' dir='ltr'>Arnob.</span> <span class='ocrx_word' id='word_1_285' title='bbox 474 4539 496 4573; x_wconf 90' lang='lat' dir='ltr'>c.</span> <span class='ocrx_word' id='word_1_286' title='bbox 514 4539 580 4586; x_wconf 80' lang='lat' dir='ltr'>gent.</span> <span class='ocrx_word' id='word_1_287' title='bbox 594 4530 610 4574; x_wconf 91' lang='lat' dir='ltr'>l.</span> <span class='ocrx_word' id='word_1_288' title='bbox 629 4541 650 4574; x_wconf 84' lang='lat'>2.</span> 
     </span>
    </p>
   </div>
   <div class='ocr_carea' id='block_1_7' title="bbox 1196 4590 1260 4670">
    <p class='ocr_par' dir='ltr' id='par_1_8' title="bbox 1196 4590 1260 4670">
     <span class='ocr_line' id='line_1_35' title="bbox 1196 4590 1260 4670; baseline 0 0"><span class='ocrx_word' id='word_1_289' title='bbox 1196 4590 1260 4670; x_wconf 82' lang='lat'>7*&#39;</span> 
     </span>
    </p>
   </div>
   <div class='ocr_carea' id='block_1_8' title="bbox 0 0 1780 5654">
    <p class='ocr_par' dir='ltr' id='par_1_9' title="bbox 0 0 1780 5654">
     <span class='ocr_line' id='line_1_36' title="bbox 0 0 1780 5654; baseline 0 4"><span class='ocrx_word' id='word_1_290' title='bbox 0 0 1780 5654; x_wconf 95' lang='lat' dir='ltr'> </span> 
     </span>
    </p>
   </div>
  </div>
 </body>
</html>
