3546 5654
528 631 574 677 DE
599 633 691 698 Juuu
718 632 902 677 PRAEDAE.
928 631 1007 676 CAP.
1031 629 1096 676 XlI.
1337 631 1398 676 221

229 786 345 872 populi
375 785 517 854 Romani
549 803 618 851 esse
640 785 758 852 Celsus
781 785 945 850 existimat
965 797 994 848 ¹:
1019 783 1159 866 quodsi
1181 782 1226 848 ita
1245 797 1317 863 est,
1341 782 1401 847 mi-

229 900 316 966 nime
344 898 526 964 mirandum
549 911 599 963 est
620 897 769 962 eumdem
789 898 947 979 populum
970 893 1112 960 subditis
1131 893 1200 959 suis
1220 892 1402 976 occupandi

227 1010 351 1076 littoris
379 1010 513 1074 modurn
541 1028 600 1091 per
626 1007 810 1090 Principem
835 1022 891 1072 aut
911 1020 1093 1088 praetorem
1114 1005 1263 1088 potuisse
1285 1023 1403 1070 conce-

229 1121 304 1185 dere
324 1121 346 1184 ¹.
392 1120 571 1184 Caeterum
588 1132 620 1182 et
642 1118 721 1182 haec
742 1117 916 1199 occupatio
939 1136 1006 1182 non
1024 1117 1134 1182 minus
1157 1135 1254 1196 quam
1277 1114 1403 1196 privata

229 1229 275 1292 ita
297 1227 522 1311 restringenda
553 1242 623 1307 est,
647 1247 687 1292 ne
718 1227 857 1291 ulterius
878 1226 1085 1310 porrigatur,
1110 1245 1206 1306 quam
1232 1239 1270 1290 ut
1292 1226 1403 1289 salvus

229 1339 272 1404 sit
292 1359 373 1404 usus
393 1337 478 1424 J'uris
497 1337 656 1422 gentium.
686 1337 796 1402 Nemo
816 1336 917 1420 igitur
937 1351 1048 1418 potest
1067 1357 1084 1400 a
1105 1337 1229 1419 populo
1251 1336 1403 1399 Romano

230 1450 270 1515 ad
301 1449 397 1514 littus
427 1449 525 1512 maris
557 1447 709 1512 accedere
739 1448 907 1530 prohiberi
931 1453 962 1523 ³,
986 1462 1019 1512 et
1043 1448 1124 1512 retia
1146 1446 1266 1511 siccare
1290 1460 1322 1510 et
1343 1444 1403 1509 alia

229 1557 357 1634 facere,
382 1579 466 1640 quae
496 1562 594 1623 semel
619 1578 731 1623 omnes
756 1557 905 1623 homines
935 1558 969 1622 in
998 1572 1192 1641 perpetuum
1221 1555 1284 1623 sibi
1308 1555 1403 1620 licere

229 1671 410 1735 voluerunt
429 1668 455 1734 ⁴.
499 1667 605 1734 Maris
629 1682 736 1733 autern
763 1682 878 1734 natura
900 1669 964 1733 hoc
985 1669 1096 1734 differt
1117 1689 1135 1733 a
1153 1668 1289 1749 littore,
1313 1666 1405 1749 quod

228 1799 337 1861 mare,
357 1778 421 1843 nisi
446 1778 562 1862 exigua
585 1779 637 1845 sui
660 1794 776 1861 parte,
797 1797 857 1844 nec
880 1779 1079 1845 inaedificari
1100 1777 1195 1844 facile
1207 1798 1266 1844 nec
1278 1776 1404 1844 includi

229 1903 356 1972 potest:
389 1903 421 1954 et
448 1904 487 1954 ut
515 1904 650 1971 posset,
673 1891 737 1955 hoc
762 1889 868 1973 ipsum
893 1905 1000 1956 tamen
1024 1890 1081 1956 vix
1104 1890 1310 1974 contingeret
1332 1889 1403 1954 sine

229 2019 309 2066 usus
340 1999 520 2082 promiscui
553 1999 798 2082 impedimento
846 2000 880 2066 Si
914 2001 998 2082 quid
1029 2016 1134 2068 tamen
1170 2001 1325 2086 exiguum
1360 1999 1404 2064 ita

229 2111 383 2196 occupari
417 2124 550 2194 potest,
587 2109 621 2175 id
655 2111 831 2194 occupanti
864 2112 1068 2178 conceditur.
1130 2113 1320 2196 Hyperbole
1356 2125 1405 2175 est

229 2221 331 2306 igitur
353 2221 387 2286 ⁶:
1064 2217 1065 2220 ’

493 2331 678 2398 Contracta
695 2337 800 2418 pisces
822 2352 970 2417 aequora
991 2337 1140 2398 sentiunt

488 2445 603 2531 Jactis
626 2447 662 2508 in
682 2443 790 2508 altum
815 2442 962 2508 molibus.

273 2554 359 2620 Nam
380 2555 500 2620 Celsus
524 2555 658 2638 ⁸jactas
684 2553 718 2618 in
741 2573 828 2618 mare
854 2554 936 2636 pilas
961 2555 1032 2638 ejus
1056 2573 1125 2621 esse
1148 2554 1251 2636 dicit,
1276 2553 1335 2637 qui
1355 2555 1405 2639 je·

229 2663 333 2747 cerit,
370 2664 426 2729 sed
458 2664 493 2730 id
522 2684 587 2731 non
620 2665 890 2745 concedendurn,
923 2665 951 2730 si
984 2666 1125 2732 deterior
1146 2665 1243 2733 maris
1265 2685 1343 2732 usus
1365 2686 1404 2730 eo

230 2775 327 2840 modo
361 2774 495 2841 futurus
524 2776 577 2841 sit.
622 2777 667 2840 Et
695 2775 862 2858 Ulpianus
883 2774 894 2816 ⁷
915 2796 988 2840 eum
1019 2776 1077 2858 qui
1110 2778 1228 2841 molem
1253 2775 1286 2842 in
1318 2796 1404 2841 mare

227 2885 329 2972 jacit,
354 2887 399 2952 ita
431 2887 590 2952 tuendum
612 2886 717 2968 dicit,
746 2885 889 2952 sinemo
913 2888 1066 2952 damnum
1087 2886 1219 2954 sentiat.
1265 2885 1353 2950 Nam
1376 2887 1404 2950 si

229 2997 283 3063 cui
315 3000 394 3063 haec
424 3018 475 3063 res
506 2997 657 3063 nocitura
686 2998 752 3080 sit,
787 2997 997 3063 interdictum
1021 2973 1162 3079 utique,
1187 2998 1243 3062 Ne
1267 2998 1350 3082 quid
1368 3001 1405 3063 in

229 3108 296 3172 loco
312 3109 447 3194 publico
464 3107 554 3191 fiat,
578 3109 846 3191 competiturum.
890 3109 940 3174 Ut
963 3123 996 3174 et
1018 3108 1132 3174 Labeo
1154 3112 1166 3148 ⁸
1187 3109 1214 3173 si
1238 3108 1321 3191 quid
1341 3111 1404 3174 tale

228 3219 262 3297 in
292 3218 373 3283 mari
406 3233 576 3299 struatur,
601 3218 820 3286 inderdictum
844 3221 920 3286 vult
941 3234 1151 3302 competere,
1176 3220 1232 3285 Ne
1258 3220 1342 3305 qm‘d
1368 3223 1405 3284 in

227 3334 341 3411 mari,
368 3351 430 3415 quo
458 3344 603 3416 portus,
627 3335 729 3396 statio
762 3335 869 3400 iterra
901 3335 1049 3418 navigiis
1071 3331 1217 3398 deterius
1241 3335 1305 3410 sit,
1324 3329 1403 3414 fiat.

227 3441 323 3528 Quae
355 3455 463 3506 autem
483 3440 730 3526 navigationis,
755 3443 866 3507 eadem
886 3441 1032 3525 piscatus
1055 3443 1204 3508 habenda
1228 3456 1277 3508 est
1297 3442 1403 3523 rati0,

227 3566 266 3618 ut
299 3551 481 3617 communis
514 3568 640 3618 maneat
673 3553 839 3620 omnibus.
895 3553 1018 3637 Neque
1041 3568 1147 3620 tamen
1171 3551 1341 3636 peccabit,
1377 3553 1403 3618 si
1450 3575 1459 3582 ·

227 3662 306 3745 quis
336 3663 369 3728 in
397 3663 494 3730 maris
515 3663 712 3731 diverticulo
735 3664 883 3747 piscandi
904 3666 1014 3729 locum
1037 3665 1099 3730 sibi
1123 3665 1206 3747 palis
1229 3664 1405 3730 circumse-

261 3909 269 3942 ¹
290 3911 316 3958 d.
335 3911 351 3956 1.
367 3909 454 3956 littora
470 3907 496 3954 ff.
510 3919 541 3954 ne
557 3906 618 3966 quid
633 3907 660 3954 in
675 3909 724 3954 loe.
742 3908 813 3968 publ.
829 3909 872 3968 [D.
888 3920 928 3968 43.
943 3911 966 3956 8.
981 3909 1016 3969 3.]
1035 3910 1138 3956 Donell.
1155 3911 1172 3955 l.
1187 3922 1212 3969 4.
1230 3922 1252 3957 c.
1266 3923 1290 3957 2.
1305 3921 1329 3957 et
1344 3923 1366 3957 e.
1380 3924 1404 3971 9.

224 3998 235 4031 2
251 4002 310 4049 ι(1.1.
329 3999 452 4059 quamvis.
476 3997 501 4045 ff.
518 3999 549 4046 de
569 4011 624 4057 acq.
646 3999 714 4046 dom.
739 3998 782 4060 [D.
798 4012 839 4059 41·
856 4012 876 4045 1.
894 3997 946 4060 so]
966 4001 984 4045 l.
995 4013 1017 4045 2.
1032 3998 1058 4045 in
1072 4013 1111 4058 pr.
1127 4011 1152 4046 et
1166 4002 1187 4056 ξ.
1202 3999 1302 4048 merito.
1316 4012 1341 4047 et
1351 4004 1372 4057 ξ.
1383 4000 1404 4047 si

225 4091 283 4151 quis
297 4076 454 4148 aPrincipes
464 4087 490 4135 ff.
505 4101 537 4136 ne
554 4087 616 4148 quid
630 4087 656 4135 in
672 4089 732 4136 loco
747 4085 814 4148 publ.
833 4087 876 4150 [D.
891 4100 933 4148 43.
947 4091 971 4136 8.
989 4101 1012 4136 2.
1030 4091 1043 4146 §
1061 4103 1098 4136 10.
1114 4100 1139 4136 er
1153 4092 1175 4146 §.
1194 4090 1244 4150 16.]
1270 4089 1281 4122 ⁸
1298 4093 1316 4138 l.
1328 4103 1403 4138 nemo

225 4182 314 4242 igitur.
329 4179 355 4228 ff.
371 4181 402 4228 de
418 4193 468 4227 rer.
484 4179 537 4226 div.
551 4179 594 4239 [D.
610 4193 631 4227 1.
645 4182 668 4227 8.
684 4177 720 4242 4.]
740 4178 752 4210 ⁴
770 4180 794 4226 d.
809 4181 826 4226 1.
839 4178 934 4226 littora.
950 4179 976 4226 ff.
988 4179 1096 4239 nequid
1110 4179 1136 4226 in
1152 4181 1212 4227 loco
1228 4179 1296 4239 publ.
1322 4178 1333 4209 ⁵
1351 4181 1403 4227 Ho-

225 4285 273 4320 rat.
292 4271 355 4335 [Od.
374 4273 391 4318 l.
412 4283 435 4327 3.
457 4284 478 4318 1.
493 4283 531 4319 vs.
550 4281 589 4327 33.
603 4269 652 4334 sq.]
688 4269 699 4300 ⁶
718 4271 742 4318 d.
757 4272 773 4318 l.
792 4269 886 4317 littora.
920 4267 930 4306 ⁷
948 4269 1044 4318 1.2.ff.
1061 4283 1093 4317 ne
1112 4269 1172 4329 qnid
1185 4269 1211 4340 in
1226 4272 1285 4318 loco
1300 4271 1370 4330 publ.
1383 4273 1404 4328 §-

225 4365 361 4412 adversus.
380 4359 423 4424 [D.
440 4373 481 4420 43.
495 4363 518 4408 8.
538 4374 561 4408 a.
577 4363 599 4418 ξ.
612 4360 648 4421 8.]
685 4359 696 4392 ⁸
713 4363 730 4407 l.
749 4374 770 4409 1.
786 4363 807 4418 §-
824 4350 844 4410 si
861 4360 887 4408 in
904 4373 980 4408 mare.
993 4360 1019 4407 ff.
1034 4362 1065 4408 de
1082 4357 1230 4408 fluminibus.
1250 4360 1294 4422 [D.
1307 4373 1347 4421 43.
1367 4375 1404 4408 12.

228 4469 249 4501 1·
267 4457 289 4511 §-
310 4451 363 4511 17·]
