3530 5656
549 659 595 706 nn
619 657 711 725 Jurrn
739 661 918 708 urrunnu.
944 659 1023 710 car.
1047 664 1094 710 vr.
1369 650 1410 729 63

237 815 325 891 ret,¹
343 811 407 876 boc
441 826 512 893 est,
548 831 633 895 quac
656 832 732 878 suas
768 813 876 900 leges,
912 836 973 880 saa
997 813 1158 901 judicia,
1193 837 1254 882 suu
1277 820 1411 884 tributa

236 941 371 1005 suosque
398 926 632 1007 magistratus
648 924 772 990 babet:
796 924 849 990 cui
880 925 1047 1009 proprium
1079 925 1253 994 consilium
1283 931 1411 1013 propri-

236 1051 320 1113 aque
342 1046 391 1096 est
411 1031 609 1115 auctoritas,
634 1047 671 1098 ut
700 1033 859 1116 explicuit
880 1036 1057 1122 Cajetanus
1075 1052 1107 1102 ct
1126 1037 1274 1105 Victoria
1295 1050 1328 1121 ¹,
1353 1042 1409 1106 ubi

236 1141 332 1210 docet
357 1141 440 1210 nihil
472 1142 600 1210 obstare
630 1144 808 1225 quominus
837 1147 947 1227 plures
969 1147 1164 1230 principales
1184 1148 1411 1233 perfectaeque

235 1253 437 1335 respublicae
468 1255 530 1320 sub
560 1274 627 1319 uno
658 1254 725 1320 sint
756 1255 929 1338 Principe,
965 1273 1021 1323 aut
1049 1258 1195 1341 alioquin
1228 1261 1411 1328 arctissimo

237 1362 322 1430 inter
352 1383 386 1430 se
418 1363 549 1432 foedere
582 1365 753 1449 colligatae
764 1374 787 1432 ².
832 1367 907 1435 Nisi
935 1383 1043 1434 autem
1063 1388 1280 1452 unaquaeque
1299 1391 1412 1454 respu-

236 1473 321 1539 blica
343 1475 419 1542 belli
440 1475 572 1560 gerendi
596 1476 729 1544 haberet
744 1492 956 1560 potestatem,
975 1497 1042 1545 non
1059 1495 1143 1547 esset
1163 1481 1275 1548 adsui
1299 1481 1411 1549 defen·

236 1583 358 1651 sionem
394 1587 558 1656 sufficiens
570 1595 595 1656 ¹.
643 1587 753 1674 Quare
783 1591 907 1671 populo
942 1591 1093 1656 Romano
1132 1591 1255 1656 bellum
1295 1593 1411 1676 jubere

237 1694 332 1762 licuit
363 1711 395 1762 et
426 1696 579 1779 Latinis,
605 1697 778 1781 Etruscis,
814 1700 1036 1780 Samnitibus,
1074 1699 1262 1770 Tarentinis
1296 1717 1411 1785 totque

229 1805 308 1900 ,aliis
331 1807 442 1872 ltaliae
465 1809 616 1891 populis,
640 1830 815 1893 quoscum
846 1813 971 1894 populo
995 1811 1146 1878 Romano
1170 1828 1308 1879 certasse
1330 1814 1411 1898 legi-

237 1918 346 1997 mus⁴3
370 1932 408 1984 ut
428 1939 515 1986 nunc
540 1919 825 2007 Carthaginienses
852 1923 885 1988 in
904 1920 1020 1999 Africa
1042 1937 1189 2003 taceam,
1214 1923 1246 1989 in
1271 1924 1411 1992 Graecia

235 2028 533 2114 Lacedaemonios,
557 2032 775 2100 Athenienses
801 2035 987 2114 multasque
1014 2034 1092 2099 alias
1123 2033 1286 2102 civitates.
1322 2037 1410 2102 Idem

236 2138 276 2205 de
297 2141 458 2210 Hebraeis
480 2143 648 2211 veteribus
661 2144 735 2210 ¹dici
756 2158 865 2227 potest
884 2159 917 2210 et
938 2143 977 2211 de
999 2143 1152 2210 omnibus
1171 2144 1328 2226 populis,
1353 2147 1410 2227 qui

236 2251 287 2318 sui
309 2252 444 2322 fuerunt
471 2255 564 2338 J'uris.
610 2256 697 2321 Hinc
726 2271 802 2338 post
825 2255 996 2320 Cunaeum
1020 2253 1174 2322 Bartolus
1197 2261 1208 2294 ⁸
1229 2255 1312 2320 inter
1330 2256 1411 2322 duas

235 2361 355 2430 liberas
373 2362 524 2431 civitates
544 2367 665 2446 bellum
681 2368 806 2451 justum
832 2385 900 2431 esse
922 2362 1060 2432 affirmat
1083 2379 1116 2428 et
1144 2379 1236 2447 capta
1256 2363 1412 2447 capienti-

236 2491 291 2536 um
315 2471 395 2538 fieri.
430 2473 492 2539 Est
513 2490 545 2541 et
561 2477 638 2542 belli
651 2477 775 2559 publici
786 2474 985 2558 suscipiendi
998 2493 1098 2557 penes
1111 2475 1320 2560 magistratus
1333 2497 1413 2542 auc-

236 2581 350 2648 toritas
369 2592 392 2652 ⁶.
437 2581 520 2652 Nam
547 2605 620 2652 cum
652 2587 835 2670 respublica
854 2607 946 2652 suam
966 2587 1169 2654 voluntatem
1193 2588 1293 2652 semel
1318 2586 1351 2654 in
1372 2588 1411 2652 il·

235 2695 340 2759 lorum
368 2696 571 2762 voluntatem
602 2697 801 2778 contulerit,
826 2696 916 2778 quod
946 2696 1145 2778 reipublicae
1167 2716 1227 2779 pro
1259 2715 1292 2762 se
1310 2696 1410 2779 licet,

235 2804 319 2871 idem
347 2806 550 2892 magistratui
580 2827 639 2890 pro
668 2807 833 2890 republica
853 2816 875 2872 ⁷.
922 2805 1134 2891 Magistratus
1155 2820 1262 2871 autem
1283 2806 1337 2874 hic
1358 2807 1408 2872 in·

235 2915 338 3001 telligi
358 2918 476 2999 debet,
501 2918 559 3002 qui
577 2919 763 2986 mandatum
783 2918 861 2986 belli
881 2917 1011 3002 gerendi
1023 2917 1131 2984 habet.
1157 2917 1290 2982 Habent
1302 2931 1409 2984 autem

235 3029 475 3109 quodammodo
495 3050 629 3112 omnes,
653 3029 717 3096 nisi
739 3029 921 3114 specialiter
944 3044 1117 3113 exceptum
1140 3044 1309 3114 appareat,
1331 3029 1409 3111 quia

235 3139 380 3222 ejusdem
404 3155 453 3206 est
470 3143 525 3225 jus
544 3141 650 3208 dicere
674 3156 707 3208 et
724 3140 985 3226 iurisdictionem
1004 3160 1095 3207 suam
1113 3140 1219 3222 tueri,
1238 3140 1410 3206 decernere

236 3262 268 3316 et
297 3249 424 3316 decreta
444 3253 577 3335 exsequi
598 3252 623 3318 ⁸.
669 3253 707 3319 ld
728 3268 835 3319 autem
859 3252 928 3318 sine
952 3253 1039 3318 bello
1062 3250 1225 3317 interdum
1250 3249 1320 3316 lieri
1342 3271 1408 3319 non

234 3375 355 3443 potest.
401 3361 567 3430 Praeterea
594 3363 626 3430 in
654 3365 765 3431 hostes
785 3364 931 3430 internos
951 3361 1142 3429 vindicandi
1174 3377 1207 3428 et
1238 3361 1271 3426 in
1304 3377 1409 3428 exter·

234 3489 295 3536 nos
325 3472 513 3539 naturaliter
541 3475 685 3560 eiusdem
708 3490 757 3541 est
776 3473 949 3558 potestatis
971 3472 995 3540 ⁹.
1041 3474 1107 3540 Sed
1133 3473 1214 3541 ordo
1233 3475 1409 3540 observan-

236 3580 297 3648 dus
326 3599 385 3650 est.
429 3584 513 3649 Nam
545 3604 619 3651 cum
651 3585 734 3650 nihil
765 3585 808 3652 sit
834 3586 868 3650 in
892 3605 959 3667 quo
981 3584 1181 3666 reipublicae
1202 3585 1289 3650 salus
1307 3584 1410 3667 magis

237 3711 332 3774 quam
356 3695 389 3760 in
413 3696 500 3762 bello
522 3695 745 3778 periclitetur,
769 3716 836 3762 non
858 3711 907 3762 cst
922 3695 1058 3761 dubium
1078 3693 1159 3776 quin
1183 3693 1212 3760 ci
1233 3693 1287 3759 cui
1307 3694 1410 3776 pluri·

270 3914 278 3948 ¹
297 3915 378 3972 cajet.
396 3916 468 3966 dictis
487 3915 558 3966 loeis.
572 3917 637 3965 Viet.
655 3919 685 3966 de
702 3913 758 3974 iure
776 3916 837 3964 belli
852 3930 877 3964 n.
896 3929 919 3972 5.
934 3928 959 3964 et
975 3930 1000 3963 n.
1021 3928 1044 3974 7.
1078 3916 1155 3962 llcnr.
1173 3914 1275 3961 Goriolr.
1293 3911 1410 3961 debello

235 4003 303 4061 justo
322 4006 348 4053 ln
365 4008 445 4067 praef.
480 4005 490 4040 ²
507 4007 583 4055 Arist.
602 4009 633 4056 de
648 4021 701 4067 rep.
725 4009 742 4054 l.
765 4020 788 4054 2.
812 4022 833 4054 c.
855 4021 870 4054 2
890 4005 928 4070 [p.
949 4007 1020 4054 1261.
1038 4019 1077 4054 vs.
1093 4019 1132 4065 24.
1150 4003 1218 4068 sqq]
1238 4016 1262 4050 et
1274 4006 1290 4050 l.
1313 4016 1336 4060 3.
1349 4018 1370 4050 e.
1386 4018 1410 4064 9.

238 4093 276 4157 [p.
298 4098 406 4144 1280.1.
424 4111 463 4145 vs.
482 4109 521 4154 3¹·
534 4095 603 4160 sqq]
639 4095 650 4128 ³
666 4097 697 4144 V.
715 4095 791 4146 defin.
804 4109 862 4156 post
878 4110 929 4156 reg.
948 4109 971 4152 3.
989 4111 1009 4142 c.
1027 4109 1049 4143 2.
1066 4095 1144 4143 Arist.
1162 4097 1193 4143 de
1211 4107 1265 4153 rep.
1283 4096 1300 4140 1.
1317 4105 1341 4151 7.
1356 4107 1410 4154 αφ

238 4182 277 4246 [p.
299 4187 469 4254 1326.,1.vs.
499 4187 528 4235 16
545 4185 613 4250 sqq]
637 4186 696 4234 ⁴V.
715 4189 732 4234 l.
749 4188 844 4234 hostes·
859 4185 885 4234 ff.
903 4189 934 4235 de
958 4198 1022 4247 capt.
1048 4186 1092 4247 [D.
1109 4199 1150 4247 49.
1171 4197 1209 4239 15.
1228 4183 1281 4246 aa]
1317 4184 1376 4232 ⁵ad
1394 4187 1411 4231 1.

236 4287 268 4322 cx
282 4277 331 4323 hoc
347 4274 401 4332 inre
414 4276 440 4323 ff.
458 4278 490 4325 de
508 4274 566 4333 inst.
584 4289 608 4325 ct
625 4275 687 4334 jure.
707 4275 751 4340 [D.
771 4291 791 4324 1.
811 4290 832 4325 r.
849 4276 885 4341 5.]
897 4289 922 4324 et
938 4277 969 4324 ad
986 4278 1004 4323 l.
1019 4278 1113 4324 hostes.
1129 4274 1155 4323 ff.
1173 4277 1205 4324 de
1225 4286 1290 4335 rapt.
1307 4274 1350 4335 [D.
1369 4288 1410 4335 49.

239 4377 277 4419 15·
303 4365 357 4430 aa]
391 4367 450 4414 ⁶V.
475 4369 505 4414 ad
532 4370 790 4416 l.ro.et11.c.a.
823 4365 834 4404 ⁷
869 4381 900 4415 ex
919 4365 994 4415 deiin.
1012 4381 1033 4413 c.
1052 4379 1074 4412 2.
1108 4365 1172 4412 ⁸V.
1191 4367 1208 4411 l·
1225 4364 1267 4424 qui
1286 4364 1366 4412 restit.
1384 4364 1410 4412 ff.

237 4456 268 4503 de
295 4456 332 4502 rei
355 4456 425 4505 vind.
454 4456 498 4520 [D.
515 4458 538 4506 6.
559 4473 579 4506 r.
597 4458 651 4521 68.]
672 4471 696 4507 ct
715 4461 772 4507 Bart
791 4460 822 4507 ad
839 4461 864 4506 d.
882 4461 898 4505 l.
915 4459 1009 4506 hostes.
1027 4471 1051 4504 n.
1081 4469 1118 4504 11.
1153 4453 1263 4512 ”Cajet
1281 4455 1410 4504 insumm.

240 4559 308 4603 pecc.
327 4545 353 4593 in
371 4562 397 4594 v.
415 4550 520 4596 Bellum.
539 4549 608 4608 Fulg.
626 4549 651 4596 in
669 4551 693 4598 d.
711 4551 727 4596 l.
746 4563 777 4598 ex
795 4551 842 4596 hoc
859 4547 921 4604 jure.
940 4545 985 4609 [D.
1006 4561 1026 4594 1.
1048 4560 1069 4594 1.
1089 4545 1125 4608 5.]
1150 4547 1219 4594 Oldr.
1237 4559 1304 4594 cous.
1323 4559 1364 4604 70.
