3536 5692
387 634 449 696 292
691 632 737 678 DE
760 631 853 696 JURE
879 629 1061 676 PRAEDAE.
1088 631 1157 677 cAP
1181 631 1264 676 x111.

388 788 593 868 trucidatus,
630 807 703 852 cum
737 800 843 850 tamen
878 803 944 851 non
978 785 1120 851 nesciam
1156 805 1252 864 eum,
1288 783 1346 866 qui
1381 783 1560 849 amicorum

389 899 525 984 injurias
556 898 786 981 persequitur,
810 897 843 961 in
865 898 938 981 jure
962 895 1028 961 dici
1051 917 1117 960 non
1141 916 1275 962 suorum
1298 896 1478 975 duntaxat,
1503 895 1564 960 sed

390 1029 466 1076 suas
497 1008 740 1092 quodammodo
773 1006 908 1092 injurias
939 1007 1093 1090 persequi
1115 1014 1149 1087 ¹,
1180 1028 1254 1073 cum
1278 1008 1415 1072 maxime
1439 1007 1473 1071 in
1494 1021 1562 1070 tam

389 1120 582 1204 longinquis
605 1120 795 1204 regionibus
818 1120 934 1202 procul
958 1118 1103 1202 agnatis,
1127 1121 1243 1201 procul
1266 1119 1364 1184 domo
1387 1120 1564 1201 populares

391 1253 504 1298 omnes
537 1231 631 1314 quasi
664 1230 796 1296 intimos
827 1232 1102 1312 complectamur‚
1128 1250 1233 1312 eoque
1257 1230 1383 1297 firmius
1406 1229 1566 1314 astringat

246 1368 274 1434 r„
294 1367 377 1432 arsos.
392 1345 519 1428 patria,
553 1364 620 1426 quo
652 1343 786 1427 longius
817 1341 963 1408 dissidet.
1011 1342 1063 1406 Ne
1092 1341 1174 1407 illud
1198 1341 1330 1423 quidem
1353 1343 1564 1420 memorabo,

231 1422 377 1468 ‘'umam‘'
393 1455 525 1538 quoties
556 1457 621 1538 jam
658 1469 731 1518 ante
765 1453 805 1519 ab
840 1453 949 1518 eadem
984 1452 1138 1518 societate
1177 1453 1267 1519 missi
1302 1454 1402 1519 duces
1437 1453 1565 1518 collatis

394 1567 544 1632 manibus
567 1565 672 1631 coacti
695 1563 818 1631 fuerint
838 1585 911 1629 cum
933 1564 1101 1629 Lusitanis
1122 1565 1308 1649 confligere.
1354 1566 1427 1647 lpse
1447 1565 1565 1629 Hems-

392 1678 545 1744 kerckius
579 1678 716 1761 ejusque
747 1692 865 1742 nautae
898 1691 930 1740 et
962 1676 1120 1759 nauarchi
1149 1696 1232 1757 quae
1265 1696 1300 1742 ac
1335 1676 1444 1758 qualia
1476 1675 1564 1758 passi

395 1789 498 1856 sunt?
545 1789 740 1854 Fortunatas
772 1787 894 1853 insulas
925 1787 1138 1870 praetervecti
1170 1787 1227 1852 vix
1258 1804 1370 1870 erant,
1404 1787 1567 1852 cumillis

394 1899 548 1966 tredecim
581 1914 773 1965 armatarum
807 1899 939 1965 navium
973 1899 1087 1966 classis
1115 1897 1293 1980 Hispanico
1315 1898 1445 1965 obviarn
1480 1897 1566 1963 facta

395 2027 455 2077 est.
512 2010 652 2093 Hispani
693 2010 784 2093 quod
826 2030 876 2075 res
910 2025 977 2076 erat
1006 2009 1213 2094 Judicantes‚
1247 2024 1279 2074 et
1309 2011 1449 2076 Batavos
1480 2029 1566 2090 quos

392 2109 550 2190 ¹videbant
571 2143 640 2188 esse
662 2137 694 2188 et
713 2121 946 2204 Indiampeti‚
972 2142 1037 2188 non
1056 2143 1089 2189 se
1108 2123 1363 2204 continuerunt,
1388 2121 1567 2204 quominus

396 2235 505 2301 statim
539 2234 652 2299 hostili
685 2254 774 2300 more
796 2234 1015 2299 incurrerent:
1039 2233 1378 2325 navesHollandicae
1401 2231 1567 2316 perfossae

396 2347 532 2414 ictibus
552 2345 772 2411 machinarum
808 2347 1061 2428 scloporumque
1095 2361 1194 2427 atque
1219 2345 1313 2411 etiam
1337 2345 1485 2411 cominus
1507 2365 1567 2427 op-

396 2473 578 2542 pugnatae,
604 2457 765 2522 interfecti
783 2478 856 2540 pars
875 2471 1071 2538 nautarum,
1094 2457 1256 2524 vulnerati
1273 2460 1470 2540 complures.
1495 2456 1567 2521 Nec

395 2572 534 2635 multum
559 2570 668 2635 aberat
691 2569 772 2651 quin
796 2570 906 2636 hostes
927 2569 1042 2650 navis,
1074 2569 1127 2634 cui
1150 2570 1268 2634 Rubro
1292 2569 1399 2634 Leoni
1423 2588 1567 2648 nomen,

394 2682 602 2764 potirentur,
634 2681 668 2746 ni
692 2681 724 2745 in
748 2696 894 2763 tempore
927 2681 1092 2764 suppetias
1116 2681 1262 2748 venisset
1285 2679 1567 2760 Hemskerckius‚

395 2793 453 2877 qui
477 2809 509 2859 et
531 2793 601 2876 ipse
622 2812 755 2872 eorum,
777 2812 862 2874 quos
894 2812 994 2875 penes
1017 2813 1051 2860 se
1074 2793 1236 2874 habebat,
1270 2793 1351 2858 alios
1381 2793 1466 2860 vidit
1488 2812 1569 2858 con-

395 2905 562 2987 cidentes,
596 2904 678 2970 alios
701 2904 852 2968 membris
876 2905 1021 2969 mutilos.
1066 2904 1144 2991 Quo
1168 2900 1468 2970 certamine'coacti
1490 2920 1570 2969 sunt

397 3016 668 3083 Hemskerckiani
692 3032 723 3080 et
746 3016 900 3081 mercium
925 3031 957 3080 et
979 3015 1112 3082 navium
1137 3032 1170 3082 et
1180 3016 1267 3084 vitae
1279 3015 1367 3081 adire
1378 3016 1567 3082 discrimen.

396 3129 529 3215 Quibus
560 3126 650 3193 malis
679 3129 835 3208 accessit,
870 3128 961 3210 quod
991 3128 1085 3193 navis
1115 3128 1231 3194 Ruber
1261 3129 1330 3193 Leo
1360 3143 1448 3193 tanta
1477 3128 1569 3194 clade

397 3240 544 3306 deserere
573 3242 707 3305 classem
738 3253 770 3303 et
798 3239 831 3302 in
858 3239 995 3322 patriam
1025 3237 1128 3304 redire
1157 3255 1270 3305 coacta
1298 3254 1466 3307 astatum
1488 3260 1568 3306 vero

397 3351 489 3418 navis
513 3371 571 3432 ea,
596 3371 679 3432 quae
700 3371 718 3414 a
738 3351 898 3433 praetoria
922 3351 1062 3417 secunda
1081 3367 1171 3434 erat,
1196 3354 1296 3418 altero
1316 3367 1392 3436 post
1410 3351 1567 3435 praelium

398 3463 450 3528 die
472 3463 614 3529 immista
635 3462 753 3528 iterum
777 3462 934 3545 Hispanis
958 3463 1015 3528 vix
1036 3482 1164 3529 summo
1174 3463 1321 3546 periculo
1334 3484 1368 3528 se
1379 3462 1569 3546 expedivit,

397 3593 504 3656 neque
523 3595 602 3640 vero
621 3594 655 3639 se
676 3589 790 3655 postea
814 3594 887 3640 cum
907 3576 1008 3640 classe
1021 3574 1219 3641 Hollandica
1230 3576 1428 3660 conjungere
1440 3574 1569 3658 potuit,

399 3707 515 3772 magno
545 3687 585 3751 ad
611 3702 799 3769 susceptum
831 3688 891 3752 iter
912 3687 1130 3752 incommodo.
1178 3688 1276 3752 Facta
1297 3687 1430 3768 quidem
1451 3689 1531 3752 haec
1552 3707 1571 3750 a

401 3799 606 3865 Castellanis.
631 3799 696 3864 Sed
715 3799 749 3862 hi
769 3799 922 3866 nimirum
944 3799 991 3864 illi
1014 3813 1112 3880 sunt,
1137 3799 1280 3880 quinon
1310 3820 1418 3884 regem
1444 3813 1570 3865 tantum

400 3912 570 3991 eumdem,
594 3911 652 3976 sed
672 3910 751 3977 belli
772 3930 885 3976 causas
908 3924 940 3976 et
952 3911 1025 3976 odia
1039 3910 1071 3974 in
1085 3911 1225 3977 Batavos
1236 3911 1420 3977 communia
1429 3911 1571 3976 habent:

400 4042 542 4105 quorum
563 4022 683 4102 auxilia
702 4041 719 4086 a
739 4023 909 4088 Lusitanis
929 4024 1085 4088 adversus
1104 4023 1245 4089 Batavos
1266 4023 1360 4089 etiam
1379 4043 1436 4106 per
1447 4022 1571 4088 Indiam

434 4307 442 4339 ¹
462 4308 530 4356 Guil.
548 4308 573 4356 in
592 4311 609 4357 l.
628 4310 672 4357 sed
692 4320 716 4356 et
732 4311 788 4357 hac.
804 4309 830 4356 ff.
849 4312 880 4358 de
898 4324 1001 4370 procur.
1014 4309 1057 4373 [D.
1077 4322 1100 4367 3.
1119 4322 1141 4367 3.
1160 4309 1212 4373 35.]
1232 4312 1285 4358 Bal.
1304 4309 1363 4358 inl.
1382 4323 1404 4357 1.
1422 4311 1451 4356 C.
1469 4310 1500 4358 de
1516 4322 1572 4358 acc.

401 4399 443 4460 [C.
458 4414 482 4460 9.
498 4399 533 4460 a]
560 4401 601 4446 Gl.
625 4399 651 4446 in
668 4402 685 4447 1.
703 4399 799 4447 coloni.
819 4403 848 4448 C.
867 4401 959 4460 quibus
978 4415 1009 4450 ex
1028 4415 1096 4449 caus.
1114 4403 1166 4449 col.
1185 4399 1227 4463 [C.
1249 4413 1285 4448 11.
1304 4413 1345 4462 49.
1362 4401 1398 4462 a]
1418 4403 1493 4448 Alex.
1510 4400 1535 4448 in
1555 4403 1572 4449 l.

399 4492 444 4537 ult.
462 4489 488 4538 ff.
507 4491 538 4538 de
556 4489 626 4550 publ.
643 4488 698 4546 iud.
720 4490 763 4553 [D.
781 4494 822 4551 48.
843 4492 877 4552 r.]
897 4503 922 4539 et
939 4493 964 4540 in
983 4494 1000 4539 l.
1019 4506 1041 4540 2.
1059 4492 1085 4538 ff.
1102 4493 1133 4540 de
1149 4505 1203 4540 acc.
1221 4489 1266 4553 [D.
1284 4494 1326 4552 48.
1343 4491 1379 4552 a]
