3536 5692
347 622 409 682 280
643 638 690 685 nr
715 639 808 705 Juns
835 639 1019 687 ruinosa.
1045 639 1124 686 cnr.
1148 635 1231 685 xrtr.

347 805 444 872 atque
469 790 597 856 interim
622 809 743 874 quanta
767 793 836 860 fieri
860 809 971 878 potest
989 793 1228 876 tranquillitate
1244 791 1398 858 foveatur
1419 811 1517 877 nego-

347 902 459 981 tiatio,
485 924 568 984 quae
591 925 664 969 cum
688 906 841 971 omnibus
862 927 879 971 a
901 921 1016 972 natura
1038 919 1151 988 patet,
1184 918 1254 970 tum
1281 905 1380 989 hujus
1401 905 1515 986 populi

215 1024 334 1122 irim
349 1014 468 1080 studiis
491 1016 699 1097 peculiariter
722 1018 963 1083 accommodata
986 1032 1044 1082 est.
1091 1015 1190 1080 Omni
1215 1015 1376 1099 igiturex
1401 1029 1515 1097 parte,

349 1123 443 1188 etiam
469 1128 559 1206 quod
583 1127 622 1192 ad
643 1128 875 1194 conscientiam
899 1128 1037 1209 attinet,
1062 1129 1183 1192 bellum
1204 1125 1293 1191 boc
1285 1146 1319 1191 m
1337 1125 1517 1192 Lusitanos

206 1251 331 1350 ᾗῖιωιιι.
345 1235 563 1318 justissimum
598 1253 664 1305 est.
699 1254 732 1304 et
760 1240 806 1306 sic
837 1242 954 1323 praeda
983 1240 1093 1323 justa,
1130 1239 1169 1304 de
1192 1259 1257 1319 qua
1289 1237 1426 1322 agimus.
1472 1237 1518 1302 Ea

346 1362 453 1412 autem
475 1351 617 1432 praeda,
646 1351 740 1417 etiam
764 1350 912 1435 cujusvis
934 1371 1069 1416 suorum
1090 1349 1294 1430 ministeri0,
1317 1349 1516 1433 reipublicae

213 1480 331 1546 anona.
345 1458 449 1541 primo
473 1462 697 1543 acquireretur
719 1482 826 1544 usque
850 1463 921 1528 ad'
911 1462 994 1547 juris
1020 1459 1299 1541 satisfactionem,
1321 1481 1404 1542 quae
1424 1481 1517 1543 prae·

200 1535 331 1649 iipf'isw
346 1569 449 1634 dam
441 1586 534 1637 rstam
559 1572 686 1637 infinite
706 1574 854 1638 excedit:
878 1573 989 1656 potuit
1010 1586 1117 1637 autem
1140 1586 1172 1636 et
1195 1571 1395 1637 concedente
1419 1591 1515 1654 repu-

346 1680 430 1746 blica
461 1681 531 1748 fieri
563 1683 692 1749 Indicae
727 1683 909 1750 societatis:
935 1683 1209 1765 quemadmodum
1237 1700 1422 1748 concessam
1447 1703 1515 1749 esse

346 1792 544 1874 oportunius
568 1792 652 1858 infra
674 1794 859 1860 docebitur.

224 1923 285 1967 Pars
300 1927 331 1970 rr.
390 1903 480 1967 Haec
503 1923 579 1988 ergo
600 1925 674 1970 cum
698 1905 823 1970 ratione
847 1905 958 1970 habita
982 1905 1147 1987 ipsorum,
1162 1903 1219 1985 qui
1242 1904 1320 1969 belli
1343 1919 1421 1970 sunt
1440 1925 1515 1969 auc-

346 2028 457 2096 tores,
483 2014 646 2081 Ordinum
677 2017 825 2097 scilicet,
849 2038 867 2081 a
896 2017 992 2083 nobis
1014 2017 1149 2099 probata
1178 2016 1266 2098 sint,
1290 2018 1395 2081 multo
1424 2031 1517 2082 erunt

346 2125 485 2191 certiora
514 2127 541 2192 si
571 2127 744 2207 subditos,
775 2143 855 2210 puta
876 2129 1064 2193 societatem
1094 2127 1260 2207 Indicam,
1282 2127 1516 2209 respiciamuS,

347 2257 431 2318 quae
456 2237 618 2304 Ordinum
642 2237 786 2321 imperiis
806 2254 906 2322 paret.
954 2240 1038 2304 Nam
1070 2259 1153 2320 quae
1174 2237 1207 2302 in
1230 2238 1420 2304 auctoribus
1440 2259 1516 2303 vera

346 2367 415 2414 esse
436 2349 620 2416 necessario
642 2350 785 2429 debent,
810 2349 919 2415 eadem
944 2349 977 2413 in
1000 2349 1141 2416 subditis
1166 2349 1244 2415 satis
1269 2362 1318 2414 est
1340 2368 1408 2413 esse
1431 2349 1517 2414 veri·

346 2458 474 2524 similia.
523 2460 588 2526 Sed
611 2475 716 2526 tamen
736 2475 885 2543 aptemus
907 2460 1045 2526 examini
1067 2481 1125 2542 ea,
1151 2479 1234 2541 quae
1256 2460 1295 2524 de
1319 2459 1459 2525 subditis
1483 2461 1515 2523 in

346 2569 493 2635 doctrina
515 2570 584 2635 de
573 2591 647 2655 Jure
667 2572 804 2654 praedae
827 2575 981 2638 conclusa
1002 2586 1080 2638 sunt
1099 2586 1169 2636 tum
1194 2591 1233 2634 ex
1254 2571 1428 2653 primario,
1447 2585 1515 2635 tum

186 2704 222 2748 s
227 2706 333 2751 contar
349 2701 387 2744 ex
417 2681 608 2747 secundario
637 2683 782 2765 gentium
802 2685 886 2767 jure.
931 2683 1074 2772 Primum
1099 2682 1200 2766 igitur
1218 2696 1347 2747 constat
1369 2681 1518 2747 subditos

186 2759 258 2804 ⁰⁸¹⁶
274 2763 305 2806 Π
348 2791 532 2860 Ordinibus
575 2811 646 2860 esse
681 2814 762 2876 eos,
796 2794 855 2876 qui
888 2769 1032 2859 Indicam
1071 2793 1278 2859 constituunt
1317 2793 1515 2858 societatem.

166 2909 168 2912 ’
214 2935 334 3034 pamma
348 2904 471 2970 Omnes
493 2905 577 2971 enim
602 2906 659 2986 qui
689 2905 722 2971 in
746 2905 818 2970 istis
840 2920 918 2970 sunt
938 2904 1127 2988 regionibus
1146 2919 1202 2968 aut
1222 2904 1435 3000 jurejurando
1458 2905 1517 2969 ob-

349 3016 499 3098 sequium
531 3016 712 3082 Ordinibus
742 3017 986 3099 promisernnt,
1010 3030 1067 3081 aut
1089 3017 1166 3080 dum
1190 3033 1224 3080 se
1248 3029 1369 3096 partem
1390 3012 1518 3080 faciunt

348 3128 417 3210 ejus
441 3126 663 3209 reipublicae,
689 3147 785 3208 quam
811 3126 953 3192 Ordines
975 3126 1224 3205 administrant,
1241 3126 1338 3191 tacite
1351 3126 1431 3191 satrs
1441 3147 1516 3208 pro

347 3237 482 3302 iitentur
514 3238 584 3321 ejus
614 3258 648 3304 se
668 3238 868 3321 reipublicae
900 3239 1047 3303 moribus
1069 3237 1238 3316 victuros,
1263 3251 1295 3301 et
1317 3237 1454 3319 receptis
1477 3237 1516 3300 ab

348 3369 384 3413 ea
404 3348 649 3432 magistratibus
675 3329 890 3431 praestituros
909 3348 1148 3414 obedientiam:
1173 3369 1212 3412 ex
1234 3368 1299 3429 qua
1316 3347 1518 3430 professione

348 3479 414 3526 non
449 3459 579 3538 minus,
615 3475 657 3524 ut
686 3459 795 3524 alibi¹
821 3460 1046 3540 ostendimus,
1081 3479 1178 3541 quam
1211 3480 1294 3525 voce
1321 3459 1517 3542 obligantur.

348 3570 563 3652 Euripideum
587 3585 654 3636 est:

583 3687 679 3765 σέβειν
699 3688 728 3752 δὲ
750 3689 815 3758 τοὺς
838 3690 1014 3768 κρατοῦντας
1036 3689 1157 3768 ἀρχαῖος
1180 3685 1272 3764 νόμος.

583 3792 740 3878 Antiqua
764 3793 907 3871 laxast,
932 3793 1038 3857 colere
1061 3813 1175 3857 rerum
1198 3805 1365 3877 compotes.

392 3903 462 3968 Nec
484 3903 567 3969 illud
587 3904 700 3990 tragici
721 3904 856 3970 alterius
876 3901 888 3936 ²
910 3903 1085 3969 dissimile:

519 4031 520 4034 ’
583 4021 635 4084 καὶ
658 4021 717 4099 γὰρ
735 4021 768 4084 τὸ
790 4020 888 4083 λοιπὸν
905 4018 1060 4097 εἰσόμεσθα
1079 4020 1133 4097 μὲν
1149 4019 1218 4088 θεοῖς

584 4129 685 4202 εἴκειν,
709 4127 917 4208 μαθησόμεσθα
937 4130 962 4192 δ’
983 4129 1132 4210 'Amardus
1151 4129 1258 4206 σέβειν.

581 4239 717 4322 ἄρχοντές
738 4241 805 4304 εἰσιν
816 4284 826 4315 ,
848 4236 1063 4310 del'orraars'oa
1084 4240 1116 4306 τί
1136 4241 1199 4318 satia

347 4355 542 4366 ....---—

380 4399 387 4430 ¹
408 4413 430 4447 c.
448 4415 471 4447 α.
490 4401 638 4459 paulopost
654 4410 705 4456 reg.
721 4409 744 4453 3.
763 4409 787 4444 et
804 4409 860 4444 ante
879 4398 896 4443 l.
918 4409 941 4452 7.
976 4399 1006 4444 V.
1031 4397 1106 4444 etiam
1123 4411 1145 4444 c.
1157 4399 1180 4444 8.
1194 4408 1250 4444 ante
1265 4399 1348 4445 concl.
1363 4410 1386 4455 7.
1405 4397 1475 4446 artic.
1491 4411 1514 4454 3.

388 4505 410 4538 2.
445 4488 455 4520 ²
473 4490 612 4549 Sophocles
631 4486 719 4546 Aiace.
739 4487 789 4551 [vs.
804 4489 861 4536 666.
879 4486 947 4549 sqq]
