3546 5654
369 693 429 758 172
673 694 721 741 DE
744 693 838 760 JURE
864 693 1049 742 Pannona.
1075 697 1157 742 CAP·
1183 697 1233 744 x1.

366 864 397 914 et
427 847 490 932 ipsi
523 862 720 930 coeperunt:
755 863 848 914 tanto
880 864 988 914 tamen
1022 850 1199 916 modestiae
1222 866 1254 916 et
1276 851 1538 934 aequanimitatis

365 973 641 1042 temperamento,
666 974 704 1026 ut
721 959 869 1044 singulas
887 960 1033 1026 actiones
1052 962 1269 1028 consideranti
1288 963 1367 1030 satis
1377 978 1540 1030 constaret

365 1072 466 1136 solam
490 1069 522 1134 in
547 1069 722 1138 consilium
755 1070 932 1136 adhibitam
964 1070 1068 1138 fuisse
1092 1073 1328 1140 necessitatem.
1375 1075 1476 1161 Quod
1499 1075 1540 1140 ad

364 1181 503 1247 Batavos
538 1182 717 1263 attinebat,
751 1181 846 1247 amici
881 1201 1039 1248 occursus
1072 1198 1157 1248 terra
1189 1184 1357 1266 marique,
1386 1184 1539 1250 Lusitani

264 1279 267 1283 ’
364 1291 448 1358 intra
469 1311 570 1358 naves
592 1292 687 1358 etiam
699 1307 731 1358 et
742 1291 783 1358 ad
798 1295 910 1376 epulas
920 1293 1074 1376 admissi,
1097 1293 1181 1359 nihil
1192 1315 1303 1360 eorum
1316 1294 1385 1360 fieri
1395 1295 1538 1378 placuit,

364 1423 449 1485 quae
469 1403 552 1469 inter
571 1405 684 1469 hostes
704 1402 822 1468 licent:
847 1421 913 1470 non
933 1405 1081 1472 coloniae
1103 1419 1329 1488 oppugnatae,
1354 1425 1420 1471 uon
1440 1425 1540 1472 naves

364 1513 539 1597 incensae,
571 1534 611 1580 ne
638 1514 798 1598 prohibiti
827 1513 961 1597 quidem
990 1515 1143 1582 Lusitani
1173 1516 1213 1581 ad
1232 1516 1361 1582 eosdem
1379 1531 1541 1582 mercatus

364 1625 487 1692 venire.
531 1624 652 1707 Neque
685 1625 759 1692 illos
787 1639 893 1692 tamen
923 1641 978 1692 aut
1006 1646 1103 1692 causa
1135 1627 1309 1712 navigandi
1338 1627 1538 1709 necessitas,
1595 1607 1601 1624 ¹

365 1751 423 1802 aut
444 1750 508 1801 tam
532 1751 644 1819 pacata
668 1735 857 1820 negotiandi
880 1736 963 1803 ratio
986 1737 1165 1820 quidquam
1186 1738 1360 1822 mitigavit.
1384 1737 1539 1823 Magnum

366 1845 450 1912 enim
470 1846 593 1916 crimen
611 1861 680 1912 erat
699 1847 894 1912 batavorum
906 1867 973 1914 non
985 1863 1126 1932 egestate
1137 1848 1250 1932 potius
1260 1849 1418 1932 opprimi,
1442 1870 1539 1931 quam

365 1957 399 2024 in
420 1977 456 2022 ea
476 1958 658 2036 commoda,
683 1977 767 2040 quae
789 1957 919 2024 cunctis
943 1959 1132 2026 hominibus
1144 1975 1259 2025 natura
1268 1957 1442 2043 patefecit,
1465 1979 1538 2026 cum

366 2067 536 2136 Lusitanis
556 2088 760 2134 concurrere.
794 2069 868 2134 Hoc
888 2083 994 2134 tamen
1015 2071 1086 2134 solo
1103 2071 1213 2136 colore
1223 2071 1315 2137 dictu
1326 2071 1540 2150 incredibile,

366 2193 488 2261 quanta
516 2179 646 2245 illorum
675 2179 781 2244 rabies
807 2179 886 2263 (nec
917 2180 1002 2246 enim
1024 2180 1088 2246 alio
1108 2181 1239 2246 nominc
1260 2182 1449 2264 appellanda
1472 2177 1541 2265 est)

366 2289 399 2354 in
431 2291 572 2357 Batavos
605 2289 780 2372 exarserit,
816 2291 895 2357 adeo
925 2291 1138 2373 innocentes,
1172 2306 1209 2358 ut
1238 2292 1386 2358 contenti
1404 2294 1539 2360 salutem

365 2419 457 2466 suam
488 2420 694 2484 propugnare
726 2401 783 2466 vix
805 2401 964 2484 'plurimis
992 2401 1126 2487 flagitiis
1157 2402 1198 2468 ad
1232 2402 1390 2469 ultionem
1418 2402 1540 2485 impelli

363 2511 551 2594 potuerint:
585 2512 678 2592 quod
710 2513 857 2596 subjecta
885 2533 992 2579 rerum
1023 2513 1164 2578 narratio
1194 2513 1450 2595 demonstrabit,
1474 2532 1538 2578 uon

366 2622 422 2687 illa
448 2622 581 2704 quidem
611 2622 694 2688 nihil
721 2623 898 2704 omittens,
923 2624 988 2690 sed
1010 2625 1184 2708 praecipua
1204 2639 1327 2690 tantum
1351 2625 1539 2706 complexa,

207 2745 276 2789 Aemo
291 2756 345 2803 ¹⁵94
365 2753 382 2799 e
405 2733 528 2816 quibus
549 2749 674 2800 caetera
693 2755 750 2817 par
771 2749 820 2800 est
839 2734 992 2819 intelligi.
1032 2734 1140 2800 Prima
1163 2750 1279 2818 coepta
1302 2750 1352 2814 est
1374 2757 1393 2816 a
1411 2735 1540 2800 Batavis

366 2844 447 2910 adiri
477 2865 552 2928 pars
582 2845 638 2911 illa
663 2844 862 2928 Aethiopiae
886 2844 1019 2910 Oceano
1043 2844 1235 2926 imminens,
1260 2864 1357 2927 quam
1378 2845 1538 2912 Guineam

366 2945 529 3037 dicimus,
561 2955 723 3022 Bernardo
748 2955 1024 3022 Medemelacensi
1046 2970 1264 3022 monstrante:
1298 2976 1365 3038 quo
1395 2972 1540 3038 tempore

365 3066 517 3132 Lusitani
537 3085 577 3131 ne
595 3087 655 3133 sua
673 3080 799 3134 tantum
819 3066 966 3131 barbarie
986 3081 1175 3146 uterentur,
1201 3064 1293 3132 Afris
1311 3081 1541 3148 persuaserunt

367 3176 450 3260 (ipsi
482 3195 559 3240 mox
590 3175 668 3242 Afri
701 3176 809 3242 omnia
841 3176 985 3243 confessi
1017 3178 1121 3261 sunt)
1145 3177 1275 3244 venisse
1296 3179 1458 3259 latrones,
1483 3177 1541 3259 qui

366 3286 529 3352 mercandi
552 3287 660 3369 specie
682 3287 773 3369 ipsos
794 3287 827 3353 in
849 3287 1069 3370 captivitatem
1090 3288 1306 3353 abducerent:
1330 3307 1390 3352 nec
1412 3303 1538 3353 tantum

366 3397 475 3463 verbis
495 3397 621 3464 animos
640 3398 841 3478 alienarunt,
866 3400 920 3464 sed
942 3400 1101 3482 pretium,
1126 3418 1193 3481 quo
1212 3399 1293 3465 istae
1313 3399 1407 3464 etiam
1428 3413 1541 3482 gentes

367 3525 645 3592 corrumpuntur,
669 3510 709 3576 ad
721 3525 852 3576 centum
864 3511 1005 3576 florenos
1016 3526 1198 3593 posuerunt
1209 3511 1262 3577 his
1275 3559 1286 3592 ,
1305 3509 1363 3594 qui
1374 3509 1538 3576 hominem

366 3619 523 3687 Batavum
543 3620 741 3688 nocuissent.
790 3622 904 3688 Artem
925 3621 1020 3687 etiam
1041 3621 1241 3704 docuerunt,
1263 3641 1327 3703 qua
1348 3641 1462 3686 aurum
1486 3620 1540 3704 (id

368 3730 452 3796 enim
483 3730 555 3797 istis
587 3751 625 3796 ex
658 3732 739 3798 locis
769 3732 912 3818 petitur)
942 3733 1170 3798 adulterarent.
1222 3734 1383 3813 Cumque·
1406 3732 1539 3797 Simone

368 3842 454 3926 Tajo
478 3842 561 3908 duce
584 3843 625 3908 ad
643 3843 904 3926 promontorium
925 3844 1091 3924 Cortum,
1116 3844 1206 3926 quod
1226 3844 1335 3909 eadem
1355 3843 1388 3908 iu
1408 3843 1541 3926 regione

368 3969 436 4036 est,
461 3954 692 4038 navigaretur,
716 3957 851 4040 vulgato
870 3975 999 4022 rumore
1018 3958 1168 4039 regulum
1188 3955 1261 4038 ejus
1279 3957 1392 4037 plagae
1411 3953 1542 4020 venisse

367 4081 405 4131 ut
425 4085 540 4133 navem
565 4065 764 4150 inspiceret,
789 4066 871 4132 alios
890 4067 1169 4146 subornaverant,
1194 4065 1251 4148 qui
1274 4065 1412 4130 Batavos
1422 4064 1541 4146 scapha

365 4191 542 4259 provectos
570 4177 701 4261 longius
733 4177 1007 4244 circumvenirent
1038 4175 1342 4258 interficerentque:
1385 4175 1477 4258 quod
1509 4187 1541 4238 et

367 4287 490 4352 factum
510 4303 570 4354 est.
595 4287 751 4371 Idemque
769 4288 959 4356 hominibus
978 4288 1118 4370 Delphis
1139 4287 1172 4354 in
1195 4307 1263 4353 eam
1276 4307 1364 4353 oram
1378 4285 1541 4369 pervectis

368 4398 506 4478 accidit,
539 4414 626 4464 emto
649 4400 689 4464 ad
711 4399 929 4482 proditionem
963 4398 1166 4483 negotiatore
1189 4396 1294 4480 Afro,
1324 4397 1379 4464 cui
1402 4397 1541 4464 Voticae

368 4530 485 4574 nomen
526 4525 557 4576 et
586 4513 743 4580 nonnulla
773 4511 860 4594 apud
890 4511 1030 4578 Batavos
1060 4509 1235 4577 auctoritas
1256 4508 1421 4591 frequenti
1453 4527 1540 4574 com-

1572 4354 1578 4382 l
