3536 5692
527 632 572 677 ora
597 631 689 695 Junra
715 631 899 677 rnnaonrr·
922 632 1003 677 cnr.
1027 631 1108 676 xru.
1356 614 1418 693 269

244 785 444 852 verissimam
478 784 695 866 exprimamus
726 783 945 862 sententiam,
978 797 1123 866 potestas
1156 797 1228 847 tota
1248 783 1360 850 civilis
1386 784 1419 848 in

159 943 167 952 -
244 897 410 979 republica
441 897 583 975 residet,
616 895 671 959 cui
695 895 735 961 de
759 914 793 959 se
814 893 973 977 competit
993 895 1173 978 gubernare
1198 915 1233 959 se
1257 893 1359 976 ipsam
1385 908 1418 959 et

246 1007 470 1074 administrare
501 1021 533 1071 et
564 1025 677 1071 omnes
705 1020 883 1088 potestates
914 1023 988 1070 suas
1021 1004 1054 1070 in
1088 1024 1260 1070 commune
1295 1005 1418 1070 bonum

231 1118 394 1202 ‘dirigere
440 1116 627 1197 Principum
659 1136 738 1181 vero
767 1129 914 1199 potestas
936 1116 1026 1180 nulla
1047 1116 1137 1199 justa
1158 1128 1230 1194 est,
1254 1115 1317 1182 nisi
1340 1135 1420 1196 qua·

247 1243 342 1292 tenus
365 1247 383 1291 a
406 1225 604 1308 reipublicae
636 1240 797 1308 potestate
816 1225 963 1292 derivata
982 1241 1031 1290 est
1052 1246 1110 1308 per
1134 1225 1327 1290 electionem
1350 1225 1420 1290 sive

248 1336 280 1400 in
302 1356 497 1418 personam,
521 1335 590 1402 sive
616 1335 648 1399 in
672 1335 826 1402 familiam
848 1339 877 1399 ¹:
902 1336 990 1401 unde
1014 1350 1046 1400 et
1061 1337 1116 1420 jus
1128 1335 1206 1400 belli
1221 1335 1421 1418 suscipiendi

248 1447 289 1511 ad
311 1446 492 1528 Principem
512 1446 668 1529 pertinet,
690 1447 849 1512 duntaxat
868 1466 934 1528 qua
954 1445 1045 1512 vices
1066 1445 1265 1528 reipublicae
1285 1446 1368 1530 gerit
1389 1461 1421 1511 et

248 1559 287 1622 ab
318 1578 354 1623 ea
387 1557 572 1623 mandatum
604 1558 730 1640 accepit
751 1555 775 1624 ².
822 1558 916 1623 Prior
948 1557 1050 1642 igitur
1080 1558 1250 1641 majorque
1275 1572 1420 1640 potestas

247 1669 324 1734 belli
343 1668 507 1733 indicendi
528 1688 628 1752 penes
651 1669 752 1752 ipsam
770 1670 1002 1752 rempublicam
1016 1669 1111 1750 est³,
1136 1688 1219 1750 quae
1232 1668 1416 1751 Principem
1470 1673 1472 1680 '

246 1793 397 1845 censetur
426 1779 458 1844 in
486 1779 538 1846 his
565 1779 628 1845 sibi
656 1779 891 1862 substituisse,
916 1801 999 1862 quae
1020 1780 1091 1862 ipsa
1113 1800 1170 1862 per
1189 1799 1224 1845 se
1245 1779 1417 1846 commode

246 1889 369 1954 efficere
401 1909 467 1956 non
499 1890 614 1972 possit.
662 1891 778 1957 Manet
804 1910 881 1976 ergo
903 1891 998 1957 etiarn
1020 1891 1203 1957 constituto
1228 1891 1418 1974 Principatu

246 2000 370 2084 integra
390 2015 535 2082 potestas
554 2002 754 2084 reipublicae
772 2001 808 2082 ⁴,
833 2004 914 2068 adeo
938 2003 1071 2085 quidem
1096 2017 1133 2068 ut
1153 2003 1238 2066 idem
1252 2003 1308 2067 ille
1322 2004 1417 2067 theo-

245 2113 340 2194 logus
361 2111 530 2194 Hispanus
550 2111 561 2146 ⁵
579 2131 676 2195 posse
698 2134 715 2178 a
735 2114 920 2196 Republica
941 2113 1058 2179 mutari
1081 2112 1249 2196 Principes
1272 2128 1304 2178 et
1324 2113 1417 2178 Prin-

244 2221 388 2304 cipatum
423 2224 463 2288 de
498 2243 615 2307 genere
646 2224 693 2316 in
713 2242 816 2308 genus
851 2223 1019 2288 transferri
1056 2223 1228 2288 Gallorum
1268 2225 1418 2306 exemplo

245 2334 373 2414 probet.
423 2334 511 2398 Hinc
540 2348 670 2399 constat
699 2334 939 2400 Hollandorum
962 2334 1196 2416 rempublicam
1220 2333 1318 2399 etiam
1342 2354 1416 2399 curn

245 2442 429 2525 Principem
460 2444 595 2509 haberet
621 2446 695 2528 J'ure
725 2460 829 2509 tamen
850 2445 928 2510 belli
950 2445 1152 2528 suscipiendi
1174 2465 1240 2511 non
1262 2443 1418 2511 caruisse.

246 2557 332 2620 Nam
355 2554 481 2637 alioqui
504 2574 570 2619 non
590 2553 707 2620 fuisset
724 2555 787 2620 sibi
800 2557 983 2621 sufficiens:
1010 2577 1077 2637 quo
1091 2569 1286 2640 argumento
1298 2556 1417 2638 probat

246 2666 395 2731 Victoria
415 2672 426 2705 ⁶
446 2685 537 2749 reges
559 2665 710 2746 quamvis
729 2666 919 2749 Imperatori
932 2667 1101 2750 subjectos
1114 2667 1236 2731 bellurn
1249 2667 1416 2750 suscipere

246 2797 312 2842 non
343 2776 457 2842 vetari.
502 2775 627 2841 Verum
662 2776 788 2842 etiamsi
819 2797 904 2859 quos
935 2777 1076 2845 Ordines
1098 2777 1238 2843 dicimus
1259 2797 1325 2843 non
1349 2778 1417 2861 ipsa

246 2902 353 2954 essent
378 2887 585 2970 respublica,
619 2888 678 2953 sed
708 2887 915 2972 magistratus
947 2865 1164 2972 a‘republica
1186 2888 1358 2954 constituti
1387 2903 1419 2953 et

246 2998 396 3081 Principe
417 2997 610 3079 inferioreS,
636 3001 758 3065 bellurn
782 3014 889 3065 tamen
911 2999 1083 3082 publicum
1107 3019 1177 3065 esse
1198 3019 1265 3066 non
1286 2999 1416 3065 desinit.

244 3109 430 3175 Docuirnus
454 3109 539 3174 enim
563 3130 637 3175 cum
661 3110 811 3176 Victoria
830 3115 841 3156 ⁷
862 3111 1003 3194 aliisque
1025 3111 1242 3191 auctoribus,
1265 3109 1417 3193 Principe

244 3236 409 3301 cessante,
445 3239 541 3304 posse
565 3221 771 3306 magistratus
796 3221 964 3288 inferiores
985 3243 1052 3289 non
1075 3204 1201 3287 tantum
1227 3223 1417 3305 propulsare

244 3331 402 3417 injurias,
434 3332 492 3397 sed
515 3347 547 3398 et
568 3334 690 3399 bellum
714 3333 884 3416 publicum
908 3333 1026 3400 inferre
1048 3335 1089 3400 ad
1108 3334 1295 3418 puniendos
1317 3336 1414 3399 male·
1442 3410 1447 3424 Ι

242 3443 381 3510 factores
402 3458 582 3510 extraneos.
607 3445 683 3532 Qua
695 3444 820 3511 ratione
833 3445 928 3510 etiarn
941 3461 1064 3529 partem
1076 3446 1192 3529 populi
1206 3445 1416 3530 magistratus

243 3555 306 3620 sibi
337 3557 443 3639 legere
473 3575 570 3639 posse
591 3558 666 3622 vult
685 3556 907 3623 Covarruvias
927 3560 960 3637 ⁸,
986 3557 1113 3622 etiamsi
1135 3557 1183 3622 illi
1208 3556 1417 3639 magistratus

126 3671 152 3709 ’-
242 3665 321 3731 alias
352 3666 415 3731 nisi
439 3687 457 3731 a
479 3687 555 3750 rege
587 3667 745 3732 constitui
775 3687 840 3732 non
874 3667 1012 3750 possint.
1059 3667 1211 3732 Retinuit
1243 3667 1354 3746 enim,
1381 3681 1417 3731 ut

244 3778 298 3842 ille
324 3777 453 3859 inquit,
477 3779 622 3860 populus
640 3777 724 3861 juris
745 3779 902 3842 naturalis
920 3793 1136 3861 potestatem,
1161 3797 1226 3859 qua
1243 3777 1293 3842 uti
1306 3792 1418 3861 potest

248 3971 427 3980 ——-....

278 4085 286 4117 ¹
305 4087 412 4134 Covarr.
437 4087 462 4133 d.
487 4098 511 4133 c.
529 4087 612 4133 concl.
630 4099 654 4147 4.
672 4087 748 4146 Vasq.
767 4099 789 4133 c.
810 4099 849 4133 20.
867 4099 892 4133 n.
912 4099 952 4148 24.
971 4098 1067 4146 etseq.
1087 4086 1154 4135 idem
1172 4100 1258 4149 c.·47.
1277 4101 1302 4135 n.
1322 4100 1345 4143 5.
1364 4089 1416 4136 Du·

244 4178 334 4226 randus
361 4179 392 4225 de
411 4176 473 4236 orig.
492 4174 581 4232 jurisd.
616 4173 711 4224 ²Vict.
731 4177 761 4224 de
780 4175 835 4232 jure
854 4176 924 4224 belli.
942 4190 967 4224 n.
985 4178 1009 4224 6.
1044 4175 1150 4225 ³Henr.
1170 4177 1274 4226 Goriclr.
1293 4179 1326 4225 de
1345 4178 1416 4225 bello

243 4265 328 4327 justo,
352 4267 378 4314 in
402 4268 482 4328 praef.
499 4279 524 4315 et
548 4268 574 4314 in
592 4281 667 4328 prop.
688 4281 725 4325 ια,
742 4281 809 4328 resp.
828 4270 858 4316 ad
875 4270 921 4316 ult.
941 4280 1034 4328 argum.
1067 4266 1078 4298 ⁴
1097 4267 1135 4316 Ita
1155 4269 1230 4316 docet
1249 4268 1374 4328 Vasquius
1393 4282 1417 4316 c.

242 4371 283 4416 47.
301 4372 325 4405 n.
346 4371 384 4405 ιι.
417 4358 513 4406 ⁵Vict.
532 4359 562 4407 de
582 4359 729 4414 Indis,rei.
750 4373 770 4407 ι.
788 4374 813 4419 p.
835 4372 855 4406 1.
873 4373 898 4406 n.
920 4360 956 4406 16.
991 4359 1057 4406 “De
1075 4357 1130 4415 jure
1149 4356 1218 4408 belli.
1236 4373 1261 4406 n.
1280 4362 1303 4406 8.
1338 4357 1417 4407 ilbi.

244 4461 269 4494 n.
288 4463 311 4508 9.
346 4446 455 4496 8Ριιιι.
474 4462 569 4509 quaest.
590 4464 613 4497 c.
632 4464 657 4509 4.
676 4465 700 4498 n.
720 4463 742 4506 3.
