3552 5654
547 696 592 742 DE
617 696 709 761 JURE
735 693 921 743 nunaunt.
948 697 1029 744 CAP.
1055 697 1138 746 vill.
1342 699 1402 762 115

1468 769 1473 794 s

230 850 397 918 referenda
421 865 561 934 tyranno
584 869 657 915 eum
680 851 754 916 vult
776 850 909 916 modum
921 851 1065 934 servari,
1091 866 1150 935 ut,
1174 857 1203 917 si
1215 851 1401 936 beneficium

229 964 286 1028 illi
308 983 412 1028 meum
437 982 540 1047 neque
561 965 650 1029 sires
674 963 814 1046 majores
838 961 1000 1028 dotorum
1024 967 1131 1028 estin
1155 967 1296 1030 exitium
1317 985 1400 1029 eom·

230 1096 346 1155 mone,
370 1095 427 1139 nee
449 1071 727 1156 confirmaturum
750 1094 833 1159 quas
857 1075 978 1158 habet,
1001 1075 1042 1141 id
1061 1089 1171 1140 autem
1196 1079 1285 1157 erit,
1315 1074 1404 1161 qood

229 1185 285 1251 illi
308 1181 404 1250 reddi
422 1188 491 1249 sine
506 1187 657 1270 pernicie
672 1184 811 1270 publiea
827 1189 955 1271 possit,
980 1185 1128 1254 reddam.
1172 1186 1320 1252 Deinde:
1341 1201 1400 1272 pe·

229 1300 385 1376 cuniam,
408 1315 494 1380 quae
512 1294 689 1360 satellitem
713 1296 874 1381 stipendio
896 1310 1025 1379 teneat,
1046 1318 1109 1362 non
1125 1296 1397 1363 subministrabo.

230 1407 331 1472 Item:
364 1407 501 1471 militem
534 1419 566 1471 et
596 1426 695 1471 erma
728 1427 792 1472 non
823 1428 1012 1494 suggeram.
1059 1410 1171 1475 Naves
1204 1427 1239 1475 se
1262 1407 1399 1475 lusorias
1501 1415 1503 1422 ’

229 1517 405 1583 missurum
427 1517 579 1599 affirmat,
604 1516 750 1583 triremes
769 1531 876 1602 negat.
920 1519 1055 1606 Quanto
1075 1518 1176 1603 igitur
1195 1520 1270 1602 plus
1290 1518 1398 1584 damni

229 1630 274 1694 ob
297 1631 392 1694 talem
427 1647 556 1712 operam
584 1628 761 1713 contigisse
788 1628 1012 1714 iudicabitur,
1036 1644 1236 1712 quantumve
1263 1629 1399 1713 impedi·
1457 1675 1458 1678 κ

229 1739 330 1805 menti
361 1740 550 1825 obiectum,
583 1740 760 1823 quominus
789 1741 894 1806 hostis
921 1741 988 1826 juri
1013 1760 1123 1824 parere
1146 1755 1340 1826 cogeretur,
1364 1741 1398 1807 in

229 1866 354 1916 tantum
374 1850 492 1934 praeda
512 1851 553 1916 ad
574 1849 830 1918 satisfactionem
854 1852 1030 1935 procedet,
1051 1851 1122 1918 sine
1144 1853 1212 1917 ullo
1235 1870 1324 1919 novo
1345 1852 1398 1936 ju·

228 1961 338 2044 dicio,
362 1979 435 2026 cum
459 1960 549 2026 istud
569 1960 676 2044 ipsum
695 1961 773 2027 belli
795 1963 952 2045 quaedam
974 1963 1018 2028 sit
1037 1963 1281 2045 consequentia.
1307 1961 1398 2028 Haec

228 2086 335 2138 autern
358 2071 467 2138 omnia
492 2070 535 2137 ita
559 2072 592 2137 in
616 2091 731 2156 genere
753 2093 830 2139 vera
853 2087 951 2154 sunt,
976 2088 1014 2138 ut
1034 2088 1141 2140 tamen
1164 2093 1289 2157 semper
1307 2093 1398 2156 prae-

228 2186 336 2250 valere
368 2184 485 2250 debeat
508 2182 542 2248 id
564 2185 656 2266 quod
678 2183 763 2250 inter
786 2198 919 2268 gentes,
949 2184 987 2248 de
1012 2183 1133 2265 quibus
1156 2184 1285 2268 agitur,
1309 2203 1398 2249 com-

227 2295 319 2361 muni
339 2297 412 2381 jure
435 2309 601 2378 receptum
633 2309 692 2361 est.
738 2294 805 2360 Sed
826 2310 864 2361 ut
887 2296 927 2361 ad
950 2294 1172 2376 quaestionem
1195 2294 1235 2359 de
1257 2294 1399 2361 subditis

226 2406 418 2486 redeamus,
442 2408 579 2471 collecta
602 2404 669 2471 fuit
691 2405 873 2485 sententia,
898 2425 996 2488 quam
1019 2403 1192 2470 memoriae
1214 2405 1266 2470 his
1289 2405 1398 2472 verbis
1411 2410 1495 2458 Cervi·
1511 2407 1532 2456 t.

226 2515 420 2600 infigamus:
442 2517 542 2603 suste
562 2529 704 2600 corporo
727 2514 912 2581 laeduntur
932 2515 1138 2580 subditorum
1162 2528 1325 2600 quatenus
1344 2515 1399 2580 de·

228 2618 305 2689 licto
335 2638 507 2690 merentur
527 2631 554 2704 ¹,
578 2640 640 2691 eut
662 2639 825 2710 quotenus
845 2628 1017 2690 inscientes
1039 2630 1277 2690 exsecutionem
1297 2629 1398 2713 impe·

226 2733 349 2801 diunt:
367 2735 500 2821 praeda
524 2749 634 2800 autem
642 2737 738 2820 juste
757 2739 895 2822 eapitur
913 2736 954 2800 ab
966 2736 1111 2800 omnibus
1123 2749 1154 2800 et
1163 2749 1286 2821 semper
1297 2757 1398 2821 usque

225 2846 275 2912 od
290 2845 393 2912 debiti
411 2867 584 2913 sommam.
605 2848 656 2912 De
676 2845 803 2929 legibus
821 2844 956 2911 secundi
977 2844 1120 2927 ordinis,
1142 2859 1303 2927 quatenus
1323 2865 1397 2911 cum

225 2957 303 3022 belli
324 2957 602 3023 administratione
623 2957 858 3038 concilientur,
872 2956 1032 3023 vidimus:
1045 2957 1085 3022 ad
1106 2958 1249 3040 regulam
1270 2955 1396 3022 tertiam

224 3087 389 3134 vocamur.
414 3067 589 3156 Quidquid
607 3068 708 3154 igitur
726 3068 951 3151 promisimus,
974 3068 1064 3150 quod
1083 3066 1214 3150 quidem
1234 3067 1267 3132 in
1286 3081 1397 3134 nostra

224 3175 290 3244 fuit
308 3156 492 3262 potestate,
517 3177 550 3244 id
572 3199 644 3245 cum
665 3179 783 3245 damno
803 3179 898 3245 etiam
917 3193 1030 3246 nostro
1049 3193 1210 3261 praestare
1229 3177 1395 3244 debemus

224 3288 344 3372 Neque
364 3290 428 3355 hoc
448 3304 574 3374 pugnat
593 3311 669 3356 curn
690 3291 760 3374 lege
782 3291 922 3356 secunda
941 3290 962 3354 ².
1006 3289 1132 3355 Nostro
1155 3289 1238 3355 enim
1261 3288 1395 3356 arbitrio

224 3419 275 3466 res
296 3415 426 3467 nostrae
447 3401 638 3485 subjacent,
662 3419 839 3482 earumque
860 3400 1074 3483 dispensatrix
1096 3414 1146 3464 est
1166 3402 1277 3484 regula
1297 3421 1394 3483 quam

225 3509 293 3576 dixi
316 3512 428 3577 tertia:
461 3512 553 3594 quod
581 3532 619 3577 ex
642 3511 695 3579 his
719 3511 858 3594 quaein
880 3510 1042 3596 principio
1066 3510 1152 3576 dicta
1175 3525 1253 3577 sunt
1275 3511 1395 3577 clarius

225 3609 428 3707 intelligitur.
484 3622 519 3689 Si
551 3623 654 3707 igitur
685 3624 739 3708 jus
773 3623 918 3708 gentium
953 3636 1160 3705 spectemus,
1195 3641 1261 3687 non
1297 3622 1394 3688 civile

224 3733 382 3815 aliquod,
405 3733 538 3800 omnino
551 3733 646 3800 *hosti
666 3733 748 3812 fides
767 3733 927 3800 servanda
947 3747 1014 3814 est,
1039 3747 1077 3797 ut
1097 3732 1193 3798 docet
1215 3731 1349 3798 Tullius
1362 3734 1393 3812 ⁸,

223 3843 319 3909 etiam
350 3844 501 3928 perfido,
535 3859 572 3910 ut
602 3843 796 3910 Ambrosius
814 3847 846 3908 ⁴:
870 3843 961 3925 quod
983 3843 1027 3908 ita
1049 3841 1297 3925 intelligendum
1321 3857 1393 3922 est,

223 3953 284 4020 nisi
319 3955 359 4020 ab
392 3975 431 4020 eo
464 3955 536 4038 ipso
568 3969 762 4033 contractu,
795 3973 834 4019 ex
862 3973 929 4034 quo
953 3952 1035 4018 fides
1056 3953 1265 4035 postulatur,
1289 3952 1393 4017 hostis

223 4065 312 4149 prior
346 4066 517 4134 recesserit
535 4065 565 4130 ⁵:
601 4086 674 4130 cum
710 4063 795 4131 enim
829 4078 943 4128 mutua
976 4063 1020 4130 sit
1052 4061 1210 4147 obligatio
1229 4068 1264 4141 ⁸,
1300 4063 1393 4144 quasi

223 4177 369 4243 conditio
393 4176 533 4260 polliciti
557 4175 713 4242 defecisse
736 4174 910 4241 videbitur.
946 4173 1021 4240 Hoc
1045 4192 1112 4240 uno
1136 4172 1295 4255 except0⁷

257 4348 314 4398 ¹V.
332 4351 422 4398 Thoen
441 4365 464 4399 2.
489 4365 512 4398 2.
537 4364 562 4411 q.
580 4364 622 4411 40.
643 4360 689 4398 art.
715 4363 739 4421 .¹·
760 4351 814 4398 Bal.
838 4361 910 4397 cons.
936 4351 953 4396 1.
978 4362 1003 4410 4.
1028 4360 1085 4410 ³29·
1102 4347 1171 4395 vict.
1188 4360 1213 4394 n.
1235 4357 1275 4401 50.
1295 4357 1334 4402 52.
1354 4357 1393 4408 54.

223 4440 496 4490 Sllv.inv.Bellum.
517 4444 773 4500 s.§.10.c0nc1.7.
807 4437 865 4488 ²V.
884 4454 906 4488 c.
926 4454 949 4488 2.
972 4437 1092 4488 ³deoii.
1113 4440 1129 4485 l.
1148 4451 1169 4486 1.
1188 4437 1224 4498 [c.
1245 4448 1282 4494 13.
1301 4435 1390 4500 §.39.]

224 4531 282 4583 etl,
301 4542 324 4586 3.
357 4528 418 4579 ⁴de
436 4531 478 4580 off.
496 4534 513 4579 l.
532 4546 556 4580 a.
589 4530 696 4580 ‘Wiln
720 4533 801 4580 Math.
827 4533 858 4580 de
882 4532 951 4580 bello
975 4529 1053 4588 justo.
1071 4529 1097 4578 in
1115 4542 1170 4588 req.
1190 4541 1213 4575 α.
1231 4542 1257 4588 p.
1278 4540 1299 4575 r.
1332 4525 1393 4580 “ex

224 4621 281 4670 ead.
300 4634 352 4680 reg.
373 4633 395 4680 3.
430 4619 441 4653 ⁷
458 4622 531 4672 silius
550 4625 567 4670 l.
588 4636 625 4684 14
644 4623 695 4684 [vs.
716 4624 770 4684 169.
789 4622 857 4684 sqq]
1222 4684 1259 4746 8*
