3530 5656
798 711 995 754 CONSI’EC'I'US
1018 711 1137 754 ortuis.

733 883 890 948 CAPUT
915 884 1173 952 SEPTIMUM.

621 1013 665 1068 De
685 1011 804 1068 materia
825 1010 894 1067 belli
916 1011 993 1068 circa
1014 1027 1099 1084 quanr
1121 1023 1150 1070 et
1172 1011 1201 1069 iu
1223 1029 1290 1086 qua.

826 1157 1012 1207 nunusrro
1036 1158 1086 1203 vt.

408 1279 473 1335 Art.
505 1277 529 1333 Ι.
561 1277 642 1353 Quae
672 1275 709 1332 sit
736 1274 811 1347 justa
831 1276 950 1332 materia
970 1276 1039 1332 belli
1062 1277 1140 1333 circa
1161 1293 1247 1348 quarn
1269 1275 1464 1336 efficientibus
1486 1296 1538 1336 vo·

559 1355 702 1412 luntariIs.

407 1463 473 1518 Art.
495 1459 534 1518 ΙΙ.
566 1459 647 1535 Quae
659 1459 696 1515 sit
706 1457 781 1530 justa
800 1458 918 1515 materia
938 1457 1006 1515 belli
1027 1459 1056 1515 in
1076 1475 1133 1532 qua
1152 1457 1343 1517 efficientibus
1355 1462 1538 1520 voluntariis.

407 1566 474 1622 Art.
495 1563 548 1620 ΙΙΙ.
570 1565 652 1641 Quae
672 1563 710 1619 sit
730 1562 808 1635 justa
829 1562 947 1618 materia
968 1561 1037 1619 beili
1059 1563 1136 1619 circa
1159 1579 1243 1636 quarn
1266 1562 1398 1622 subditis.

410 1670 472 1726 Art.
494 1668 546 1724 IV.
569 1669 650 1745 Quae
678 1667 715 1723 sit
742 1666 817 1738 justa
839 1667 956 1723 materia
977 1667 1046 1723 beili
1069 1667 1098 1723 iu
1121 1684 1177 1738 qua
1199 1666 1332 1726 subditis.

716 1770 913 1827 Corollarium
935 1769 1114 1842 quaestionis
1136 1787 1179 1828 vr.

645 1875 693 1931 An
715 1872 801 1931 detur
822 1872 930 1930 bellum
951 1873 1099 1946 utrimque
1121 1873 1229 1946 justum

645 1979 711 2035 Art.
743 1978 766 2034 Ι.
798 1989 930 2050 respectu
952 1978 1200 2046 voluntariorum,

645 2082 711 2138 Art.
734 2081 772 2138 11.
794 2093 926 2155 respectu
949 2079 1143 2138 subditorum.

735 2207 894 2272 CAPUT
919 2205 1170 2272 OCTAVUM.

624 2350 668 2405 De
689 2347 781 2404 forma
802 2345 870 2402 beili
893 2344 1069 2418 suscipiendi
1091 2344 1278 2420 gerendique.

819 2492 1000 2542 Qunusrro
1021 2492 1087 2537 vrr.

405 2614 471 2669 Art.
513 2612 535 2668 Ι.
558 2613 639 2688 Quae
661 2611 698 2667 sit
717 2611 794 2683 justa
815 2611 907 2668 forma
928 2611 997 2667 belli
1020 2611 1127 2683 privati
1149 2608 1337 2683 suscipiendi.

405 2718 471 2774 Art.
498 2716 536 2772 ΙΙ.
559 2717 640 2793 Quae
662 2715 698 2771 sit
719 2715 797 2787 justa
818 2714 910 2771 forma
932 2714 1000 2771 beili
1021 2714 1133 2787 publici
1150 2712 1337 2787 suscipiendi

402 2822 468 2878 Art.
481 2820 534 2876 ΙΙΙ.
557 2821 637 2898 Quae
659 2818 696 2877 sit
716 2818 792 2892 justa
810 2819 901 2876 forma
922 2818 990 2875 belli
1007 2816 1126 2890 gerendi
1146 2819 1330 2876 voluntariis.

405 2927 472 2982 Art.
487 2926 539 2981 IV.
561 2925 642 3002 Quae
671 2924 708 2980 sit
731 2923 807 2995 justa
834 2923 925 2979 forma
948 2922 1017 2980 belii
1056 2920 1175 2994 gerendi
1204 2920 1338 2980 subditis.

405 3030 519 3086 Coroll.
561 3029 584 3084 Ι.
606 3029 756 3104 Quatenus
778 3027 863 3083 liceat
885 3024 1016 3083 subditos
1037 3026 1166 3082 hostium
1184 3023 1341 3083 offendere.

406 3132 520 3189 Coroll.
543 3130 581 3187 II.
604 3131 650 3187 An
670 3127 756 3187 detur
776 3128 962 3202 depraedatio
983 3129 1129 3201 utrimque
1150 3129 1225 3201 justa
1247 3141 1379 3202 respectu
1407 3127 1537 3186 subdito·

606 3227 686 3278 rum,
707 3220 736 3266 et
758 3221 910 3281 quatenus.

406 3315 581 3373 Corolilll.
603 3316 650 3374 An
662 3312 782 3387 praedae
800 3314 954 3387 acquisitio
964 3313 1040 3385 justa
1050 3311 1311 3385 utrimquedetur,
1339 3324 1368 3370 ct
1385 3323 1537 3385 quatenus.

761 3437 923 3505 CAPUT
947 3437 1143 3503 NONUM.

842 3554 886 3610 De
906 3550 962 3608 fine
983 3551 1063 3609 betti.

807 3686 992 3738 QUAESTIO
1016 3688 1098 3733 VIII.

406 3808 472 3865 Art.
504 3807 527 3865 Ι.
550 3807 623 3884 Quis
651 3807 689 3862 sit
714 3805 809 3878 justus
834 3805 905 3862 belli
932 3804 997 3862 finis
1025 3807 1211 3864 voluntariis.

405 3913 471 3969 Art.
488 3910 525 3969 ΙΙ.
548 3911 621 3988 Quis
642 3910 679 3968 sit
694 3909 786 3983 justus
808 3910 876 3966 belli
899 3908 963 3966 finis
985 3907 1118 3967 subditis.

734 4035 896 4101 CAPUT
926 4037 1167 4102 DECIMUM.

823 4192 1008 4242 QUAESTIO
1033 4193 1081 4237 IX.

764 4310 822 4367 Cui
843 4308 947 4382 praeda
967 4311 1134 4382 acquiratur

405 4440 472 4497 Art.
503 4440 526 4498 I.
547 4441 577 4497 iu
598 4440 676 4497 bello
695 4439 827 4512 privato,

405 4545 471 4599 Art.
503 4544 541 4600 ΙΙ.
571 4541 852 4614 inbellopub1ic0.
