<?xml version="1.0" encoding="UTF-8"?>
<!DOCTYPE html PUBLIC "-//W3C//DTD XHTML 1.0 Transitional//EN"
    "http://www.w3.org/TR/xhtml1/DTD/xhtml1-transitional.dtd">
<html xmlns="http://www.w3.org/1999/xhtml" xml:lang="en" lang="en">
 <head>
  <title>
</title>
<meta http-equiv="Content-Type" content="text/html;charset=utf-8" />
  <meta name='ocr-system' content='tesseract 3.04.00' />
  <meta name='ocr-capabilities' content='ocr_page ocr_carea ocr_par ocr_line ocrx_word'/>
</head>
<body>
  <div class='ocr_page' id='page_1' title='image "./ledroitdeprised00hamagoog_0308.png"; bbox 0 0 3536 5692; ppageno 0'>
   <div class='ocr_carea' id='block_1_1' title="bbox 375 600 1252 686">
    <p class='ocr_par' dir='ltr' id='par_1_1' title="bbox 375 600 1252 686">
     <span class='ocr_line' id='line_1_1' title="bbox 375 600 1252 686; baseline 0 -18"><span class='ocrx_word' id='word_1_1' title='bbox 375 607 437 669; x_wconf 82' lang='lat'>286</span> <span class='ocrx_word' id='word_1_2' title='bbox 666 623 711 668; x_wconf 82' lang='lat' dir='ltr'>un</span> <span class='ocrx_word' id='word_1_3' title='bbox 737 622 832 686; x_wconf 84' lang='lat' dir='ltr'>Juas</span> <span class='ocrx_word' id='word_1_4' title='bbox 857 619 1041 670; x_wconf 77' lang='lat' dir='ltr'>rannone.</span> <span class='ocrx_word' id='word_1_5' title='bbox 1066 600 1145 670; x_wconf 78' lang='lat' dir='ltr'>cni.</span> <span class='ocrx_word' id='word_1_6' title='bbox 1170 623 1252 668; x_wconf 84' lang='lat' dir='ltr'>xru.</span> 
     </span>
    </p>
   </div>
   <div class='ocr_carea' id='block_1_2' title="bbox 211 774 1549 2296">
    <p class='ocr_par' dir='ltr' id='par_1_2' title="bbox 370 774 1549 1079">
     <span class='ocr_line' id='line_1_2' title="bbox 370 774 1547 858; baseline 0 -16"><span class='ocrx_word' id='word_1_7' title='bbox 370 776 491 858; x_wconf 85' lang='lat' dir='ltr'>scripto</span> <span class='ocrx_word' id='word_1_8' title='bbox 524 775 848 857; x_wconf 63' lang='lat' dir='ltr'>factoque-defensa</span> <span class='ocrx_word' id='word_1_9' title='bbox 880 790 929 842; x_wconf 92' lang='lat' dir='ltr'>est</span> <span class='ocrx_word' id='word_1_10' title='bbox 949 782 981 855; x_wconf 88' lang='lat'>¹,</span> <span class='ocrx_word' id='word_1_11' title='bbox 1014 775 1072 858; x_wconf 90' lang='lat' dir='ltr'>qui</span> <span class='ocrx_word' id='word_1_12' title='bbox 1105 774 1168 842; x_wconf 88' lang='lat' dir='ltr'>nisi</span> <span class='ocrx_word' id='word_1_13' title='bbox 1199 775 1233 842; x_wconf 90' lang='lat' dir='ltr'>in</span> <span class='ocrx_word' id='word_1_14' title='bbox 1263 775 1337 858; x_wconf 89' lang='lat' dir='ltr'>jure</span> <span class='ocrx_word' id='word_1_15' title='bbox 1368 776 1547 842; x_wconf 87' lang='lat' dir='ltr'>admodum</span> 
     </span>
     <span class='ocr_line' id='line_1_3' title="bbox 371 885 1549 970; baseline 0.001 -18"><span class='ocrx_word' id='word_1_16' title='bbox 371 885 541 954; x_wconf 88' lang='lat' dir='ltr'>manifesto</span> <span class='ocrx_word' id='word_1_17' title='bbox 573 906 639 954; x_wconf 92' lang='lat' dir='ltr'>non</span> <span class='ocrx_word' id='word_1_18' title='bbox 672 886 765 954; x_wconf 90' lang='lat' dir='ltr'>facile</span> <span class='ocrx_word' id='word_1_19' title='bbox 788 886 939 954; x_wconf 91' lang='lat' dir='ltr'>credendi</span> <span class='ocrx_word' id='word_1_20' title='bbox 964 901 1040 954; x_wconf 89' lang='lat' dir='ltr'>sunt</span> <span class='ocrx_word' id='word_1_21' title='bbox 1064 887 1135 970; x_wconf 78' lang='lat' dir='ltr'>eJus</span> <span class='ocrx_word' id='word_1_22' title='bbox 1158 886 1298 969; x_wconf 84' lang='lat' dir='ltr'>exempli</span> <span class='ocrx_word' id='word_1_23' title='bbox 1322 887 1443 952; x_wconf 92' lang='lat' dir='ltr'>bellum</span> <span class='ocrx_word' id='word_1_24' title='bbox 1467 907 1549 970; x_wconf 88' lang='lat' dir='ltr'>pro-</span> 
     </span>
     <span class='ocr_line' id='line_1_4' title="bbox 371 997 1187 1079; baseline -0.002 -15"><span class='ocrx_word' id='word_1_25' title='bbox 371 998 492 1064; x_wconf 83' lang='lat' dir='ltr'>moturi</span> <span class='ocrx_word' id='word_1_26' title='bbox 514 997 639 1079; x_wconf 85' lang='lat' dir='ltr'>fuisse,</span> <span class='ocrx_word' id='word_1_27' title='bbox 666 1018 741 1064; x_wconf 92' lang='lat' dir='ltr'>cum</span> <span class='ocrx_word' id='word_1_28' title='bbox 765 998 808 1063; x_wconf 90' lang='lat' dir='ltr'>sit</span> <span class='ocrx_word' id='word_1_29' title='bbox 832 997 957 1078; x_wconf 82' lang='lat' dir='ltr'>alioqui</span> <span class='ocrx_word' id='word_1_30' title='bbox 981 1012 1055 1062; x_wconf 92' lang='lat' dir='ltr'>ante</span> <span class='ocrx_word' id='word_1_31' title='bbox 1078 997 1187 1068; x_wconf 90' lang='lat' dir='ltr'>omnia</span> 
     </span>
    </p>

    <p class='ocr_par' dir='ltr' id='par_1_3' title="bbox 622 1107 1296 1196">
     <span class='ocr_line' id='line_1_5' title="bbox 622 1107 1296 1196; baseline 0 -24"><span class='ocrx_word' id='word_1_32' title='bbox 622 1108 709 1196; x_wconf 78' lang='lat' dir='ltr'>Regi</span> <span class='ocrx_word' id='word_1_33' title='bbox 732 1108 856 1173; x_wconf 80' lang='lat' dir='ltr'>tuenda</span> <span class='ocrx_word' id='word_1_34' title='bbox 879 1112 1024 1172; x_wconf 79' lang='lat' dir='ltr'>maxima</span> <span class='ocrx_word' id='word_1_35' title='bbox 1048 1111 1136 1194; x_wconf 80' lang='lat' dir='ltr'>regis</span> <span class='ocrx_word' id='word_1_36' title='bbox 1160 1107 1251 1172; x_wconf 85' lang='lat' dir='ltr'>salus</span> <span class='ocrx_word' id='word_1_37' title='bbox 1271 1110 1296 1172; x_wconf 84' lang='lat'>².</span> 
     </span>
    </p>

    <p class='ocr_par' dir='ltr' id='par_1_4' title="bbox 368 1216 1548 1747">
     <span class='ocr_line' id='line_1_6' title="bbox 414 1216 1546 1302; baseline 0 -18"><span class='ocrx_word' id='word_1_38' title='bbox 414 1218 578 1284; x_wconf 88' lang='lat' dir='ltr'><strong>Nonnihil</strong></span> <span class='ocrx_word' id='word_1_39' title='bbox 598 1219 664 1284; x_wconf 94' lang='lat' dir='ltr'>huc</span> <span class='ocrx_word' id='word_1_40' title='bbox 687 1218 829 1301; x_wconf 85' lang='lat' dir='ltr'>pertinet</span> <span class='ocrx_word' id='word_1_41' title='bbox 841 1219 937 1284; x_wconf 88' lang='lat' dir='ltr'>tacita</span> <span class='ocrx_word' id='word_1_42' title='bbox 951 1219 1055 1286; x_wconf 86' lang='lat' dir='ltr'>hostis</span> <span class='ocrx_word' id='word_1_43' title='bbox 1070 1217 1173 1302; x_wconf 89' lang='lat' dir='ltr'>ipsius</span> <span class='ocrx_word' id='word_1_44' title='bbox 1186 1216 1373 1298; x_wconf 85' lang='lat' dir='ltr'>confessio,</span> <span class='ocrx_word' id='word_1_45' title='bbox 1397 1219 1546 1301; x_wconf 88' lang='lat' dir='ltr'>quicum</span> 
     </span>
     <span class='ocr_line' id='line_1_7' title="bbox 370 1329 1547 1413; baseline 0.002 -19"><span class='ocrx_word' id='word_1_46' title='bbox 370 1329 533 1412; x_wconf 89' lang='lat' dir='ltr'>principio</span> <span class='ocrx_word' id='word_1_47' title='bbox 553 1344 703 1396; x_wconf 89' lang='lat' dir='ltr'>motuum</span> <span class='ocrx_word' id='word_1_48' title='bbox 724 1329 756 1393; x_wconf 95' lang='lat' dir='ltr'>in</span> <span class='ocrx_word' id='word_1_49' title='bbox 779 1329 927 1411; x_wconf 91' lang='lat' dir='ltr'>captivos</span> <span class='ocrx_word' id='word_1_50' title='bbox 946 1329 1082 1413; x_wconf 89' lang='lat' dir='ltr'>judiciis</span> <span class='ocrx_word' id='word_1_51' title='bbox 1101 1330 1279 1413; x_wconf 84' lang='lat' dir='ltr'>majestatis</span> <span class='ocrx_word' id='word_1_52' title='bbox 1300 1344 1332 1394; x_wconf 92' lang='lat' dir='ltr'>et</span> <span class='ocrx_word' id='word_1_53' title='bbox 1351 1329 1547 1412; x_wconf 85' lang='lat' dir='ltr'><strong>capitalibus</strong></span> 
     </span>
     <span class='ocr_line' id='line_1_8' title="bbox 368 1434 1548 1523; baseline -0.003 -13"><span class='ocrx_word' id='word_1_54' title='bbox 368 1440 542 1523; x_wconf 76' lang='lat' dir='ltr'>suppliciis</span> <span class='ocrx_word' id='word_1_55' title='bbox 563 1439 728 1521; x_wconf 89' lang='lat' dir='ltr'>saeviret,</span> <span class='ocrx_word' id='word_1_56' title='bbox 752 1440 810 1505; x_wconf 91' lang='lat' dir='ltr'>ubi</span> <span class='ocrx_word' id='word_1_57' title='bbox 833 1439 959 1504; x_wconf 88' lang='lat' dir='ltr'>firmata</span> <span class='ocrx_word' id='word_1_58' title='bbox 979 1453 1028 1506; x_wconf 90' lang='lat' dir='ltr'>est</span> <span class='ocrx_word' id='word_1_59' title='bbox 1047 1440 1145 1506; x_wconf 90' lang='lat' dir='ltr'>certis</span> <span class='ocrx_word' id='word_1_60' title='bbox 1165 1441 1291 1506; x_wconf 91' lang='lat' dir='ltr'>viribus</span> <span class='ocrx_word' id='word_1_61' title='bbox 1310 1434 1495 1523; x_wconf 84' lang='lat' dir='ltr'>respublica</span> <span class='ocrx_word' id='word_1_62' title='bbox 1514 1457 1548 1508; x_wconf 94' lang='lat' dir='ltr'>et</span> 
     </span>
     <span class='ocr_line' id='line_1_9' title="bbox 370 1550 1548 1636; baseline 0.002 -20"><span class='ocrx_word' id='word_1_63' title='bbox 370 1551 518 1616; x_wconf 87' lang='lat' dir='ltr'>ordinata</span> <span class='ocrx_word' id='word_1_64' title='bbox 546 1551 625 1616; x_wconf 87' lang='lat' dir='ltr'>belli</span> <span class='ocrx_word' id='word_1_65' title='bbox 653 1552 756 1616; x_wconf 89' lang='lat' dir='ltr'>moles</span> <span class='ocrx_word' id='word_1_66' title='bbox 784 1550 938 1630; x_wconf 84' lang='lat' dir='ltr'>obstitit,</span> <span class='ocrx_word' id='word_1_67' title='bbox 962 1550 1168 1633; x_wconf 90' lang='lat' dir='ltr'>captivorum</span> <span class='ocrx_word' id='word_1_68' title='bbox 1191 1551 1450 1632; x_wconf 86' lang='lat' dir='ltr'>redemtionem,</span> <span class='ocrx_word' id='word_1_69' title='bbox 1471 1553 1548 1636; x_wconf 81' lang='lat' dir='ltr'>Jura</span> 
     </span>
     <span class='ocr_line' id='line_1_10' title="bbox 369 1660 1546 1747; baseline 0.002 -21"><span class='ocrx_word' id='word_1_70' title='bbox 369 1662 505 1743; x_wconf 83' lang='lat' dir='ltr'>praedae</span> <span class='ocrx_word' id='word_1_71' title='bbox 530 1676 563 1726; x_wconf 91' lang='lat' dir='ltr'>et</span> <span class='ocrx_word' id='word_1_72' title='bbox 585 1661 647 1726; x_wconf 89' lang='lat' dir='ltr'>alia</span> <span class='ocrx_word' id='word_1_73' title='bbox 659 1661 737 1726; x_wconf 87' lang='lat' dir='ltr'>belli</span> <span class='ocrx_word' id='word_1_74' title='bbox 751 1661 944 1727; x_wconf 90' lang='lat' dir='ltr'>commercia</span> <span class='ocrx_word' id='word_1_75' title='bbox 957 1660 1109 1741; x_wconf 82' lang='lat' dir='ltr'>induxit,</span> <span class='ocrx_word' id='word_1_76' title='bbox 1134 1681 1217 1743; x_wconf 91' lang='lat' dir='ltr'>quae</span> <span class='ocrx_word' id='word_1_77' title='bbox 1228 1661 1358 1730; x_wconf 89' lang='lat' dir='ltr'>nonnisi</span> <span class='ocrx_word' id='word_1_78' title='bbox 1369 1682 1440 1728; x_wconf 92' lang='lat' dir='ltr'>cum</span> <span class='ocrx_word' id='word_1_79' title='bbox 1452 1664 1546 1747; x_wconf 82' lang='lat' dir='ltr'>J&#39;usto</span> 
     </span>
    </p>

    <p class='ocr_par' dir='ltr' id='par_1_5' title="bbox 211 1769 1548 2296">
     <span class='ocr_line' id='line_1_11' title="bbox 211 1769 1545 1858; baseline 0.001 -21"><span class='ocrx_word' id='word_1_80' title='bbox 211 1793 356 1858; x_wconf 66' lang='grc' dir='ltr'><em>ιςεηιγιι.</em></span> <span class='ocrx_word' id='word_1_81' title='bbox 371 1772 464 1838; x_wconf 91' lang='lat' dir='ltr'>hoste</span> <span class='ocrx_word' id='word_1_82' title='bbox 490 1785 715 1854; x_wconf 87' lang='lat' dir='ltr'>usurpantur,</span> <span class='ocrx_word' id='word_1_83' title='bbox 738 1773 803 1837; x_wconf 92' lang='lat' dir='ltr'>hoc</span> <span class='ocrx_word' id='word_1_84' title='bbox 829 1785 900 1851; x_wconf 90' lang='lat' dir='ltr'>est,</span> <span class='ocrx_word' id='word_1_85' title='bbox 925 1787 963 1837; x_wconf 94' lang='lat' dir='ltr'>ut</span> <span class='ocrx_word' id='word_1_86' title='bbox 988 1792 1048 1837; x_wconf 93' lang='lat' dir='ltr'>nos</span> <span class='ocrx_word' id='word_1_87' title='bbox 1075 1771 1153 1838; x_wconf 92' lang='lat' dir='ltr'>alibi</span> <span class='ocrx_word' id='word_1_88' title='bbox 1181 1769 1383 1855; x_wconf 84' lang='lat' dir='ltr'>interpretati</span> <span class='ocrx_word' id='word_1_89' title='bbox 1408 1791 1545 1853; x_wconf 75' lang='lat' dir='ltr'>sumuS,</span> 
     </span>
     <span class='ocr_line' id='line_1_12' title="bbox 212 1847 1548 1968; baseline 0.003 -22"><span class='ocrx_word' id='word_1_90' title='bbox 212 1847 355 1904; x_wconf 68' lang='lat' dir='ltr'>&#39;¹&#39;‘⁰fi&#39;¹⁶&#39;”&#39;</span> <span class='ocrx_word' id='word_1_91' title='bbox 370 1902 443 1948; x_wconf 94' lang='lat' dir='ltr'>cum</span> <span class='ocrx_word' id='word_1_92' title='bbox 468 1902 506 1946; x_wconf 91' lang='lat' dir='ltr'>eo</span> <span class='ocrx_word' id='word_1_93' title='bbox 528 1881 586 1964; x_wconf 92' lang='lat' dir='ltr'>qui</span> <span class='ocrx_word' id='word_1_94' title='bbox 606 1882 808 1964; x_wconf 86' lang='lat' dir='ltr'>probabilem</span> <span class='ocrx_word' id='word_1_95' title='bbox 827 1884 938 1948; x_wconf 90' lang='lat' dir='ltr'>saltem</span> <span class='ocrx_word' id='word_1_96' title='bbox 964 1883 1063 1948; x_wconf 90' lang='lat' dir='ltr'>habet</span> <span class='ocrx_word' id='word_1_97' title='bbox 1081 1903 1140 1964; x_wconf 90' lang='lat' dir='ltr'>pro</span> <span class='ocrx_word' id='word_1_98' title='bbox 1162 1903 1196 1948; x_wconf 93' lang='lat' dir='ltr'>se</span> <span class='ocrx_word' id='word_1_99' title='bbox 1207 1882 1455 1968; x_wconf 87' lang='lat' dir='ltr'>magistratuum</span> <span class='ocrx_word' id='word_1_100' title='bbox 1468 1903 1548 1950; x_wconf 90' lang='lat' dir='ltr'>auc·</span> 
     </span>
     <span class='ocr_line' id='line_1_13' title="bbox 369 1992 1545 2076; baseline 0.001 -19"><span class='ocrx_word' id='word_1_101' title='bbox 369 1993 544 2062; x_wconf 90' lang='lat' dir='ltr'>toritatem.</span> <span class='ocrx_word' id='word_1_102' title='bbox 567 1994 614 2060; x_wconf 89' lang='lat' dir='ltr'>Et</span> <span class='ocrx_word' id='word_1_103' title='bbox 634 2008 741 2058; x_wconf 88' lang='lat' dir='ltr'>recte:</span> <span class='ocrx_word' id='word_1_104' title='bbox 765 1992 793 2057; x_wconf 93' lang='lat' dir='ltr'>si</span> <span class='ocrx_word' id='word_1_105' title='bbox 815 2011 875 2058; x_wconf 92' lang='lat' dir='ltr'>nos</span> <span class='ocrx_word' id='word_1_106' title='bbox 897 2012 963 2059; x_wconf 93' lang='lat' dir='ltr'>non</span> <span class='ocrx_word' id='word_1_107' title='bbox 982 1993 1105 2076; x_wconf 92' lang='lat' dir='ltr'>decipit</span> <span class='ocrx_word' id='word_1_108' title='bbox 1118 2014 1177 2074; x_wconf 88' lang='lat' dir='ltr'>ea,</span> <span class='ocrx_word' id='word_1_109' title='bbox 1201 2014 1284 2075; x_wconf 90' lang='lat' dir='ltr'>quac</span> <span class='ocrx_word' id='word_1_110' title='bbox 1296 1993 1384 2076; x_wconf 89' lang='lat' dir='ltr'>apud</span> <span class='ocrx_word' id='word_1_111' title='bbox 1394 1993 1545 2058; x_wconf 91' lang='lat' dir='ltr'>Tullium</span> 
     </span>
     <span class='ocr_line' id='line_1_14' title="bbox 370 2103 1543 2189; baseline 0.001 -20"><span class='ocrx_word' id='word_1_112' title='bbox 370 2118 419 2170; x_wconf 92' lang='lat' dir='ltr'>est</span> <span class='ocrx_word' id='word_1_113' title='bbox 440 2104 545 2172; x_wconf 89' lang='lat' dir='ltr'>hostis</span> <span class='ocrx_word' id='word_1_114' title='bbox 565 2104 702 2189; x_wconf 86' lang='lat' dir='ltr'>legitimi</span> <span class='ocrx_word' id='word_1_115' title='bbox 724 2103 945 2186; x_wconf 84' lang='lat' dir='ltr'>descriptio⁸,</span> <span class='ocrx_word' id='word_1_116' title='bbox 971 2119 1008 2169; x_wconf 94' lang='lat' dir='ltr'>ut</span> <span class='ocrx_word' id='word_1_117' title='bbox 1018 2103 1045 2168; x_wconf 93' lang='lat' dir='ltr'>is</span> <span class='ocrx_word' id='word_1_118' title='bbox 1056 2103 1100 2169; x_wconf 91' lang='lat' dir='ltr'>sit</span> <span class='ocrx_word' id='word_1_119' title='bbox 1110 2104 1169 2186; x_wconf 92' lang='lat' dir='ltr'>qui</span> <span class='ocrx_word' id='word_1_120' title='bbox 1183 2105 1280 2170; x_wconf 87' lang='lat' dir='ltr'>habet</span> <span class='ocrx_word' id='word_1_121' title='bbox 1292 2105 1543 2188; x_wconf 91' lang='lat' dir='ltr'>rempublicam,</span> 
     </span>
     <span class='ocr_line' id='line_1_15' title="bbox 370 2214 1545 2296; baseline 0.001 -17"><span class='ocrx_word' id='word_1_122' title='bbox 370 2215 547 2294; x_wconf 89' lang='lat' dir='ltr'>aerarium,</span> <span class='ocrx_word' id='word_1_123' title='bbox 571 2235 767 2282; x_wconf 88' lang='lat' dir='ltr'>consensum</span> <span class='ocrx_word' id='word_1_124' title='bbox 780 2229 812 2280; x_wconf 94' lang='lat' dir='ltr'>et</span> <span class='ocrx_word' id='word_1_125' title='bbox 822 2214 1028 2280; x_wconf 85' lang='lat' dir='ltr'>concordiam</span> <span class='ocrx_word' id='word_1_126' title='bbox 1040 2214 1160 2279; x_wconf 91' lang='lat' dir='ltr'>civium</span> <span class='ocrx_word' id='word_1_127' title='bbox 1174 2229 1205 2279; x_wconf 90' lang='lat' dir='ltr'>et</span> <span class='ocrx_word' id='word_1_128' title='bbox 1216 2215 1372 2280; x_wconf 90' lang='lat' dir='ltr'>rationem</span> <span class='ocrx_word' id='word_1_129' title='bbox 1384 2215 1545 2296; x_wconf 88' lang='lat' dir='ltr'>aliquam,</span> 
     </span>
    </p>
   </div>
   <div class='ocr_carea' id='block_1_3' title="bbox 146 2436 1546 4074">
    <p class='ocr_par' dir='ltr' id='par_1_6' title="bbox 146 2436 1546 4074">
     <span class='ocr_line' id='line_1_16' title="bbox 370 2436 1543 2521; baseline 0 -19"><span class='ocrx_word' id='word_1_130' title='bbox 370 2438 476 2520; x_wconf 89' lang='lat' dir='ltr'>possit</span> <span class='ocrx_word' id='word_1_131' title='bbox 506 2438 670 2521; x_wconf 86' lang='lat' dir='ltr'>impellere</span> <span class='ocrx_word' id='word_1_132' title='bbox 702 2453 740 2502; x_wconf 95' lang='lat' dir='ltr'>ut</span> <span class='ocrx_word' id='word_1_133' title='bbox 770 2438 809 2508; x_wconf 90' lang='lat' dir='ltr'>de</span> <span class='ocrx_word' id='word_1_134' title='bbox 839 2438 925 2502; x_wconf 90' lang='lat' dir='ltr'>bello</span> <span class='ocrx_word' id='word_1_135' title='bbox 956 2436 1119 2503; x_wconf 88' lang='lat' dir='ltr'>Ordinum</span> <span class='ocrx_word' id='word_1_136' title='bbox 1142 2437 1176 2501; x_wconf 91' lang='lat' dir='ltr'>in</span> <span class='ocrx_word' id='word_1_137' title='bbox 1196 2437 1387 2520; x_wconf 91' lang='lat' dir='ltr'>Philippum</span> <span class='ocrx_word' id='word_1_138' title='bbox 1412 2437 1543 2502; x_wconf 88' lang='lat' dir='ltr'>sinistre</span> 
     </span>
     <span class='ocr_line' id='line_1_17' title="bbox 368 2547 1542 2632; baseline -0.003 -18"><span class='ocrx_word' id='word_1_139' title='bbox 368 2549 541 2632; x_wconf 89' lang='lat' dir='ltr'>judicent,</span> <span class='ocrx_word' id='word_1_140' title='bbox 569 2551 740 2630; x_wconf 91' lang='lat' dir='ltr'>multoque</span> <span class='ocrx_word' id='word_1_141' title='bbox 771 2548 879 2614; x_wconf 92' lang='lat' dir='ltr'>miuus</span> <span class='ocrx_word' id='word_1_142' title='bbox 902 2548 1048 2614; x_wconf 88' lang='lat' dir='ltr'>debello</span> <span class='ocrx_word' id='word_1_143' title='bbox 1071 2547 1104 2612; x_wconf 90' lang='lat' dir='ltr'>in</span> <span class='ocrx_word' id='word_1_144' title='bbox 1124 2548 1327 2629; x_wconf 89' lang='lat' dir='ltr'>Lusitanos,</span> <span class='ocrx_word' id='word_1_145' title='bbox 1352 2547 1542 2630; x_wconf 87' lang='lat' dir='ltr'>praesertim</span> 
     </span>
     <span class='ocr_line' id='line_1_18' title="bbox 372 2658 1543 2741; baseline 0 -17"><span class='ocrx_word' id='word_1_146' title='bbox 372 2659 448 2740; x_wconf 87' lang='lat' dir='ltr'>quia</span> <span class='ocrx_word' id='word_1_147' title='bbox 476 2659 653 2724; x_wconf 87' lang='lat' dir='ltr'>certissima</span> <span class='ocrx_word' id='word_1_148' title='bbox 688 2673 823 2725; x_wconf 88' lang='lat' dir='ltr'>naturae</span> <span class='ocrx_word' id='word_1_149' title='bbox 858 2658 1019 2741; x_wconf 91' lang='lat' dir='ltr'>principia</span> <span class='ocrx_word' id='word_1_150' title='bbox 1049 2659 1214 2724; x_wconf 91' lang='lat' dir='ltr'>communi</span> <span class='ocrx_word' id='word_1_151' title='bbox 1247 2658 1366 2726; x_wconf 89' lang='lat' dir='ltr'>rationi</span> <span class='ocrx_word' id='word_1_152' title='bbox 1396 2659 1543 2738; x_wconf 86' lang='lat' dir='ltr'>dictant,</span> 
     </span>
     <span class='ocr_line' id='line_1_19' title="bbox 371 2768 1542 2851; baseline 0.001 -19"><span class='ocrx_word' id='word_1_153' title='bbox 371 2789 477 2850; x_wconf 89' lang='lat' dir='ltr'>neque</span> <span class='ocrx_word' id='word_1_154' title='bbox 505 2770 688 2840; x_wconf 88' lang='lat' dir='ltr'>libertatem</span> <span class='ocrx_word' id='word_1_155' title='bbox 720 2769 989 2835; x_wconf 86' lang='lat' dir='ltr'>commerciorum</span> <span class='ocrx_word' id='word_1_156' title='bbox 1020 2769 1280 2851; x_wconf 87' lang='lat' dir='ltr'>impediendam,</span> <span class='ocrx_word' id='word_1_157' title='bbox 1316 2790 1423 2850; x_wconf 91' lang='lat' dir='ltr'>neque</span> <span class='ocrx_word' id='word_1_158' title='bbox 1447 2768 1542 2834; x_wconf 86' lang='lat' dir='ltr'>fidem</span> 
     </span>
     <span class='ocr_line' id='line_1_20' title="bbox 370 2879 1541 2963; baseline -0.002 -17"><span class='ocrx_word' id='word_1_159' title='bbox 370 2881 578 2961; x_wconf 87' lang='lat' dir='ltr'>violandam,</span> <span class='ocrx_word' id='word_1_160' title='bbox 603 2902 744 2962; x_wconf 89' lang='lat' dir='ltr'>quorum</span> <span class='ocrx_word' id='word_1_161' title='bbox 769 2897 946 2963; x_wconf 87' lang='lat' dir='ltr'>utrumque</span> <span class='ocrx_word' id='word_1_162' title='bbox 959 2901 977 2944; x_wconf 95' lang='lat' dir='ltr'>a</span> <span class='ocrx_word' id='word_1_163' title='bbox 989 2879 1156 2946; x_wconf 88' lang='lat' dir='ltr'>Lusitanis</span> <span class='ocrx_word' id='word_1_164' title='bbox 1174 2879 1245 2946; x_wconf 88' lang='lat' dir='ltr'>fieri</span> <span class='ocrx_word' id='word_1_165' title='bbox 1266 2879 1416 2962; x_wconf 91' lang='lat' dir='ltr'>quotidie</span> <span class='ocrx_word' id='word_1_166' title='bbox 1429 2899 1541 2944; x_wconf 88' lang='lat' dir='ltr'>ornnes</span> 
     </span>
     <span class='ocr_line' id='line_1_21' title="bbox 226 2991 1545 3077; baseline 0.001 -22"><span class='ocrx_word' id='word_1_167' title='bbox 226 3012 266 3056; x_wconf 68' lang='lat' dir='ltr'>aa</span> <span class='ocrx_word' id='word_1_168' title='bbox 287 3013 357 3077; x_wconf 66' lang='lat' dir='ltr'>conca</span> <span class='ocrx_word' id='word_1_169' title='bbox 372 2992 520 3058; x_wconf 89' lang='lat' dir='ltr'>audiunt.</span> <span class='ocrx_word' id='word_1_170' title='bbox 545 2992 684 3058; x_wconf 89' lang='lat' dir='ltr'>Probata</span> <span class='ocrx_word' id='word_1_171' title='bbox 703 2991 805 3076; x_wconf 88' lang='lat' dir='ltr'>igitur</span> <span class='ocrx_word' id='word_1_172' title='bbox 826 2993 911 3056; x_wconf 91' lang='lat' dir='ltr'>bona</span> <span class='ocrx_word' id='word_1_173' title='bbox 924 2991 988 3056; x_wconf 91' lang='lat' dir='ltr'>fide</span> <span class='ocrx_word' id='word_1_174' title='bbox 1002 2991 1124 3057; x_wconf 93' lang='lat' dir='ltr'>civium</span> <span class='ocrx_word' id='word_1_175' title='bbox 1138 3008 1262 3058; x_wconf 88' lang='lat' dir='ltr'>caetera</span> <span class='ocrx_word' id='word_1_176' title='bbox 1275 2991 1382 3056; x_wconf 92' lang='lat' dir='ltr'>omnia</span> <span class='ocrx_word' id='word_1_177' title='bbox 1396 2991 1545 3073; x_wconf 86' lang='lat' dir='ltr'>expedita</span> 
     </span>
     <span class='ocr_line' id='line_1_22' title="bbox 213 3067 1545 3185; baseline 0.002 -21"><span class='ocrx_word' id='word_1_178' title='bbox 213 3067 258 3164; x_wconf 53' lang='lat' dir='ltr'>hd</span> <span class='ocrx_word' id='word_1_179' title='bbox 286 3076 358 3111; x_wconf 62' lang='lat' dir='ltr'>‘&#39;m‘&#39;</span> <span class='ocrx_word' id='word_1_180' title='bbox 373 3117 461 3168; x_wconf 91' lang='lat' dir='ltr'>sunt.</span> <span class='ocrx_word' id='word_1_181' title='bbox 505 3102 637 3185; x_wconf 89' lang='lat' dir='ltr'>Justum</span> <span class='ocrx_word' id='word_1_182' title='bbox 666 3103 749 3168; x_wconf 91' lang='lat' dir='ltr'>enim</span> <span class='ocrx_word' id='word_1_183' title='bbox 778 3103 919 3168; x_wconf 89' lang='lat' dir='ltr'>subditis</span> <span class='ocrx_word' id='word_1_184' title='bbox 939 3103 1025 3170; x_wconf 91' lang='lat' dir='ltr'>bona</span> <span class='ocrx_word' id='word_1_185' title='bbox 1044 3102 1108 3168; x_wconf 87' lang='lat' dir='ltr'>fide</span> <span class='ocrx_word' id='word_1_186' title='bbox 1126 3101 1282 3185; x_wconf 89' lang='lat' dir='ltr'>praeditis</span> <span class='ocrx_word' id='word_1_187' title='bbox 1302 3102 1423 3168; x_wconf 89' lang='lat' dir='ltr'>bellum</span> <span class='ocrx_word' id='word_1_188' title='bbox 1444 3101 1545 3168; x_wconf 90' lang='lat' dir='ltr'>estin</span> 
     </span>
     <span class='ocr_line' id='line_1_23' title="bbox 372 3213 1544 3296; baseline -0.001 -17"><span class='ocrx_word' id='word_1_189' title='bbox 372 3233 451 3293; x_wconf 90' lang='lat' dir='ltr'>eos,</span> <span class='ocrx_word' id='word_1_190' title='bbox 486 3233 571 3295; x_wconf 93' lang='lat' dir='ltr'>quos</span> <span class='ocrx_word' id='word_1_191' title='bbox 603 3213 811 3296; x_wconf 85' lang='lat' dir='ltr'>magistratus</span> <span class='ocrx_word' id='word_1_192' title='bbox 843 3235 903 3296; x_wconf 93' lang='lat' dir='ltr'>pro</span> <span class='ocrx_word' id='word_1_193' title='bbox 927 3214 1078 3280; x_wconf 91' lang='lat' dir='ltr'>hostibus</span> <span class='ocrx_word' id='word_1_194' title='bbox 1105 3215 1234 3280; x_wconf 88' lang='lat' dir='ltr'>habent.</span> <span class='ocrx_word' id='word_1_195' title='bbox 1282 3213 1415 3279; x_wconf 89' lang='lat' dir='ltr'>Habent</span> <span class='ocrx_word' id='word_1_196' title='bbox 1437 3228 1544 3279; x_wconf 88' lang='lat' dir='ltr'>autem</span> 
     </span>
     <span class='ocr_line' id='line_1_24' title="bbox 373 3324 1546 3408; baseline 0.002 -20"><span class='ocrx_word' id='word_1_197' title='bbox 373 3324 515 3390; x_wconf 87' lang='lat' dir='ltr'>Ordines</span> <span class='ocrx_word' id='word_1_198' title='bbox 547 3324 729 3390; x_wconf 90' lang='lat' dir='ltr'>Lusitanos</span> <span class='ocrx_word' id='word_1_199' title='bbox 758 3345 817 3408; x_wconf 86' lang='lat' dir='ltr'>pro</span> <span class='ocrx_word' id='word_1_200' title='bbox 847 3325 1000 3390; x_wconf 90' lang='lat' dir='ltr'>hostibus</span> <span class='ocrx_word' id='word_1_201' title='bbox 1027 3340 1059 3392; x_wconf 92' lang='lat' dir='ltr'>et</span> <span class='ocrx_word' id='word_1_202' title='bbox 1078 3344 1189 3391; x_wconf 90' lang='lat' dir='ltr'>omnes</span> <span class='ocrx_word' id='word_1_203' title='bbox 1211 3339 1243 3390; x_wconf 89' lang='lat' dir='ltr'>et</span> <span class='ocrx_word' id='word_1_204' title='bbox 1263 3324 1428 3408; x_wconf 88' lang='lat' dir='ltr'>singulos:</span> <span class='ocrx_word' id='word_1_205' title='bbox 1453 3325 1546 3405; x_wconf 91' lang='lat' dir='ltr'>quod</span> 
     </span>
     <span class='ocr_line' id='line_1_25' title="bbox 233 3435 1544 3529; baseline 0.001 -30"><span class='ocrx_word' id='word_1_206' title='bbox 233 3466 316 3529; x_wconf 50' lang='lat' dir='ltr'>pp„</span> <span class='ocrx_word' id='word_1_207' title='bbox 335 3465 359 3508; x_wconf 63' lang='lat' dir='ltr'>a,</span> <span class='ocrx_word' id='word_1_208' title='bbox 373 3450 504 3518; x_wconf 89' lang='lat' dir='ltr'>apparet</span> <span class='ocrx_word' id='word_1_209' title='bbox 533 3455 572 3500; x_wconf 85' lang='lat' dir='ltr'>ex</span> <span class='ocrx_word' id='word_1_210' title='bbox 604 3437 705 3501; x_wconf 89' lang='lat' dir='ltr'>classe</span> <span class='ocrx_word' id='word_1_211' title='bbox 733 3436 811 3515; x_wconf 91' lang='lat' dir='ltr'>illa,</span> <span class='ocrx_word' id='word_1_212' title='bbox 845 3457 942 3518; x_wconf 88' lang='lat' dir='ltr'>quarn</span> <span class='ocrx_word' id='word_1_213' title='bbox 971 3437 1033 3502; x_wconf 89' lang='lat' dir='ltr'>sub</span> <span class='ocrx_word' id='word_1_214' title='bbox 1065 3437 1164 3501; x_wconf 88' lang='lat' dir='ltr'>Petro</span> <span class='ocrx_word' id='word_1_215' title='bbox 1198 3436 1313 3500; x_wconf 85' lang='lat' dir='ltr'>Dousa</span> <span class='ocrx_word' id='word_1_216' title='bbox 1337 3435 1370 3500; x_wconf 92' lang='lat' dir='ltr'>in</span> <span class='ocrx_word' id='word_1_217' title='bbox 1394 3435 1544 3502; x_wconf 90' lang='lat' dir='ltr'>Thomae</span> 
     </span>
     <span class='ocr_line' id='line_1_26' title="bbox 146 3517 1546 3640; baseline -0.002 -26"><span class='ocrx_word' id='word_1_218' title='bbox 146 3631 161 3640; x_wconf 93' lang='lat'>..</span> <span class='ocrx_word' id='word_1_219' title='bbox 212 3517 358 3616; x_wconf 52' lang='lat' dir='ltr'>iiiiis‘rprhl‘</span> <span class='ocrx_word' id='word_1_220' title='bbox 372 3548 510 3614; x_wconf 86' lang='lat' dir='ltr'>insulam</span> <span class='ocrx_word' id='word_1_221' title='bbox 525 3562 557 3611; x_wconf 89' lang='lat' dir='ltr'>ct</span> <span class='ocrx_word' id='word_1_222' title='bbox 569 3545 736 3611; x_wconf 75' lang='lat' dir='ltr'>Blesillam</span> <span class='ocrx_word' id='word_1_223' title='bbox 749 3546 930 3629; x_wconf 81' lang='lat' dir='ltr'>miserunt,</span> <span class='ocrx_word' id='word_1_224' title='bbox 955 3547 1173 3629; x_wconf 88' lang='lat' dir='ltr'>plurimisque</span> <span class='ocrx_word' id='word_1_225' title='bbox 1183 3546 1322 3612; x_wconf 89' lang='lat' dir='ltr'>navibus</span> <span class='ocrx_word' id='word_1_226' title='bbox 1335 3567 1371 3610; x_wconf 95' lang='lat' dir='ltr'>ac</span> <span class='ocrx_word' id='word_1_227' title='bbox 1382 3545 1546 3611; x_wconf 90' lang='lat' dir='ltr'>mercibus</span> 
     </span>
     <span class='ocr_line' id='line_1_27' title="bbox 373 3657 1544 3740; baseline 0 -18"><span class='ocrx_word' id='word_1_228' title='bbox 373 3678 454 3740; x_wconf 90' lang='lat' dir='ltr'>quas</span> <span class='ocrx_word' id='word_1_229' title='bbox 474 3657 636 3722; x_wconf 91' lang='lat' dir='ltr'>Ordinum</span> <span class='ocrx_word' id='word_1_230' title='bbox 659 3657 793 3722; x_wconf 88' lang='lat' dir='ltr'>bellicae</span> <span class='ocrx_word' id='word_1_231' title='bbox 812 3677 912 3724; x_wconf 87' lang='lat' dir='ltr'>naves</span> <span class='ocrx_word' id='word_1_232' title='bbox 932 3658 1123 3724; x_wconf 91' lang='lat' dir='ltr'>hominibus</span> <span class='ocrx_word' id='word_1_233' title='bbox 1145 3657 1314 3724; x_wconf 89' lang='lat' dir='ltr'>Lusitanis</span> <span class='ocrx_word' id='word_1_234' title='bbox 1327 3658 1544 3722; x_wconf 86' lang='lat' dir='ltr'>abstulerunt.</span> 
     </span>
     <span class='ocr_line' id='line_1_28' title="bbox 372 3767 1544 3850; baseline -0.001 -16"><span class='ocrx_word' id='word_1_235' title='bbox 372 3770 417 3834; x_wconf 88' lang='lat' dir='ltr'>Et</span> <span class='ocrx_word' id='word_1_236' title='bbox 439 3768 563 3849; x_wconf 89' lang='lat' dir='ltr'>alioqui</span> <span class='ocrx_word' id='word_1_237' title='bbox 584 3789 697 3850; x_wconf 89' lang='lat' dir='ltr'>perse</span> <span class='ocrx_word' id='word_1_238' title='bbox 719 3789 854 3850; x_wconf 86' lang='lat' dir='ltr'>quoque</span> <span class='ocrx_word' id='word_1_239' title='bbox 868 3768 1077 3835; x_wconf 85' lang='lat' dir='ltr'>manifestum</span> <span class='ocrx_word' id='word_1_240' title='bbox 1090 3783 1161 3847; x_wconf 90' lang='lat' dir='ltr'>est,</span> <span class='ocrx_word' id='word_1_241' title='bbox 1185 3769 1298 3832; x_wconf 91' lang='lat' dir='ltr'>hostes</span> <span class='ocrx_word' id='word_1_242' title='bbox 1311 3787 1380 3832; x_wconf 92' lang='lat' dir='ltr'>esse</span> <span class='ocrx_word' id='word_1_243' title='bbox 1392 3767 1544 3834; x_wconf 91' lang='lat' dir='ltr'>subditos</span> 
     </span>
     <span class='ocr_line' id='line_1_29' title="bbox 373 3879 1543 3966; baseline -0.001 -22"><span class='ocrx_word' id='word_1_244' title='bbox 373 3881 505 3961; x_wconf 89' lang='lat' dir='ltr'>quoties</span> <span class='ocrx_word' id='word_1_245' title='bbox 536 3879 693 3960; x_wconf 89' lang='lat' dir='ltr'>Princeps</span> <span class='ocrx_word' id='word_1_246' title='bbox 723 3879 828 3946; x_wconf 90' lang='lat' dir='ltr'>hostis</span> <span class='ocrx_word' id='word_1_247' title='bbox 857 3895 915 3946; x_wconf 89' lang='lat' dir='ltr'>est.</span> <span class='ocrx_word' id='word_1_248' title='bbox 961 3880 1051 3966; x_wconf 87' lang='lat' dir='ltr'>Quin</span> <span class='ocrx_word' id='word_1_249' title='bbox 1076 3894 1107 3943; x_wconf 90' lang='lat' dir='ltr'>et</span> <span class='ocrx_word' id='word_1_250' title='bbox 1131 3894 1283 3962; x_wconf 84' lang='lat' dir='ltr'>exparte</span> <span class='ocrx_word' id='word_1_251' title='bbox 1306 3879 1543 3944; x_wconf 87' lang='lat' dir='ltr'>Lusitanorum</span> 
     </span>
     <span class='ocr_line' id='line_1_30' title="bbox 373 3990 1544 4074; baseline -0.001 -19"><span class='ocrx_word' id='word_1_252' title='bbox 373 4007 411 4056; x_wconf 90' lang='lat' dir='ltr'>ut</span> <span class='ocrx_word' id='word_1_253' title='bbox 433 3992 517 4056; x_wconf 91' lang='lat' dir='ltr'>bona</span> <span class='ocrx_word' id='word_1_254' title='bbox 539 3990 620 4070; x_wconf 87' lang='lat' dir='ltr'>fides</span> <span class='ocrx_word' id='word_1_255' title='bbox 643 3990 835 4074; x_wconf 80' lang='lat' dir='ltr'>contingat,</span> <span class='ocrx_word' id='word_1_256' title='bbox 860 3990 937 4056; x_wconf 91' lang='lat' dir='ltr'>dum</span> <span class='ocrx_word' id='word_1_257' title='bbox 961 3990 1045 4055; x_wconf 84' lang='lat' dir='ltr'>forte</span> <span class='ocrx_word' id='word_1_258' title='bbox 1068 3991 1269 4073; x_wconf 89' lang='lat' dir='ltr'>probabilem</span> <span class='ocrx_word' id='word_1_259' title='bbox 1283 3990 1544 4072; x_wconf 89' lang='lat' dir='ltr'>habentopinio·</span> 
     </span>
    </p>
   </div>
   <div class='ocr_carea' id='block_1_4' title="bbox 372 4101 1543 4186">
    <p class='ocr_par' dir='ltr' id='par_1_7' title="bbox 372 4101 1543 4186">
     <span class='ocr_line' id='line_1_31' title="bbox 372 4101 1543 4186; baseline 0 -20"><span class='ocrx_word' id='word_1_260' title='bbox 372 4123 463 4180; x_wconf 87' lang='lat' dir='ltr'>nem,</span> <span class='ocrx_word' id='word_1_261' title='bbox 482 4105 587 4186; x_wconf 83' lang='lat' dir='ltr'>justas</span> <span class='ocrx_word' id='word_1_262' title='bbox 611 4119 679 4166; x_wconf 88' lang='lat' dir='ltr'>esse</span> <span class='ocrx_word' id='word_1_263' title='bbox 699 4101 843 4184; x_wconf 90' lang='lat' dir='ltr'>Principi</span> <span class='ocrx_word' id='word_1_264' title='bbox 863 4121 924 4167; x_wconf 85' lang='lat' dir='ltr'>suo</span> <span class='ocrx_word' id='word_1_265' title='bbox 944 4101 1098 4182; x_wconf 90' lang='lat' dir='ltr'>Philippo</span> <span class='ocrx_word' id='word_1_266' title='bbox 1120 4121 1235 4168; x_wconf 90' lang='lat' dir='ltr'>causas</span> <span class='ocrx_word' id='word_1_267' title='bbox 1255 4102 1331 4166; x_wconf 92' lang='lat' dir='ltr'>belli</span> <span class='ocrx_word' id='word_1_268' title='bbox 1345 4102 1543 4177; x_wconf 71' lang='lat' dir='ltr'>inparatos,</span> 
     </span>
    </p>
   </div>
   <div class='ocr_carea' id='block_1_5' title="bbox 373 4269 567 4280">
    <p class='ocr_par' dir='ltr' id='par_1_8' title="bbox 373 4269 567 4280">
     <span class='ocr_line' id='line_1_32' title="bbox 373 4269 567 4280; baseline -0.005 0"><span class='ocrx_word' id='word_1_269' title='bbox 373 4269 567 4280; x_wconf 65' lang='grc' dir='ltr'>ι--ι--ι--ι</span> 
     </span>
    </p>
   </div>
   <div class='ocr_carea' id='block_1_6' title="bbox 371 4359 1612 4517">
    <p class='ocr_par' dir='ltr' id='par_1_9' title="bbox 371 4359 1612 4517">
     <span class='ocr_line' id='line_1_33' title="bbox 407 4359 1612 4434; baseline 0.002 -29"><span class='ocrx_word' id='word_1_270' title='bbox 407 4361 464 4407; x_wconf 85' lang='lat' dir='ltr'>¹V.</span> <span class='ocrx_word' id='word_1_271' title='bbox 489 4359 692 4408; x_wconf 84' lang='lat' dir='ltr'>Declarationem</span> <span class='ocrx_word' id='word_1_272' title='bbox 716 4360 816 4418; x_wconf 85' lang='lat' dir='ltr'>reginae</span> <span class='ocrx_word' id='word_1_273' title='bbox 842 4360 967 4420; x_wconf 76' lang='lat' dir='ltr'>Angliae,</span> <span class='ocrx_word' id='word_1_274' title='bbox 994 4362 1025 4408; x_wconf 90' lang='lat' dir='ltr'>de</span> <span class='ocrx_word' id='word_1_275' title='bbox 1053 4361 1134 4410; x_wconf 85' lang='lat' dir='ltr'>causis</span> <span class='ocrx_word' id='word_1_276' title='bbox 1160 4373 1293 4422; x_wconf 85' lang='lat' dir='ltr'>susceptae</span> <span class='ocrx_word' id='word_1_277' title='bbox 1312 4361 1469 4410; x_wconf 86' lang='lat' dir='ltr'>defensionis</span> <span class='ocrx_word' id='word_1_278' title='bbox 1488 4363 1544 4408; x_wconf 91' lang='lat' dir='ltr'>Bel·</span> <span class='ocrx_word' id='word_1_279' title='bbox 1608 4429 1612 4434; x_wconf 30' lang='grc' dir='ltr'>Ι</span> 
     </span>
     <span class='ocr_line' id='line_1_34' title="bbox 371 4448 1381 4517; baseline 0 -16"><span class='ocrx_word' id='word_1_280' title='bbox 371 4466 464 4514; x_wconf 85' lang='lat' dir='ltr'>garum.</span> <span class='ocrx_word' id='word_1_281' title='bbox 499 4448 620 4498; x_wconf 64' lang='lat' dir='ltr'>isencca</span> <span class='ocrx_word' id='word_1_282' title='bbox 639 4450 749 4508; x_wconf 88' lang='lat' dir='ltr'>Oedipo.</span> <span class='ocrx_word' id='word_1_283' title='bbox 771 4449 821 4512; x_wconf 86' lang='lat' dir='ltr'>[vs.</span> <span class='ocrx_word' id='word_1_284' title='bbox 842 4451 911 4512; x_wconf 70' lang='lat' dir='ltr'>aaa]</span> <span class='ocrx_word' id='word_1_285' title='bbox 949 4450 1342 4517; x_wconf 67' lang='lat' dir='ltr'>&#39;Philipp.4.[c.d.§.14.]</span> <span class='ocrx_word' id='word_1_286' title='bbox 1370 4505 1381 4511; x_wconf 69' lang='grc'><em>,</em></span> 
     </span>
    </p>
   </div>
   <div class='ocr_carea' id='block_1_7' title="bbox 0 0 1772 5692">
    <p class='ocr_par' dir='ltr' id='par_1_10' title="bbox 0 0 1772 5692">
     <span class='ocr_line' id='line_1_35' title="bbox 0 0 1772 5692; baseline 0 1"><span class='ocrx_word' id='word_1_287' title='bbox 0 0 1772 5692; x_wconf 95' lang='lat' dir='ltr'> </span> 
     </span>
    </p>
   </div>
  </div>
 </body>
</html>
