3546 5654
527 707 574 753 ns
597 708 689 771 Juna
716 707 898 755 susanna.
924 710 993 756 cnr
1017 712 1068 758 xr.
1312 705 1394 770 ⁴177

218 875 314 940 cant,
347 876 378 926 et
410 861 497 944 apud
526 863 683 926 Dammae
707 881 815 944 regem
845 862 995 930 homines
1023 863 1177 929 Lusitani
1202 862 1397 930 Franciscus

219 972 407 1052 Materius,
439 972 561 1038 batalia
588 987 621 1037 et
649 973 753 1037 Pesoa
782 972 930 1056 agebant.
976 976 1047 1040 Nec
1070 975 1178 1040 minus
1202 976 1288 1058 apud
1305 975 1400 1057 ipsus

218 1084 468 1164 Bantamenses,
502 1085 560 1166 qui
593 1083 689 1167 primi
722 1083 868 1149 omnium
890 1104 963 1149 cum
988 1086 1120 1153 Batavis
1143 1101 1391 1152 contraxerunt:

218 1193 264 1260 ibi
295 1195 379 1260 enim
410 1215 522 1262 omnes
553 1194 778 1277 suspicionum
809 1214 903 1260 auras
926 1197 1111 1279 captabant.
1161 1197 1195 1262 Si
1226 1197 1316 1281 longi
1338 1197 1392 1262 iti-

219 1305 304 1370 neris
338 1305 479 1371 taedium
513 1319 545 1369 et
575 1305 653 1370 caeli
686 1305 862 1370 insuetudo
895 1321 1018 1388 partem
1055 1322 1224 1374 nautarum
1262 1309 1394 1376 absum·

219 1429 326 1494 serat,
359 1416 437 1481 dum
466 1415 499 1479 in
529 1414 607 1479 mari
631 1415 798 1497 piraticam
827 1433 979 1482 exercent
1000 1418 1130 1500 praeliis
1152 1418 1288 1485 amissos
1309 1438 1392 1484 nun-

218 1525 362 1590 tiabant:
396 1526 423 1591 si
453 1545 513 1607 pro
546 1539 727 1607 temporum
751 1525 875 1592 ratione
898 1528 997 1594 emtio
1021 1528 1255 1608 differebatur,
1280 1549 1320 1594 ne
1343 1530 1390 1596 sic

217 1634 360 1716 quidem*
382 1636 519 1702 dubium
551 1636 591 1702 ad
612 1651 725 1718 raptus
748 1636 877 1704 venisse
902 1653 934 1703 et
955 1639 1126 1724 invigilare
1150 1639 1389 1706 occasionibus.

217 1747 337 1811 Eadem
369 1768 425 1830 spe
455 1747 579 1812 dimissi
612 1746 766 1814 Lusitani
799 1748 831 1812 in
862 1768 973 1814 omnes
1000 1750 1100 1833 Javae
1123 1766 1262 1832 portus,
1286 1752 1389 1816 Pesoa

217 1857 376 1922 Cidorum
409 1877 441 1922 et
471 1857 674 1939 Tubanurn,
699 1859 896 1925 Panarucam
926 1860 1072 1942 batalia,
1100 1861 1249 1946 Japaram
1271 1863 1326 1929 alii
1358 1877 1390 1928 et

211 1966 370 2051 Jacatram
398 1984 431 2035 et
447 1970 702 2055 Janhanjavam,
727 1969 785 2050 qui
807 1970 938 2036 Batavis
961 1971 1126 2038 infamiam
1151 1973 1388 2053 conciliarent,

215 2079 290 2144 odia
320 2094 471 2146 emerent.
526 2081 600 2146 Nec
631 2080 730 2145 semel
753 2077 863 2146 fallere
884 2082 1028 2147 contenti
1041 2130 1053 2164 ,
1078 2103 1152 2149 cum
1175 2083 1237 2149 ista
1254 2083 1389 2167 Javanis

214 2191 254 2256 dc
285 2191 417 2258 Batavis
447 2205 688 2271 mercarentur,
712 2190 853 2256 Batavos
876 2191 1021 2256 vicissim
1046 2194 1196 2276 (patebat
1220 2194 1305 2258 enim
1335 2214 1389 2259 ac·

213 2320 351 2381 cessus,
383 2301 463 2382 quin
498 2315 530 2365 et
556 2300 722 2365 conviviis
752 2301 1017 2385 excipiebantur)
1049 2322 1115 2366 non
1149 2303 1341 2368 desinebant
1371 2323 1389 2370 a

215 2411 420 2476 commerciis
450 2409 648 2490 absterrere,
673 2411 869 2476 ostentando
893 2410 1089 2494 Javanarum
1119 2413 1264 2496 gentium
1290 2412 1388 2495 perfi-

111 2609 113 2613 Υ
215 2521 312 2586 diam.
357 2521 535 2600 Postquam
567 2540 584 2583 a
610 2520 691 2605 Java
713 2519 854 2585 reditum
878 2535 928 2586 est
955 2521 1135 2604 (cessatum
1158 2523 1242 2589 enim
1267 2543 1388 2590 amer·

214 2629 398 2711 catoribus,
423 2630 526 2694 donec
546 2630 649 2712 prima
670 2631 1386 2715 tentamentarenuntiarentur)Taprobane,

213 2761 297 2823 quae
324 2759 412 2805 nunc
448 2740 619 2822 Sumatra,
652 2741 892 2807 vetustissimae
920 2741 1116 2806 celebritatis
1140 2741 1269 2820 insula,
1305 2742 1386 2808 adiri
1399 2742 1470 2790 Atto
1484 2757 1545 2802 1⁵99·

212 2852 342 2934 coepit,
367 2851 474 2916 missis
494 2851 634 2916 navibus
654 2852 862 2917 aZelandica
874 2851 1051 2930 societate,
1073 2851 1196 2932 quibus
1209 2852 1385 2918 Cornelius

212 2963 446 3028 Houtmannus
467 2963 655 3044 imperabat.
702 2961 767 3027 Hic
788 2963 982 3045 Alphonsus
995 2961 1193 3028 Vincentius
1205 2962 1385 3030 Lusitanus

210 3074 301 3156 paria
325 3074 458 3160 Javanis
488 3073 744 3140 confictionibus
767 3072 949 3138 Achinensi
970 3072 1038 3158 regi
1058 3072 1289 3140 insusurrabat.
1335 3074 1528 3138 Siderum·

211 3186 280 3250 mul
304 3185 344 3250 ad
367 3185 542 3250 Moluccas
564 3186 646 3249 itum
670 3185 777 3267 priore
793 3183 1236 3268 JacobiNeclriinavigatu,
1258 3185 1386 3250 eadem·

212 3314 277 3376 que
300 3295 368 3362 illic
392 3315 409 3362 a
432 3295 603 3362 Lusitanis
623 3295 831 3363 disseminata
851 3293 1036 3376 praefectus
1056 3309 1088 3358 et
1107 3295 1281 3377 optimates
1304 3297 1385 3362 Am·

212 3408 338 3487 bonae,
374 3407 448 3488 qui’
471 3427 539 3472 eam
576 3408 809 3489 rempublicam
848 3421 987 3490 regunt,
1021 3425 1086 3471 non
1122 3406 1382 3473 dissimulabant.

211 3517 289 3602 Quo
314 3531 458 3599 tempore
488 3532 521 3583 et
545 3517 707 3582 Ternatae
736 3537 843 3600 regem
876 3517 1039 3582 similibus
1060 3515 1236 3582 mendaciis
1262 3518 1384 3584 sollici-

211 3629 339 3708 tabant,
364 3643 397 3693 et
417 3628 474 3709 qui
495 3628 636 3692 bandam
658 3628 796 3694 insulam
814 3629 928 3693 colunt
947 3627 987 3692 ad
1000 3627 1209 3708 expellendos
1223 3629 1383 3708 Batavos,

211 3739 268 3819 qui
290 3738 431 3804 navibus
451 3738 605 3822 digressis
617 3753 878 3820 permanserant,
899 3737 1136 3821 ejusdemmodi
1149 3738 1383 3803 criminationi-

209 3852 271 3916 bus
293 3850 526 3915 incitabantur.
573 3849 735 3930 Adeoque
769 3852 867 3930 longe
889 3847 1008 3929 serpsit
1030 3848 1093 3913 hoc
1117 3850 1259 3927 malum,
1285 3863 1382 3912 utne

209 3959 495 4026 Bomeonensibus
515 3959 648 4040 quidem
671 3957 820 4024 iritandis
839 3958 1024 4024 abstentum
1046 3957 1110 4036 sit,
1135 3972 1173 4022 ut
1195 3976 1306 4022 eorum
1324 3957 1381 4038 qui

208 4092 283 4137 cum
313 4069 462 4137 Oliverio
491 4069 625 4135 fuerunt
650 4071 754 4133 relatu
781 4068 949 4152 cognitum
972 4082 1030 4132 est.
1076 4067 1149 4132 Nec
1173 4069 1272 4132 semel
1296 4087 1384 4130 men-

206 4183 262 4248 tiri
286 4182 364 4248 satis
388 4180 478 4262 fuit,
503 4181 559 4246 sed
583 4179 723 4244 reditum
747 4197 874 4260 semper
896 4178 930 4242 in
950 4176 1075 4244 easdem
1099 4192 1204 4242 artes..
1243 4177 1329 4242 Nam
1352 4192 1383 4243 et

207 4293 282 4370 his,
305 4293 362 4372 qui
383 4306 498 4373 postea
519 4289 700 4356 Willekeni
719 4288 875 4372 praefecti
886 4290 981 4372 jussu
995 4287 1125 4353 Acheni
1138 4286 1172 4352 in
1185 4287 1382 4371 Taprobane
1396 4303 1465 4349 Anno
1479 4309 1541 4350 1600.

119 4425 121 4429 ·
208 4417 412 4483 manserant,
441 4400 547 4468 officia
578 4422 704 4467 summa
737 4400 823 4484 regis
854 4399 1095 4480 amicitiamque
1127 4398 1211 4465 verti
1241 4399 1274 4463 in
1304 4419 1383 4464 con-

209 4525 343 4575 temtum
365 4526 396 4575 et
415 4512 490 4576 odia
511 4513 672 4596 ejusmodi
685 4511 956 4606 sugillationibus
968 4524 1172 4592 compertum
1186 4523 1254 4591 est,
1278 4510 1383 4576 absci-

1210 4641 1248 4686 12
