3536 5692
388 687 449 768 338
686 705 733 752 nu
756 705 851 770 June
876 707 1062 754 rnannau.
1086 707 1166 755 cnr.
1190 709 1249 757 xv.

387 877 459 922 rum
482 877 579 941 opera
599 860 713 926 hostes
733 860 871 944 pecunia
892 875 949 927 aut
969 881 1034 944 qua
1055 861 1117 928 alia
1139 882 1174 928 re
1193 863 1363 947 iuvantur.
1408 863 1511 950 Quod
1530 864 1558 930 si

386 967 457 1051 ipsa
480 968 515 1034 id
532 984 687 1035 conantes
705 971 808 1054 patria
827 973 1073 1054 alloqueretur,
1098 992 1205 1038 nonne
1226 975 1290 1039 hoc
1313 974 1462 1040 diceret?
1479 975 1559 1040 Om-

385 1096 445 1144 nes
471 1078 549 1145 boni
572 1080 661 1147 cives
683 1082 747 1148 hoc
773 1097 896 1166 agunt,
920 1083 985 1148 hoc
1014 1083 1186 1164 laborant,
1217 1083 1251 1149 in
1267 1085 1345 1149 ‘hoc
1368 1085 1557 1170 sanguinem

385 1188 603 1275 fortunasque
620 1213 695 1260 suas
714 1193 914 1277 profundere
932 1213 1000 1260 non
1017 1194 1190 1271 dubitant,
1203 1209 1241 1260 ut
1259 1195 1412 1262 hostibus
1433 1197 1558 1262 ademta

386 1303 475 1368 omni
507 1304 548 1370 ad
574 1306 757 1372 nocendum
787 1304 966 1385 facultate,
989 1325 1040 1370 me
1061 1305 1264 1372 constituant
1287 1327 1383 1389 quam
1410 1307 1559 1374 beatissi-

386 1433 480 1483 mam.
526 1417 642 1499 Itaque
665 1417 766 1484 vitam
792 1415 917 1501 eripere
934 1416 1181 1500 pertinacibus,
1206 1436 1287 1500 opes
1309 1417 1403 1483 etiam
1426 1418 1558 1483 erranti·

388 1525 474 1607 bus,
498 1526 619 1609 quibus
649 1527 682 1593 in
711 1548 817 1594 meum
839 1528 966 1594 scilicet
986 1528 1123 1594 exitium
1145 1528 1349 1609 abutuntur,
1374 1529 1455 1594 utile
1477 1530 1558 1594 mibi

386 1650 485 1718 atque
517 1637 597 1703 adeo
630 1637 692 1704 sibi
725 1638 904 1724 gloriosum
938 1639 1134 1706 existimant.
1189 1639 1238 1704 At
1268 1658 1329 1704 vos
1356 1639 1450 1704 etiam
1474 1660 1557 1721 quae

386 1747 464 1812 belli
495 1746 626 1814 fortrma
654 1750 721 1834 jam
743 1749 885 1817 inimicis
906 1749 1064 1830 abstulit,
1088 1749 1128 1814 ad
1150 1749 1280 1816 eosdem
1304 1748 1408 1815 redire
1429 1750 1556 1830 vultis,

387 1872 425 1922 ut
446 1858 573 1924 scilicet
595 1875 755 1942 quantum
777 1860 858 1926 mihi
882 1860 1065 1941 decrescit,
1090 1875 1214 1926 tantum
1233 1859 1298 1924 illis
1320 1861 1475 1941 accedat,
1498 1861 1557 1943 qui

386 1986 454 2034 non
485 1968 667 2053 ignorantia
696 1986 755 2037 aut
786 1991 893 2036 errore
924 1970 1058 2052 aliqu0,
1091 1971 1149 2038 sed
1178 1990 1237 2035 sua
1267 1971 1467 2052 ambitione,
1499 1992 1558 2038 sua

387 2077 520 2162 impulsi
553 2081 687 2147 avaritia
717 2081 759 2148 in¹
784 2100 886 2147 meam
916 2081 1086 2164 pernitiem
1118 2095 1332 2164 vestrumque
1353 2081 1556 2166 singulorum

385 2210 499 2257 omnes
518 2191 559 2257 ad
578 2211 681 2258 unum
705 2191 961 2276 conspirarunt?
987 2192 1079 2258 Haec
1098 2191 1127 2257 si
1147 2191 1223 2274 quis
1243 2192 1393 2274 audiret,
1416 2193 1500 2258 nihil
1520 2209 1558 2260 ut

385 2302 504 2386 opinor
536 2303 671 2369 haberet
702 2304 815 2384 aliud,
848 2323 946 2386 quam
976 2318 1014 2369 ut
1038 2305 1167 2386 culpam
1188 2322 1368 2386 agnoscens
1386 2304 1555 2369 seductum

384 2432 420 2478 se
449 2413 561 2496 potius
593 2412 684 2480 falsis
714 2414 922 2494 rationibus,
947 2433 1048 2497 quam
1066 2428 1182 2496 sponte
1206 2413 1240 2479 in
1261 2414 1397 2497 patriam
1421 2414 1557 2498 impium

384 2523 549 2590 fateretur.
602 2526 752 2593 Reddere
775 2525 877 2610 igitur
894 2525 984 2590 hosti
1014 2543 1088 2589 cum
1111 2543 1178 2590 non
1198 2525 1317 2604 liceat,
1341 2544 1380 2589 an
1405 2526 1555 2592 secessim

384 2635 502 2702 habere
525 2654 542 2700 a
561 2635 697 2701 caeteris
722 2636 791 2702 suis
816 2636 915 2702 rebus
935 2635 1077 2717 aliquam
1101 2635 1135 2699 in
1156 2650 1280 2718 partem
1303 2635 1431 2718 prosit,
1455 2635 1557 2719 inspi-

385 2746 518 2810 ciamus.
565 2745 611 2811 Et
633 2746 698 2811 hoc
723 2746 855 2828 quidem
876 2747 904 2811 si
925 2746 981 2812 fiat
1001 2745 1099 2825 ideo,
1115 2765 1156 2811 ne
1177 2745 1327 2828 praedam
1347 2746 1555 2813 admiscendo

385 2855 599 2939 inquinentur
629 2873 771 2923 caeterae
802 2855 998 2939 facultates,
1030 2856 1165 2922 ridenda
1196 2856 1300 2940 magis
1321 2876 1418 2939 quam
1441 2857 1556 2924 confu-

384 2968 481 3034 tanda
502 2983 551 3034 est
570 2969 780 3052 superstitio:
803 2969 866 3036 nisi
891 2967 976 3035 forte
997 2969 1160 3035 credimus
1180 2968 1269 3034 sicut
1287 2968 1321 3034 in
1343 2968 1467 3035 scabris
1484 2970 1556 3034 ovi-

384 3078 527 3160 bus,ita
550 3079 583 3145 in
606 3081 688 3146 male
708 3081 810 3164 partis
831 3082 927 3146 rebus
949 3080 989 3145 de
1001 3099 1135 3145 nummo
1153 3079 1186 3143 in
1206 3099 1373 3144 nummum
1386 3079 1555 3146 vicinitate

384 3192 524 3273 quadam
546 3211 676 3275 serpere
694 3191 901 3276 contagium,
923 3211 960 3256 ac
982 3209 1048 3256 non
1066 3190 1179 3273 potius
1199 3189 1431 3272 patrimonium
1448 3191 1556 3272 quod-

385 3302 457 3367 dam
488 3301 713 3368 universitatis
743 3321 812 3368 esse
830 3321 949 3368 nomen
971 3315 1003 3366 et
1026 3302 1088 3366 hoc
1112 3301 1241 3383 ipsum,
1266 3300 1418 3382 quamvis
1438 3301 1556 3369 loculis

386 3428 418 3480 et
435 3412 523 3480 fiscis
547 3411 761 3494 distinctum,
787 3411 944 3478 rationem
967 3412 1111 3477 eamdem
1130 3411 1278 3476 obtinere
1299 3420 1318 3477 ¹.
1343 3411 1454 3498 Quare
1470 3412 1556 3478 sicut

382 3528 471 3609 juste
502 3524 626 3606 partis,
657 3523 691 3589 in
723 3522 845 3605 quibus
873 3538 905 3588 et
936 3523 1054 3606 praeda
1084 3536 1133 3588 est
1161 3543 1202 3587 ex
1223 3523 1310 3588 bello
1330 3524 1443 3606 justo,
1467 3537 1554 3588 recte

385 3649 523 3720 augetur
552 3649 651 3717 atque
682 3648 839 3716 ornatur,
863 3633 907 3699 ita
927 3652 993 3698 non
1018 3649 1105 3698 recte
1131 3632 1311 3715 quaesitis,
1336 3633 1461 3698 etiamsi
1484 3637 1556 3699 lon·

386 3746 517 3832 gissime
549 3747 628 3812 haec
660 3744 801 3828 seposita
833 3759 932 3827 atque
964 3744 1132 3810 amandata
1156 3743 1245 3823 sint,
1268 3762 1335 3808 non
1357 3758 1467 3827 potest
1488 3762 1553 3810 non

384 3856 608 3924 contaminari.
663 3857 738 3922 Hoc
773 3855 857 3921 enim
891 3874 990 3920 unum
1027 3855 1215 3938 quaeritur,
1249 3854 1391 3921 velimne
1431 3855 1486 3919 illa
1520 3855 1554 3920 in

384 3989 489 4035 rerum
520 3988 662 4034 mearum
690 3987 827 4033 numero
850 3985 945 4047 esse,
970 3985 1010 4032 an
1034 3984 1141 4032 secus.
1188 3965 1268 4031 Non
1291 3983 1422 4047 possum
1445 3979 1553 4030 autem

343 4077 349 4080 ’
384 4096 473 4148 extra
493 4099 545 4146 res
565 4099 651 4145 meas
674 4079 792 4144 habere
816 4077 942 4157 videri,
956 4077 1047 4158 quod
1068 4091 1100 4142 et
1110 4076 1257 4160 percipio
1269 4091 1433 4158 tamquam
1445 4097 1553 4141 meum

385 4208 418 4259 et
440 4211 548 4258 servo.
594 4189 771 4255 Enimvero
793 4189 820 4256 si
849 4188 924 4270 quis
953 4187 1075 4253 idcirco
1098 4201 1247 4270 separet,
1270 4206 1311 4252 ne
1332 4187 1553 4269 quaerendum

418 4450 427 4484 ¹
445 4452 511 4499 bart.
526 4452 574 4500 sol.
591 4448 699 4497 matrim.
717 4449 761 4511 [D.
779 4461 818 4509 24.
833 4460 857 4506 3.
875 4446 911 4509 a]
931 4460 956 4496 n.
977 4459 1015 4505 17.
1035 4447 1084 4496 Dd.
1098 4446 1124 4494 in
1142 4448 1159 4493 1.
1176 4446 1254 4494 frater
1269 4458 1283 4493 a
1297 4445 1382 4494 fratre.
1396 4444 1421 4493 ff.
1437 4447 1468 4494 de
1478 4446 1555 4494 cond.

383 4541 434 4590 ind.
453 4541 496 4604 [D.
516 4555 555 4589 ra.
574 4541 597 4587 ό.
614 4538 666 4602 su]
