3552 5654
385 689 446 756 150
708 693 756 739 ΒΕ
780 691 873 757 JURE
899 690 1083 738 PRAEDAE.
1108 692 1188 739 CAP.
1213 693 1248 738 X.

381 860 475 930 capta
515 859 624 912 essent
666 860 790 925 castra,
833 847 981 929 praedam
1025 845 1245 912 vendiderunt
1285 844 1557 932 diviseruntque,

382 958 511 1023 donatis
531 976 671 1038 quorum
694 976 793 1040 opera
813 955 920 1023 fuerat
940 957 1124 1043 singularis.
1169 955 1300 1022 Acilius
1324 971 1417 1038 capta
1443 957 1558 1024 Lamia

380 1068 499 1152 partim
520 1067 656 1150 divisit,
680 1067 796 1150 partim
815 1067 966 1134 vendidit
985 1069 1151 1152 praedam.
1176 1068 1239 1134 Cn.
1262 1067 1410 1132 Manlius
1429 1069 1441 1108 ¹
1458 1068 1556 1135 victis

381 1177 630 1263 Gallograecis,
660 1178 875 1244 concrematis
910 1199 949 1244 ex
983 1178 1130 1245 Romana
1153 1177 1388 1262 superstitione
1410 1178 1556 1245 hostium

381 1288 494 1368 amris,
519 1303 675 1355 caeteram
702 1290 853 1373 praedam
883 1288 1031 1356 conferre
1060 1307 1172 1356 omnes
1193 1288 1293 1373 jussit
1314 1303 1346 1354 et
1366 1303 1423 1354 aut
1443 1289 1557 1356 vendi·

380 1399 452 1481 dit,
472 1399 563 1482 quod
584 1400 655 1483 ejus
678 1399 711 1465 in
733 1399 904 1482 publicum
926 1399 1138 1484 redigendum
1161 1414 1229 1465 erat
1242 1397 1276 1480 ²,
1294 1413 1351 1464 aut
1366 1419 1440 1465 cum
1458 1419 1556 1482 cura,

380 1525 419 1577 ut
441 1531 537 1594 quam
564 1508 761 1592 aequissima
783 1524 886 1590 esset,
906 1529 965 1591 per
988 1509 1110 1576 milites
1134 1510 1260 1576 divisit.
1289 1508 1411 1575 Paulus
1432 1510 1444 1546 ⁸
1464 1510 1555 1576 victo

379 1623 498 1688 Perseo
530 1622 634 1704 spolia
650 1621 788 1704 jacentis
809 1620 971 1686 exercitus
990 1620 1159 1703 peditibus
1180 1619 1360 1698 concessit,
1384 1621 1555 1702 equitibus

380 1733 529 1815 praedam
557 1732 758 1816 circumjecti
788 1731 872 1815 agri:
902 1750 980 1796 mox
1011 1730 1164 1798 confecto
1195 1733 1283 1831 bello
1313 1731 1485 1815 pecuniam
1505 1753 1556 1799 re·
1590 1816 1593 1820 ι

380 1843 464 1928 giam
489 1861 529 1908 ex
552 1842 718 1926 triumpho
748 1841 782 1908 in
807 1843 972 1954 saerarium
1002 1842 1092 1908 tulit.
1139 1842 1192 1907 Ex
1229 1842 1281 1909 his
1309 1863 1392 1926 quae
1412 1843 1556 1910 diximus

380 1968 512 2037 apparet
542 1953 692 2036 praedam
722 1953 797 2038 jure
831 1953 982 2020 Romano
1015 1953 1180 2036 publicam
1213 1973 1301 2020 esse:
1341 1953 1556 2039 dispensatio-

378 2084 451 2130 nem
479 2064 550 2148 ejus
571 2063 820 2148 imperatoribus
844 2065 1054 2148 permissam,
1085 2063 1131 2129 ita
1153 2078 1260 2130 tamen
1284 2080 1322 2130 ut
1349 2065 1378 2131 si
1403 2065 1554 2132 commis-

381 2194 453 2241 sum
478 2174 542 2241 sibi
562 2174 731 2241 arbitrium
751 2175 784 2242 in
806 2195 873 2242 rem
895 2195 986 2241 suam
1006 2175 1231 2241 fraudulenter
1251 2175 1388 2243 traxisse
1408 2175 1555 2242 diceren-

379 2303 457 2368 tur,
481 2287 609 2372 legibus
631 2288 855 2371 subjacerent:
880 2287 970 2370 quod
992 2300 1080 2369 patet
1110 2285 1151 2352 L.
1185 2286 1349 2370 Scipionis
1382 2289 1554 2368 exemplo,

380 2398 440 2480 qui
465 2397 636 2462 damnatus
662 2412 711 2464 est
732 2399 905 2481 peculatus
931 2397 1079 2482 judici0‚
1113 2413 1151 2463 ut
1178 2398 1331 2464 Valerius
1355 2396 1555 2464 Maximus*
1601 2445 1603 2450 -

380 2521 539 2588 testatur,
572 2506 810 2593 quadringenta
842 2508 1011 2592 octoginta
1032 2507 1155 2592 argenti
1175 2510 1251 2590 plus
1273 2507 1434 2590 accepisse
1457 2527 1555 2590 quam

378 2617 412 2683 in
444 2617 603 2683 aerarium
634 2619 820 2684 retulisset:
845 2619 991 2700 itemque
1013 2638 1150 2700 eorum,
1176 2637 1262 2700 quos
1285 2637 1383 2702 supra
1405 2617 1554 2684 nomina·

379 2729 487 2796 vimus
520 2727 711 2794 ambitiosae
742 2729 927 2814 largitionis
958 2747 1042 2795 reos.
1100 2729 1152 2794 M.
1185 2729 1280 2794 etiam
1313 2730 1398 2795 Cato
1428 2727 1462 2792 in
1483 2748 1555 2794 ora-

379 2840 470 2906 tione
493 2860 590 2923 quam
620 2840 659 2907 dc
671 2840 805 2928 pracda
835 2841 989 2924 scripsit,
1020 2841 1272 2907 vehementibus
1294 2854 1393 2922 atque
1415 2838 1553 2905 illustri·

378 2953 442 3018 bus
477 2951 590 3018 verbis
622 2952 662 3017 de
698 2951 892 3035 impunitate
925 2954 1119 3035 peculatus,
1155 2966 1193 3017 ut
1223 2950 1333 3032 inquit
1364 2949 1496 3016 Gellius
1517 2949 1552 3029 ⁶,

377 3077 477 3144 atque
509 3062 641 3128 licentia
675 3077 875 3145 conquestus
909 3077 968 3128 est.
1013 3061 1114 3128 Unde
1147 3062 1231 3127 illud
1265 3061 1418 3126 affertur:
1443 3060 1552 3126 Fures

371 3177 590 3259 priuatorum
616 3173 797 3257 furtorum
829 3177 866 3238 in
898 3193 998 3241 uarro
1035 3186 1137 3258 atquc
1171 3171 1375 3257 compedibus
1407 3184 1552 3236 artacem

377 3296 504 3370 agunt,
520 3284 624 3367 fures
647 3283 780 3370 publici
809 3287 846 3349 in
876 3304 961 3349 auro
990 3297 1091 3369 atquc
1108 3297 1283 3369 purpura.
1330 3282 1451 3348 Idem⁸
1474 3280 1552 3347 alibi

377 3393 521 3459 dixerat:
545 3397 672 3458 mirari
701 3414 733 3459 rc
762 3393 888 3460 audura
910 3414 1105 3480 quemquam
1133 3407 1233 3478 capta
1260 3392 1342 3459 ballo
1373 3397 1471 3480 rigna
1486 3407 1551 3478 pro

377 3503 578 3589 supellectile
606 3504 694 3571 domi
724 3519 886 3572 statuere.
930 3505 980 3571 Ut
1011 3519 1044 3570 et
1072 3504 1170 3569 Verri
1195 3503 1351 3569 invidiam
1380 3505 1553 3587 peculatus

376 3629 475 3699 auget
493 3614 651 3697 Cicero⁷,
677 3616 767 3697 quod
790 3615 921 3700 signum
941 3615 1131 3682 sustulisset
1154 3629 1186 3680 et
1206 3613 1337 3696 quidem
1357 3627 1487 3696 captum
1510 3613 1551 3679 de

376 3725 494 3809 praeda
511 3726 671 3792 hostium.
717 3725 812 3792 Sicut
831 3742 938 3791 autern
959 3727 1170 3809 imperatores
1193 3725 1238 3791 ita
1257 3739 1290 3790 et
1308 3723 1428 3791 milites
1450 3744 1551 3806 pecu·
1576 3761 1584 3776 ·

309 3904 311 3908 ,
376 3837 461 3902 latus
480 3839 700 3918 tenebantur,
724 3838 781 3921 qui
804 3837 954 3919 praedam
976 3856 1043 3903 non
1062 3836 1277 3903 detulissent:
1303 3834 1425 3919 quippe
1446 3853 1550 3900 sacra·

375 3963 485 4014 mento
516 3966 627 4014 omnes
658 3947 894 4034 adigebantur,
926 3963 1010 4015 teste
1039 3947 1181 4032 Polybio
1203 3943 1238 4029 ⁸,
1270 3951 1333 4031 περὶ
1361 3954 1412 4026 roi
1441 3949 1550 4029 palium

374 4063 554 4147 νοσφίζεσθαι
572 4065 659 4144 μηδὲν
677 4070 733 4129 τῶν
751 4063 784 4127 ἐκ
800 4071 854 4138 τῆς
872 4065 1050 4143 διαρπαγῆς,
1068 4063 1153 4129 ἀλλὰ
1171 4069 1263 4142 τηρεῖν
1281 4061 1334 4136 riu
1354 4061 1451 4126 πίστιν
1470 4060 1550 4125 auru

381 4259 558 4272 ——a

410 4387 493 4436 ¹Liv.
510 4388 527 4435 l.
546 4398 585 4445 37.
605 4386 641 4449 [c.
660 4386 696 4449 s.]
732 4383 831 4434 ¹Idem
848 4389 865 4434 l.
884 4389 924 4443 38.
945 4386 981 4448 [c.
999 4387 1054 4448 aa]
1090 4386 1176 4436 'Lim
1193 4390 1211 4436 l.
1228 4400 1270 4448 44.
1291 4385 1326 4451 [e.
1343 4386 1398 4452 4⁵·]
1435 4386 1480 4436 ⁴1.
1494 4399 1550 4460 mc·

376 4490 399 4534 a.
417 4477 550 4526 arbiul.
568 4479 608 4534 3⁸·
628 4475 664 4540 [c.
683 4476 736 4539 55.]
771 4475 911 4526 ‘l.11.c.
932 4479 970 4526 18.
1004 4477 1175 4527 ⁶Priscianus
1193 4478 1252 4527 citat
1267 4481 1284 4528 l.
1303 4491 1327 4537 7.
1346 4479 1382 4542 [o.
1403 4493 1441 4544 ¹9·
1453 4482 1475 4538 5.
1493 4477 1547 4543 95.]

375 4564 386 4601 ²
403 4568 430 4616 in
444 4568 516 4616 Verr.
532 4568 557 4616 6.
573 4567 603 4628 [l.
621 4580 646 4627 4.
662 4580 685 4616 c.
699 4578 740 4625 ss.
758 4568 884 4618 secundae
903 4566 1033 4631 actionis]
1068 4567 1083 4606 ⁸-
1097 4571 1114 4618 l.
1132 4581 1172 4618 10.
1190 4569 1226 4632 [c.
1247 4568 1298 4633 td]
