3536 5692
356 647 420 710 300
654 647 702 692 DE
725 645 819 713 JURE
845 644 1029 690 PRAEDAE.
1054 644 1135 692 CAP.
1158 646 1233 693 XIV.

756 799 1004 866 CAP‘UT
1040 800 1133 866 XIV.

353 989 497 1054 PnnsI.
533 987 745 1052 Honasrnnt
776 1005 863 1051 assa
896 1005 1068 1050 rannone
1099 1005 1210 1071 Hujus
1232 1005 1458 1051 capannam:
1484 1007 1526 1052 nu

529 1117 603 1180 Qun
628 1116 713 1162 1sra
739 1117 986 1163 tusnnunrun
1010 1096 1281 1162 Pnoanamnrn.

529 1210 556 1274 Ι.
594 1209 746 1293 Jusrum
770 1227 874 1273 omna
901 1228 1123 1274 Honestum·

529 1321 573 1385 ΙΙ.
599 1320 778 1386 Honesta
811 1339 1021 1386 pnnacmun
1044 1339 1159 1385 acmo
1192 1339 1260 1385 Pno
1296 1339 1527 1401 socus,1>no

600 1451 981 1511 rnrn1rt,a1>vnnsus
1008 1451 1173 1497 sommas
1205 1450 1527 1498 rnsmanonnmns.

529 1543 778 1609 III.Hoursrn
799 1563 1010 1609 annncrrun
1034 1562 1247 1608 PRAEDATlo
1270 1563 1319 1608 ax
1341 1562 1443 1608 rtur.

355 1656 449 1720 Pnns
469 1655 511 1720 ΙΙ.
537 1655 749 1721 Honestam
771 1675 858 1722 assa
882 1673 1054 1720 anatona
1077 1675 1191 1740 nujus
1214 1673 1496 1722 rossnssronam.

846 1841 1041 1852 *αι-..-

399 1965 436 2028 In
468 1963 551 2048 justi
584 1963 778 2045 quaestione
812 1961 882 2027 veri
918 1961 1102 2027 amantibus
1137 1959 1339 2026 satisfactum
1374 1961 1526 2029 arbitror.

354 2076 498 2169 Abunde
528 2075 612 2141 enim
644 2075 901 2140 demonstratum
926 2089 975 2138 est
998 2088 1030 2139 et
1052 2073 1167 2156 pietati
1193 2088 1224 2138 et
1244 2087 1378 2138 naturae
1403 2088 1435 2138 et
1458 2095 1527 2140 mo-

354 2177 445 2252 ribus
479 2202 733 2254 consentaneum
766 2186 892 2268 fuisse,
926 2201 963 2251 ut
995 2185 1146 2252 Lusitani
1179 2186 1221 2250 ob
1255 2185 1360 2250 illatas
1392 2185 1527 2270 injurias

355 2299 593 2382 spoliarentur,
627 2313 730 2381 utque
762 2319 811 2363 res
845 2312 957 2381 captae
989 2296 1225 2363 mercatoribus
1251 2298 1415 2364 cederent.
1461 2297 1528 2363 Sed

355 2410 629 2493 quemadmodum
662 2429 729 2476 non
761 2429 864 2475 unum
898 2425 954 2475 aut
985 2409 1124 2492 simplex
1158 2409 1288 2475 illorum
1321 2429 1423 2494 genus
1454 2423 1525 2489 est,

355 2522 413 2605 qui
444 2520 527 2587 falsa
559 2522 714 2604 opinione
747 2536 919 2604 praecepta
949 2520 1066 2606 judicii
1101 2520 1152 2585 sui
1182 2521 1333 2586 arbitram
1368 2520 1525 2589 rationem

354 2653 421 2699 non
444 2632 591 2713 faciunt,
627 2633 671 2698 ita
695 2633 853 2715 quosdam
878 2652 948 2699 esse
972 2633 1145 2717 audimus,
1176 2632 1233 2714 qui
1258 2632 1319 2698 etsi
1342 2653 1409 2697 rem
1433 2653 1526 2714 eam,

236 2773 298 2819 pa„
319 2745 394 2818 ade
418 2764 482 2827 qua
517 2763 604 2810 nunc
637 2744 766 2829 agitur,
795 2746 916 2829 justam
941 2744 1043 2810 fuisse
1067 2764 1133 2809 non
1158 2745 1280 2812 audent
1303 2763 1443 2829 negare,
1467 2765 1527 2810 nec

354 2858 475 2922 habent
506 2856 674 2938 quomodo
698 2856 733 2921 id
755 2871 933 2936 tueantur,
966 2876 1080 2938 parum
1114 2857 1193 2922 satis
1226 2858 1396 2922 honestam
1420 2872 1525 2922 tamen

194 2997 314 3044 psoram,
321 2968 417 3045 1‚sibi
450 2971 543 3052 aiunt
572 2967 688 3033 videri.
734 2968 772 3033 In
801 2987 868 3049 quo
896 2987 972 3033 sane
1000 2967 1089 3034 dicto
1115 2967 1286 3034 manifesta
1314 2969 1527 3052 repugnantia

354 3095 413 3146 est.
460 3080 595 3162 Semper
616 3078 701 3144 enim
726 3079 770 3143 ita
790 3079 973 3162 accepimus
995 3086 1029 3160 ¹,
1054 3099 1120 3144 non
1143 3099 1240 3162 posse
1261 3099 1326 3146 non
1350 3082 1526 3146 honestum

354 3211 424 3258 esse
452 3191 543 3272 quod
569 3192 695 3276 justum
724 3205 773 3282 est
802 3191 891 3256 omni
920 3211 958 3255 ex
988 3206 1087 3274 parte.
1135 3191 1321 3256 Honestum
1353 3191 1436 3256 enim
1468 3192 1526 3275 qui

353 3301 515 3369 definiunt
538 3320 650 3367 omnes
674 3316 731 3367 aut
751 3301 907 3367 virtutem
928 3302 1030 3385 ipsam
1053 3323 1122 3368 esse
1134 3304 1276 3382 volunt,
1301 3319 1358 3369 aut
1369 3303 1524 3386 quiddam

354 3414 445 3496 quod
465 3411 646 3480 virtutibus
667 3413 813 3478 inhaeret
834 3429 890 3479 aut
910 3435 949 3480 ex
970 3414 1010 3480 iis
1022 3414 1253 3499 proficiscitur.
1278 3416 1361 3480 Sane
1374 3415 1525 3482 avirtute

352 3525 465 3592 divelli
484 3545 663 3606 numquam
683 3539 793 3607 potest
822 3526 1080 3609 necquidquam
1108 3527 1231 3592 bonum
1253 3542 1320 3608 est,
1345 3526 1408 3592 nisi
1433 3527 1524 3609 quod

354 3653 387 3703 et
418 3637 591 3702 honestum
625 3651 682 3704 est.
736 3637 823 3702 Nam
856 3652 888 3703 et
920 3639 959 3702 ab
994 3638 1214 3704 exactioribus
1248 3638 1409 3724 magistris
1438 3639 1449 3674 ²
1478 3637 1523 3703 ita

354 3748 572 3829 describitur,
607 3763 645 3813 ut
678 3739 861 3814 honestum
885 3749 928 3814 sit
960 3750 1052 3832 quod
1078 3751 1262 3834 Jucundum
1297 3765 1346 3814 est
1378 3749 1525 3830 idcire0,

355 3861 433 3943 quia
462 3863 585 3926 bonum
614 3860 668 3928 sit.
714 3860 910 3926 Necessario
933 3861 1033 3947 igitur
1055 3863 1191 3927 alterum
1213 3861 1304 3927 alteri
1324 3881 1528 3943 consequens

356 3986 427 4053 est,
451 3991 510 4038 nec
530 3988 626 4056 turpe
648 3991 718 4037 esse
737 3988 847 4056 potest
868 3988 925 4037 aut
945 3973 1031 4055 apud
1051 3973 1213 4056 sapientes
1233 3988 1264 4038 et
1285 3974 1389 4040 bonos
1406 3974 1527 4056 probro

354 4084 456 4166 duci,
491 4085 582 4167 quod
612 4104 706 4151 verae
734 4085 882 4169 justitiae
913 4084 1088 4169 congruit,
1121 4105 1181 4151 seu
1212 4085 1287 4167 quia
1310 4085 1416 4152 virtus
1438 4086 1528 4149 nulla

389 4334 397 4365 ¹
418 4335 472 4383 Cic.
491 4336 522 4382 de
539 4334 636 4411 invent.
654 4333 700 4381 lib.
719 4348 741 4382 2.
760 4334 800 4382 Id.
809 4335 840 4382 de
860 4335 903 4382 off.
918 4334 964 4382 lib.
986 4348 1007 4382 1.
1026 4331 1062 4396 [c.
1078 4331 1132 4396 62]
1152 4344 1178 4381 et
1193 4331 1240 4380 lib.
1258 4344 1281 4388 3.
1300 4330 1336 4394 [c.
1353 4331 1407 4392 aa]
1425 4332 1457 4380 de
1472 4329 1528 4379 fini·

356 4426 412 4474 bus.
427 4425 473 4473 lib.
489 4439 510 4473 1.
529 4425 636 4474 Aristot.
652 4424 743 4474 libello
761 4427 792 4474 de
809 4425 870 4474 virt.
886 4437 910 4473 et
926 4427 973 4475 vit.
988 4425 1015 4473 in
1030 4425 1109 4485 prino.
1130 4423 1167 4488 [p.
1186 4437 1249 4485 1249
1263 4437 1285 4470 a.
1299 4437 1337 4472 vs.
1352 4421 1405 4486 a8.]
1425 4420 1435 4454 ²
1452 4423 1529 4471 Arist.

356 4519 432 4564 Rhet.
450 4516 494 4563 lib.
515 4529 536 4564 1.
553 4530 576 4563 c.
594 4531 619 4577 9.
639 4514 677 4578 [p.
698 4517 770 4573 1366.
789 4530 810 4563 a.
829 4530 867 4565 vs.
886 4516 939 4577 33.]
