3530 5656
552 649 598 696 DE
622 649 716 714 JURE
741 650 925 696 PRAEDAE·
950 650 1029 696 CAP.
1054 649 1109 696 111.
1375 644 1415 710 37

242 802 391 882 riuntur,
416 817 453 867 ut
479 823 552 868 cum
582 802 745 870 societatis
765 804 934 870 commoda
952 802 1047 869 nobis
1065 816 1270 868 ostentantur
1292 805 1325 881 ¹,
1348 799 1415 883 pri-

241 911 367 977 mordia
387 912 599 997 intelligimus
617 914 813 997 reipublicae
833 929 865 980 et
885 914 1131 998 magistratuum
1148 911 1414 992 sanctimoniam,

241 1043 314 1088 cum
336 1043 394 1088 eos
419 1045 435 1089 a
456 1025 530 1090 Deo
553 1045 621 1090 esse
645 1025 754 1091 verbis
775 1025 906 1092 minime
923 1023 1083 1110 ambiguis
1109 1023 1229 1089 Paulus
1248 1023 1414 1088 ’affinnat

242 1134 329 1199 Hinc
347 1137 454 1220 legum
483 1134 629 1201 civilium
652 1136 724 1217 vis,
760 1137 835 1202 hinc
861 1135 1029 1220 iudicandi
1052 1150 1217 1219 potestas,
1250 1155 1334 1217 quae
1363 1133 1415 1198 vel

242 1245 313 1329 ipso
341 1246 421 1330 Jesu
451 1261 581 1315 auctore
609 1250 621 1285 ⁸
644 1247 778 1314 caelitus
807 1248 911 1313 datur.
959 1247 1045 1312 Hinc
1074 1246 1197 1312 Divina
1230 1243 1415 1329 Sapientia,

242 1359 336 1441 cujus
366 1361 495 1442 ὠπόρρωξ
523 1371 555 1422 et
580 1359 670 1424 velut
688 1378 846 1444 propago,
864 1373 912 1425 est
937 1358 992 1423 illa
1018 1373 1129 1424 nostra
1157 1357 1415 1439 qualiscunque,

242 1467 288 1532 sic
308 1469 446 1548 loquens
467 1467 653 1535 inducitur:
676 1470 769 1535 Mihi
786 1469 957 1534 eonsilium
980 1469 1137 1549 debetur,
1161 1470 1243 1534 mibi
1260 1469 1415 1555 officium:

243 1603 313 1646 mea
331 1581 516 1667 prudentia
540 1596 586 1646 est
608 1595 638 1646 et
657 1601 728 1646 mea
738 1579 921 1665 fortitudo.
953 1581 1019 1645 Per
1038 1593 1135 1644 meet
1157 1583 1221 1664 ipsi
1236 1599 1326 1665 reges
1344 1599 1417 1663 reg-

245 1707 327 1758 nant
356 1707 385 1756 et
414 1691 594 1764 dictatores
611 1694 700 1777 jura
729 1691 930 1758 describunt.
976 1692 1043 1756 Per
1066 1712 1114 1755 me
1134 1695 1301 1775 imperant
1318 1692 1417 1772 irnpe-

244 1817 373 1868 ratores
400 1818 430 1868 et
461 1806 630 1889 principes
656 1817 783 1868 terram
812 1802 1000 1888 dijudicant
1027 1802 1051 1868 ⁴.
1097 1803 1168 1867 Isto
1193 1816 1298 1866 autem
1324 1798 1418 1864 Pauli

244 1913 331 1979 dicto
349 1925 359 1956 ⁵
380 1914 461 1996 quid
489 1929 536 1981 est
561 1913 748 1980 illustrius?
798 1913 911 1978 Omnis
938 1917 1052 1978 anima
1072 1914 1292 1999 potestatibus
1313 1911 1417 1975 encel-

245 2025 385 2090 lentibus
414 2025 549 2091 subdita
575 2039 639 2091 esto
651 2047 663 2090 .·
699 2046 800 2110 neque
834 2028 917 2088 enirn
940 2039 1088 2110 potestas
1121 2024 1193 2089 ulla
1218 2027 1283 2088 nisi
1309 2043 1330 2086 a
1348 2021 1417 2086 Deo

245 2151 290 2202 est
315 2151 345 2202 at
365 2151 523 2221 quotquot
541 2150 617 2200 sunt
631 2150 834 2220 potestates,
855 2158 876 2199 a
898 2136 967 2200 Deo
986 2149 1064 2200 sunt
1086 2134 1272 2200 ordinatae.
1321 2133 1419 2205 Quis-

244 2253 318 2333 quis
351 2251 461 2334 igitur
483 2252 645 2333 potestati
674 2251 824 2327 resistit,
854 2247 921 2311 Dei
952 2245 1158 2312 ordinationi
1186 2249 1336 2310 resistit:
1361 2247 1419 2328 qui

246 2373 357 2424 autem
377 2364 564 2439 resistunt,
590 2362 654 2445 ipsi
672 2358 735 2422 sibi
753 2357 996 2423 damnationem
1015 2360 1208 2441 acquirunt.
1234 2355 1326 2419 Nom
1349 2377 1418 2418 rna-

245 2473 415 2556 gistratus
435 2491 498 2533 non
513 2483 590 2533 sunt
610 2472 738 2532 terrori
757 2470 846 2532 bonis
865 2469 1012 2553 operibus
1029 2467 1086 2534 sed
1105 2467 1213 2531 malis.
1239 2465 1274 2531 V
1270 2470 1298 2530 is
1309 2479 1418 2530 autern

246 2601 310 2643 non
340 2594 485 2644 metuere
512 2580 738 2665 potestatem?
785 2581 909 2644 Bonum
933 2580 1043 2664 facito
1070 2593 1100 2642 et
1129 2577 1259 2644 laudem
1279 2577 1418 2662 abipsa
1471 2641 1474 2646 .

244 2693 458 2773 consequeris.
506 2690 570 2754 Est
600 2692 684 2752 enim
711 2688 778 2752 Dei
805 2693 957 2754 minister
986 2704 1042 2754 tuo
1071 2690 1161 2754 bono.
1208 2689 1267 2752 Sin
1293 2687 1417 2752 malurn

240 2801 385 2885 feceris,
410 2812 523 2863 metue.
557 2799 675 2884 Neque
692 2803 775 2864 enim
788 2799 931 2883 frustra
943 2799 1096 2886 gladium
1112 2803 1213 2885 gerit.
1245 2798 1312 2861 Dei
1333 2800 1417 2862 enim

247 2915 399 2976 minister
426 2924 472 2973 est
501 2924 531 2973 et
559 2909 728 2977 uindictae
755 2925 925 2974 exsecutor
959 2911 1053 2991 illis,
1077 2914 1136 2995 qui
1152 2909 1292 2993 faciunt
1316 2907 1417 2972 mala.

249 3019 364 3104 Quare
387 3042 508 3086 necesse
535 3036 581 3086 est
608 3022 726 3106 subjici
749 3044 805 3087 neo
825 3037 966 3107 propter
984 3022 1167 3090 uindictam
1188 3033 1341 3098 tantum,
1365 3017 1421 3084 sed
1452 3069 1456 3074 -

247 3133 301 3200 tel
329 3137 473 3198 manime
495 3147 637 3217 propter
667 3137 908 3199 conscientiam.
955 3134 1058 3217 Apud
1085 3150 1222 3212 omneS,
1252 3143 1419 3212 quotquot

247 3243 370 3325 ubique
390 3258 467 3308 sunt
485 3242 694 3328 philosophi,
715 3246 808 3309 locus
828 3264 894 3310 non
916 3260 1020 3310 exstat
1031 3245 1071 3310 de
1088 3245 1161 3328 jure
1172 3221 1418 3327 magistratdum

246 3355 450 3438 praeclarior.
475 3354 652 3420 Auctorem
672 3356 827 3437 quaeris?
849 3357 960 3421 Habes
980 3358 1100 3422 Deum.
1127 3354 1266 3421 Finem?
1292 3354 1418 3418 Bonum

247 3481 296 3531 est
313 3482 420 3532 tuum.
468 3466 554 3531 Cum
575 3482 681 3532 autem
701 3470 774 3533 vult
793 3467 885 3531 Deus
906 3482 1140 3534 sacrosanctam
1161 3485 1232 3532 esse
1250 3463 1419 3549 magistra·

246 3591 339 3643 tuum
358 3577 603 3658 auctoritatem,
628 3598 735 3644 nonne
766 3577 861 3644 etiam
881 3599 964 3644 arma
985 3579 1123 3662 probat,
1148 3577 1270 3660 quibus
1293 3575 1348 3641 illa
1370 3574 1419 3639 in-

246 3687 373 3753 terdum
401 3687 602 3755 defendenda
632 3689 703 3755 est‘i
750 3690 811 3754 An·
833 3691 989 3756 adversus
1016 3690 1153 3755 inermes
1179 3695 1251 3753 reos
1276 3686 1420 3770 porriget

247 3797 313 3863 illis
341 3785 434 3864 Deus
467 3803 605 3866 ultorem
636 3800 800 3884 gladium,
833 3801 989 3867 adversus
1022 3815 1161 3865 armatos
1193 3798 1345 3883 negabit,
1384 3813 1420 3862 ut

247 3912 354 3975 locum
392 3910 510 4004 habeat
542 3909 625 3976 illud
654 3911 759 3976 omnis
791 3912 920 3976 sceleris
953 3910 1223 3990 invitamentum,
1256 3907 1423 3994 quidquid

249 4021 362 4086 multis
385 4035 547 4106 peccatur
574 4020 719 4085 inultum
744 4035 790 4085 est
818 4024 859 4085 ⁶?
906 4018 1139 4102 Nequaquam.
1186 4019 1265 4083 Non
1301 4019 1421 4084 debent

249 4131 333 4197 enim
361 4131 532 4199 deterioris
559 4131 773 4198 conditionis·
789 4150 858 4198 esse
887 4132 945 4214 qui
976 4131 1037 4197 soli
1062 4146 1218 4215 peccaut,
1243 4149 1340 4212 quam
1363 4127 1421 4211 qui

251 4335 442 4345 —.-.—.

284 4451 422 4514 ¹Eccl.4
447 4468 471 4515 9.
505 4450 667 4511 ⁹Rom.13.
689 4467 709 4501 1.
742 4451 886 4517 ³J0h.19.
908 4468 945 4502 11.
979 4453 1083 4503 ⁴Prov.
1102 4455 1125 4500 8.
1146 4465 1183 4513 14.
1202 4462 1226 4499 et
1244 4465 1281 4510 sq.
1315 4449 1420 4497 ⁵Rom.

253 4555 291 4599 13.
311 4556 332 4591 1.
350 4555 375 4592 et
393 4557 431 4603 sq.
464 4544 474 4576 ⁶
491 4546 585 4595 Lucan.
604 4546 700 4607 [Phars.
718 4548 735 4594 l.
754 4558 776 4602 5.
794 4560 832 4594 vs.
852 4546 920 4609 260.]
