3530 5656
410 738 424 747 ..
509 740 511 744 ι
533 678 580 726 DE
603 679 696 743 JURE
722 679 902 726 PRAEDAE·
927 680 1007 726 CAP.
1033 681 1081 726 lv.
1347 675 1387 740 53

217 846 274 897 aut
298 831 471 896 Herculem
489 845 545 895 aut
565 832 752 897 Vulcanum
776 833 893 915 spoliis
911 833 1057 898 hostium
1070 846 1264 897 mactarunt.
1289 831 1388 897 Unde

218 931 405 1025 et'tropaea
433 955 543 1009 sancta
567 941 672 1008 suere.
698 943 786 1008 Illud
809 957 916 1008 autem
934 943 1185 1027 ipsiusJosuae¹
1208 942 1389 1009 deimeucrn

215 1067 251 1116 et
272 1072 291 1115 a
313 1050 439 1116 Divino
462 1051 596 1117 numine
619 1052 777 1118 dictatum
798 1073 915 1138 negare
937 1054 1012 1136 quis
1031 1053 1165 1137 potest?
1193 1051 1272 1116 Cum
1305 1047 1388 1114 rnul-

218 1166 261 1226 tis
294 1163 404 1246 opibus
439 1161 487 1228 ad
513 1161 599 1228 sedes
632 1164 913 1245 redimentem,
941 1186 1014 1229 cum
1046 1167 1082 1232 n·
1102 1165 1231 1250 peeoris
1256 1159 1388 1241 melta,

218 1293 290 1336 cnm
315 1293 399 1335 aare
421 1285 562 1358 argento
582 1293 660 1336 aere
674 1273 797 1356 ferre,
821 1296 893 1339 cum
913 1278 1105 1342 vestimento
1135 1270 1334 1355 omnifario,
1357 1284 1389 1334 et

213 1384 399 1466 participes
433 1395 532 1446 estote
548 1381 699 1467 praedae
727 1384 869 1448 hostium
892 1397 1078 1451 nestrorum
1113 1403 1185 1445 cum
1211 1380 1389 1465 fratribus

219 1495 349 1559 vestris.
393 1493 482 1556 Inter
515 1508 686 1576 praecepta
718 1494 813 1558 etiam
845 1514 928 1577 quae
949 1495 1070 1578 Josuae
1093 1493 1211 1558 dantur
1233 1492 1390 1556 adversus

221 1602 342 1685 Hajum
365 1600 586 1683 proficiscenti
612 1604 801 1671 illud²est:
826 1605 940 1691 Spolia
952 1605 1020 1689 qus
1046 1617 1077 1668 et
1092 1601 1394 1688 jamentaejnsdis

220 1716 351 1798 ripietis
371 1713 470 1779 vobis.
504 1713 577 1778 Aut
594 1707 789 1797 illud‘quod
812 1735 868 1798 per
899 1714 1061 1804 Davidem
1086 1712 1290 1779 enuntiatum
1323 1726 1389 1776 est:

221 1821 373 1908 Accipite
395 1822 648 1890 benedictionem
670 1824 709 1890 de
725 1825 859 1910 praede
875 1827 1018 1892 hostium
1042 1824 1181 1888 Domini
1204 1819 1228 1887 ⁸.
1253 1822 1318 1887 Sed
1338 1824 1390 1888 vel

220 1931 283 1996 hoc
304 1934 410 1997 solum
431 1934 577 1999 sufficere
599 1950 747 2017 poterat,
772 1937 864 2017 quod
885 1937 977 2001 Deus
1000 1935 1191 2015 Israeliten,
1216 1932 1390 1998 formatum

220 2061 239 2104 a
260 2061 294 2105 se
315 2045 500 2126 populum,
525 2046 703 2110 curatione
724 2047 779 2130 jus
800 2067 896 2112 suum
920 2047 1020 2112 tutari
1041 2045 1150 2112 voluit
1169 2049 1202 2108 ⁴:
1227 2044 1390 2110 autetiam

220 2152 309 2233 quod
332 2154 465 2219 modum
484 2156 621 2237 praedae
644 2157 901 2240 circumscripsit
920 2165 933 2202 ⁵
958 2172 990 2220 ct
1010 2155 1176 2238 quomodo
1208 2154 1313 2220 dividi
1336 2155 1391 2220 de·

220 2265 311 2328 beret
331 2265 488 2331 ostendit.
535 2267 619 2332 Illae
650 2267 745 2332 etiam
778 2266 1013 2349 auctoritates,
1052 2286 1135 2348 quae
1165 2265 1287 2329 bellum
1323 2283 1391 2328 esse
1404 2259 1470 2305 ΒΜ·
1484 2259 1519 2304 ””·

1403 2323 1451 2359 art.
1464 2312 1500 2358 11.
1512 2327 1552 2358 ar·

216 2375 343 2458 justum
367 2391 424 2440 aut
456 2377 646 2460 simpliciter
679 2393 736 2443 aut
757 2399 797 2442 ex
819 2377 987 2460 principiis
1005 2377 1166 2460 probant,
1187 2377 1253 2440 huc
1282 2372 1391 2438 referri
1404 2365 1550 2465 jffll’ffl

219 2503 286 2549 non
309 2485 515 2551 incommode
537 2501 706 2569 poterunt.
755 2487 801 2551 Et
819 2488 972 2569 eaedem,
997 2507 1080 2568 quae
1097 2486 1217 2552 bellum
1250 2473 1521 2572 Christi-3225&

219 2594 305 2664 anis!
325 2609 357 2661 et
391 2595 424 2658 in
461 2596 668 2661 Christianos
700 2597 919 2679 permirtum,
944 2597 984 2662 ad
1005 2597 1155 2681 praedam
1177 2597 1272 2662 etiam
1291 2589 1452 2680 perti-{22
1466 2578 1541 2681 ζρἆζ·

220 2717 317 2768 nent:
352 2692 430 2786 quia
461 2704 587 2770 scilicet
615 2705 732 2770 mutari
756 2725 820 2771 non
846 2707 977 2789 potuit,
1001 2708 1093 2790 quod
1116 2723 1182 2772 crat
1204 2709 1255 2773 sui
1278 2722 1393 2772 natura
1405 2686 1549 2785 {ssissspif‘

221 2814 447 2896 immutabile,
476 2834 536 2880 nec
570 2816 769 2900 Evangelica
799 2817 948 2882 doctrina
978 2817 1155 2899 quidquam
1188 2818 1221 2882 in
1247 2817 1393 2883 moribus

221 2925 400 2990 innovavit.
432 2926 552 3007 Neque
571 2947 650 2992 vero
671 2927 852 3008 putandum
875 2942 924 2994 est
945 2949 1019 2994 cum
1043 2943 1107 2999 tam
1127 2927 1308 2993 manifestis
1329 2926 1393 2992 Dei

219 3035 360 3102 oraculis
380 3055 525 3118 pugnare
544 3036 706 3119 Baptistae
724 3053 930 3120 praeceptum
942 3034 965 3106 ⁸.
989 3039 1026 3104 In
1051 3057 1117 3120 quo
1136 3038 1392 3104 animadverten-

219 3146 298 3212 dum
317 3161 365 3211 est
385 3146 512 3213 consuli
532 3147 712 3232 Johannem
737 3167 803 3214 non
827 3169 845 3214 a
867 3149 1028 3216 militibus
1065 3150 1099 3214 in
1123 3151 1294 3232 procinctu
1319 3149 1394 3232 qui·

146 3321 153 3334 ,
220 3277 284 3336 que
307 3257 340 3321 in
361 3257 489 3323 hostem
513 3259 722 3341 aurierant,
746 3259 803 3324 sed
825 3261 865 3324 ab
889 3260 953 3326 illis
984 3260 1042 3341 qui
1064 3261 1268 3356 inKJudaeac
1301 3280 1392 3343 prae·

218 3367 312 3432 sidiis
342 3370 564 3435 versabantur.
620 3371 762 3457 Quantis
797 3386 904 3438 autem
939 3372 1078 3438 Romani
1108 3372 1226 3436 milites
1260 3371 1390 3455 injuriis

220 3479 355 3544 miseros
376 3481 593 3562 provinciales
616 3481 843 3550 infestaverint
865 3500 1088 3566 quantamque
1104 3483 1314 3549 solitudinem
1327 3484 1391 3548 cir-

219 3610 293 3656 cum
315 3610 349 3654 se
370 3589 504 3656 fecerint
526 3592 657 3657 illorum
679 3594 837 3674 hiberna,
862 3608 1023 3660 testantur
1045 3597 1116 3679 ejus
1137 3595 1258 3660 saeculi
1288 3595 1390 3675 scrip·

220 3715 319 3767 tores.
350 3701 418 3766 Has
430 3702 539 3782 itaque
551 3703 763 3785 vexationes,
787 3725 870 3786 quas
883 3705 1114 3771 concussiones
1127 3705 1196 3787 ipse
1212 3719 1329 3782 vocat,
1352 3719 1391 3771 ut

220 3810 385 3893 hodieque
417 3812 595 3893 dicuntur,
630 3829 662 3878 et
695 3815 871 3881 calumnias
907 3836 1019 3882 omnes
1049 3816 1216 3900 Johanncs
1239 3815 1391 3897 prohibet

220 3921 376 4004 iubetque
397 3922 516 3988 milites
535 3923 673 3988 salariis
695 3922 707 3964 ⁷
728 3925 800 3989 suis
825 3926 915 4008 (nam
937 3927 971 3990 id
993 3925 1095 3990 ferme
1111 3927 1300 4008 voxsonat)
1313 3943 1390 3990 con-

218 4169 412 4180 m...—

254 4372 389 4434 1Jos.22.
409 4389 446 4423 11.
481 4374 560 4440 2J0s.
578 4381 601 4425 8.
616 4392 637 4425 2.
673 4378 764 4426 ³Sam.
786 4392 856 4436 1.30.
873 4395 899 4427 v.
916 4381 956 4428 26.
990 4379 1045 4428 ¹¹in
1062 4381 1127 4427 dem.
1145 4379 1224 4451 inam
1240 4392 1260 4425 1.
1281 4377 1351 4426 artic.
1370 4391 1391 4426 1.

220 4465 303 4510 concl.
323 4477 344 4510 1.
361 4465 405 4512 sub
425 4464 508 4514 linem.
543 4467 646 4516 ⁵llum.
666 4482 705 4526 31.
735 4471 773 4518 26.
797 4473 872 4518 Deut.
899 4485 937 4520 ao.
962 4485 999 4534 19.
1026 4473 1087 4521 Sam.
1111 4481 1149 4525 30·
1181 4482 1220 4518 aa.
1253 4467 1343 4518 ⁶Luc.
1366 4481 1390 4526 3.

222 4565 259 4611 14.
294 4550 430 4612 ⁷dporvt'ore.
463 4553 473 4577 '¹
