3552 5654
386 672 445 749 148
714 683 760 730 uu
784 681 877 748 June
905 679 1089 729 saxonas.
1113 681 1192 727 cnr.
1217 681 1251 726 x.
1330 741 1332 744 Ι

380 841 541 906 bellorum
563 837 797 921 occupatione,
822 835 894 901 sive
914 835 948 900 in
969 834 1225 918 quibuscunque
1244 833 1326 901 locis
1345 833 1461 918 degere
1480 855 1556 902 nos·

381 965 512 1015 cuntur.
560 948 694 1015 Divisio
725 961 831 1013 autem
863 947 941 1012 haec
963 946 1139 1012 calumnias
1161 945 1219 1012 vix
1241 965 1394 1027 umquam
1418 944 1555 1029 effugit,

380 1063 447 1128 non
472 1061 550 1143 quia
581 1059 645 1126 dici
675 1072 804 1142 poterat
826 1057 860 1122 id
883 1049 991 1139 ip‘sum
1016 1058 1049 1122 in
1072 1071 1234 1140 potestate
1261 1056 1467 1140 imperatoris
1490 1077 1555 1122 non

381 1171 508 1253 fuisse,
543 1169 600 1239 sed
632 1169 725 1252 quasi
759 1168 910 1251 publicae
944 1169 990 1234 rei
1022 1168 1265 1252 dispensatione
1296 1167 1423 1251 privata
1455 1168 1556 1252 gratia

381 1297 574 1367 captaretur.
597 1282 714 1364 Itaque
735 1279 877 1345 accusati
899 1280 963 1345 hoc
983 1280 1114 1345 nomine
1130 1279 1315 1360 Servilius,
1341 1277 1554 1358 Coriolanus,

382 1393 544 1460 Camillus
574 1391 697 1474 aliique
715 1393 750 1472 ¹,
783 1404 822 1456 ut
854 1390 967 1456 amicis
990 1404 1022 1454 et
1044 1390 1220 1456 clientibus
1253 1389 1323 1455 suis
1356 1389 1397 1454 de
1420 1390 1554 1472 publico

381 1505 566 1590 largientes.
589 1503 713 1585 Neque
731 1515 838 1567 tamen
856 1521 923 1566 non
943 1521 1065 1568 summa
1085 1501 1250 1568 interdum
1267 1501 1413 1584 aequitas
1431 1501 1554 1579 aderat,

380 1615 426 1685 lie
446 1621 470 1685 ri
489 1617 676 1698 οννοιοοὶμενοι
697 1619 748 1682 τοῦ
776 1613 858 1696 ἔργον
882 1617 932 1682 τὸν
951 1621 1008 1682 τῶν
1030 1615 1119 1682 πόνων
1146 1617 1254 1697 reperii
1276 1615 1460 1696 κομισάμενοι
1490 1639 1556 1696 erpe-

381 1722 1555 1808 &mmmmmwfflmmfflfflwmmmffi

381 1833 561 1916 diderartt,
572 1835 702 1917 fructu
726 1832 1028 1917 laborispercepto,
1050 1831 1426 1918 adaliasexpeditiones
1439 1833 1555 1899 obeun-

382 1943 443 2012 das
469 1943 591 2026 fierent
619 1947 834 2028 promtiores.
879 1941 1075 2025 Diripienda
1109 1943 1204 2008 etiam
1238 1944 1356 2027 praeda
1391 1943 1553 2010 interdum

381 2054 479 2120 militi
501 2074 654 2121 concessa
675 2056 707 2121 in
730 2054 944 2138 populatione
965 2069 1022 2120 aut
1041 2069 1118 2138 post
1137 2054 1294 2138 praelium
1315 2071 1372 2120 aut
1392 2076 1554 2140 expugna-

380 2167 527 2248 tionem,
558 2182 598 2232 ut
625 2165 720 2252 signo
749 2167 825 2231 dato
855 2165 1108 2232 discurreretur:
1143 2166 1234 2248 quod
1252 2165 1397 2248 antiquis
1415 2167 1554 2234 saeculis

381 2277 508 2359 rarius,
529 2278 586 2344 sed
605 2292 714 2343 tamen
734 2292 937 2360 usurpatum.
983 2276 1181 2358 Exemplum
1201 2276 1318 2343 dedere
1341 2278 1382 2344 L.
1403 2277 1554 2344 Valerius

381 2387 415 2452 in
449 2407 527 2472 agro
560 2389 754 2471 Aequorum
788 2391 825 2470 ⁸,
869 2387 912 2474 Q.
948 2386 1069 2453 Fabius
1113 2386 1195 2454 lusis
1228 2387 1364 2454 Volscis
1396 2404 1554 2472 captaque
1642 2397 1644 2402 “

382 2498 502 2565 Ecetra
522 2504 557 2579 ⁴,
591 2519 668 2565 mox
701 2499 755 2564 alii
787 2519 890 2580 saepe.
937 2499 1037 2564 Hunc
1068 2497 1163 2563 etiam
1196 2518 1318 2565 morem
1341 2498 1404 2574 alii
1435 2500 1555 2582 impro-

385 2589 482 2686 bant,
515 2609 570 2674 alii
602 2608 791 2675 defendunt.
839 2609 909 2696 Qui
940 2609 1125 2692 improbant
1159 2608 1274 2675 dicunt
1307 2609 1418 2675 avidas
1451 2610 1484 2677 in
1505 2611 1554 2676 di-

382 2719 546 2802 reptiones
579 2739 694 2787 manus
716 2719 898 2803 praeripere
920 2719 1056 2786 fortium
1080 2720 1272 2786 bellatorum
1293 2721 1552 2806 praemia‚eum

382 2833 435 2895 ita
457 2831 569 2915 ferme
589 2834 742 2911 eveniat,
764 2845 801 2896 ut
821 2835 880 2916 qui
899 2835 1031 2916 segnior
1051 2834 1095 2895 sit
1112 2831 1324 2916 praedetur,
1349 2845 1387 2896 at
1400 2832 1554 2916 fortissi-

382 2962 453 3006 mus
483 2946 621 3026 quisque
651 2942 776 3007 laboris
801 2941 1013 3027 periculique
1038 2945 1257 3026 praecipuam
1281 2956 1417 3027 partem
1440 2958 1554 3029 petere

381 3051 510 3117 soleat:
541 3072 627 3133 quae
657 3053 757 3118 verba
788 3066 866 3119 sunt
894 3051 999 3134 Appii
1021 3052 1109 3135 apud
1129 3052 1264 3117 Livium
1288 3064 1312 3118 ⁸.
1358 3055 1483 3120 Contra
1504 3054 1554 3120 di-

382 3162 490 3242 citur‚
511 3165 650 3248 gratius
677 3161 717 3228 id
727 3162 807 3246 fore
828 3161 1031 3248 laetiusque,
1056 3162 1145 3248 qood
1163 3167 1302 3248 quisque
1325 3185 1552 3231 seamanuex

382 3274 471 3337 hoste
499 3285 634 3357 captum
666 3271 794 3338 domum
824 3273 1007 3355 retulerit,
1031 3295 1130 3359 quam
1153 3277 1183 3338 si
1210 3272 1386 3358 multiplex
1409 3272 1552 3338 alterius

382 3383 529 3447 arbitrio
561 3386 707 3468 accipiat
728 3387 753 3449 ⁸.
799 3385 941 3450 Accedit
970 3385 1061 3468 quod
1084 3385 1148 3450 hoc
1177 3385 1284 3468 ipsum
1305 3402 1550 3466 nonnumquam

382 3507 440 3558 aut
462 3513 529 3559 non
551 3494 722 3576 impediri,
745 3509 802 3560 aut
824 3514 890 3561 non
913 3495 983 3562 sine
1000 3495 1137 3561 maxima
1150 3495 1274 3561 invidia
1286 3509 1319 3560 et
1329 3494 1552 3578 indignatione

381 3604 523 3670 rnilitum
543 3619 671 3687 potest,
694 3619 805 3672 vetere
826 3607 898 3691 ejus
920 3605 966 3671 rei
990 3609 1139 3689 exemplo
1160 3605 1446 3690 inexpugnatione
1468 3607 1552 3672 Cor·

381 3730 498 3781 tuosae
520 3720 555 3796 ⁷,
586 3718 684 3801 cuius
705 3697 855 3800 praedam
884 3717 1046 3800 publicari
1075 3737 1148 3784 sero
1168 3717 1293 3782 tribuni
1322 3717 1497 3799 cupiebant
1522 3731 1554 3783 et

381 3841 497 3909 postea
520 3846 594 3892 cum
615 3827 906 3912 Gallograecorum
928 3843 1032 3894 castra
1052 3849 1069 3894 a
1093 3829 1132 3893 C.
1155 3827 1268 3893 Helvii
1287 3827 1413 3912 agmine
1429 3827 1554 3911 direpta

381 3951 459 4002 sunt
490 3953 602 4004 contra
634 3939 728 4006 ducis
759 3942 963 4006 voluntatem
984 3941 1006 4006 ⁸.
1053 3939 1155 4027 Quod
1184 3938 1253 4004 dixi
1285 3939 1356 4004 aliis
1389 3939 1552 4006 interdum

381 4165 572 4176 ------.

414 4303 423 4335 ¹
441 4303 518 4353 Dion.
542 4306 622 4355 Halia.
644 4307 661 4354 l.
680 4307 704 4355 6.
732 4307 770 4370 [p.
789 4309 846 4365 365.
864 4323 903 4357 vs.
924 4307 974 4372 18.]
994 4311 1053 4357 etl.
1071 4322 1094 4368 7.
1115 4307 1153 4372 [p.
1170 4309 1227 4369 468.
1246 4321 1285 4358 vs.
1302 4323 1326 4371 9·
1344 4319 1368 4356 et
1387 4307 1438 4382 sp]
1459 4308 1516 4358 Liv.
1534 4311 1552 4359 l.

381 4407 404 4452 5.
423 4393 460 4459 [c.
478 4396 531 4458 aa]
566 4392 577 4427 ¹
594 4389 672 4446 Dion.
696 4397 778 4447 Halic.
802 4400 823 4470 1..
843 4411 867 4457 7.
882 4400 930 4472 [p.
954 4400 1013 4462 469.
1033 4413 1071 4450 vs.
1092 4400 1143 4462 aa]
1179 4399 1286 4449 ³Idem.
1303 4402 1321 4447 l.
1340 4413 1364 4461 9.
1383 4399 1422 4460 [p.
1439 4399 1497 4447 611.
1514 4411 1553 4448 vs.

380 4486 433 4547 ab]
468 4485 566 4535 ⁴ldem
590 4489 608 4536 l.
635 4501 674 4536 10.
701 4487 739 4550 [p.
756 4489 814 4550 ⁶4⁷·
832 4503 870 4538 vs.
890 4503 930 4547 ³3·
947 4490 1016 4552 sqq]
1052 4487 1097 4538 ¹1.
1117 4503 1140 4547 5.
1158 4491 1194 4552 [q.
1210 4489 1263 4552 ao]
1298 4489 1435 4540 ⁰ibidem.
1469 4487 1553 4539 inlr.

379 4579 396 4623 l.
415 4577 438 4624 6.
464 4575 500 4640 [c.
523 4577 561 4638 4.]
597 4577 682 4628 'Lim
706 4581 724 4628 l.
749 4582 789 4636 38.
815 4578 851 4643 [c.
872 4581 926 4642 2³·]
