3552 5654
371 563 385 594 ἢ

365 659 424 736 158
682 671 729 718 na
753 672 847 738 June
873 669 1056 716 annunlio.
1086 669 1165 717 car.
1191 670 1225 714 x.

362 827 391 892 ei
415 826 472 908 qui
495 825 622 892 vicerat
643 827 775 909 propria
797 824 900 892 fuisse
924 823 1159 906 conspicimus,
1182 823 1535 908 etiamjureRomano.

358 937 408 1001 De
440 935 573 1018 proeliis
597 951 629 1000 et
651 936 951 1021 expugnationibus
985 935 1117 1002 urbium
1139 934 1222 1016 quid
1245 933 1530 1002 existimabimus?

359 1047 455 1133 Quae
483 1060 575 1128 parta
601 1047 667 1130 jam
699 1046 839 1112 victoria
873 1044 1058 1127 eripiuntur
1087 1044 1187 1111 vietis
1212 1043 1246 1110 in
1263 1044 1382 1127 praeda
1402 1046 1535 1114 militari

360 1175 430 1222 esse
457 1174 524 1222 non
549 1155 751 1222 videntur1:
787 1159 867 1224 haec
888 1155 1019 1222 Graeci
1052 1175 1128 1220 cum
1164 1154 1319 1220 distincte
1353 1157 1536 1238 loquuntur

361 1274 459 1337 eneae
478 1281 607 1334 vocant.
632 1268 806 1334 Caeterum
825 1287 909 1350 quae
927 1267 960 1332 in
979 1266 1051 1348 ipso
1070 1265 1187 1348 proelii
1207 1281 1264 1332 aut
1283 1267 1536 1350 expugnationis

361 1376 486 1459 impetu
513 1377 603 1443 hosti
635 1392 895 1460 extorquentur,
927 1379 1051 1464 uipera
1086 1375 1201 1442 iisdem
1237 1379 1420 1459 appellata,
1456 1377 1533 1443 dum

362 1486 490 1554 scilicet

535 1599 608 1664 Nec
631 1603 815 1683 temperari
829 1597 960 1683 facile,
985 1618 1043 1662 nec
1071 1601 1215 1683 reprimi
1230 1611 1340 1683 potest

531 1709 656 1774 Stricti
678 1712 763 1774 ensis
786 1713 866 1789 ira,

362 1818 575 1902 plurimarum
608 1819 754 1904 gentium
787 1819 935 1885 moribus
967 1817 1088 1885 deferri
1120 1819 1260 1902 singulis
1287 1819 1398 1886 video.
1453 1820 1534 1886 Exi-

362 1930 478 1995 menda
501 1944 606 1997 tamen
627 1929 783 1995 videntur
807 1949 890 2012 quae
911 1949 977 1995 non
1000 1930 1128 2012 privata
1140 1929 1309 2010 hostium,
1333 1930 1392 1996 sed
1402 1931 1534 2011 publica

363 2038 512 2106 fuerunt.
548 2041 748 2106 Macedones
772 2059 848 2106 sane
870 2040 1014 2108 victores
1035 2040 1075 2106 ad
1093 2038 1266 2124 Pyramum
1290 2060 1437 2121 amnem,
1460 2061 1535 2108 cum

362 2151 456 2217 Darii
478 2166 581 2217 castra
605 2151 841 2234 irrumperent,
863 2151 977 2236 ingens
996 2151 1067 2217 auri
1091 2151 1284 2236 argentique
1304 2152 1435 2234 pondus
1458 2152 1536 2218 diri-

362 2281 485 2344 puere,
519 2282 579 2328 nec
610 2263 790 2344 quidquam
819 2261 977 2328 intactum
1007 2262 1191 2328 omiserunt
1217 2277 1344 2344 praeter
1373 2265 1459 2349 regis
1487 2279 1566 2330 ta·1

363 2373 599 2453 bernaculum,
624 2373 744 2439 tradito
764 2392 874 2453 more,
896 2373 1157 2455 inquit.Curtius
1169 2379 1205 2452 ¹,
1226 2387 1265 2439 ut
1279 2371 1439 2439 victorem
1451 2375 1534 2442 victi

365 2484 450 2568 regis
486 2485 695 2550 tabernaculo
731 2485 928 2566 exciperent.
982 2485 1098 2565 Atque
1128 2484 1209 2550 adeo
1238 2485 1278 2550 ad
1308 2485 1426 2552 Arbela
1446 2485 1536 2554 fuere

365 2594 423 2675 qui
463 2594 605 2662 militurn
641 2597 820 2664 nonnullos
855 2610 1065 2676 accusarent,
1100 2595 1191 2677 quod
1224 2596 1466 2678 conspirassent
1496 2599 1535 2664 de

363 2705 482 2786 praeda
500 2705 588 2772 omni
608 2705 654 2771 ita
672 2705 736 2772 sibi
753 2706 968 2786 vindicanda,
990 2721 1029 2772 ut
1049 2706 1133 2772 nihil
1154 2707 1188 2771 in
1211 2707 1408 2789 praetorium
1431 2707 1536 2774 defer-

363 2830 436 2882 rent
458 2817 494 2896 ³‚
531 2832 644 2884 contra
676 2837 819 2884 morem:
854 2817 908 2883 cui
939 2837 1007 2884 uon
1041 2817 1200 2884 dissimile
1243 2818 1336 2900 quod
1367 2818 1535 2886 Hebraeos

365 2946 538 3010 usurpasse
567 2929 740 3009 videmus,
770 2943 808 2994 ut
836 2928 918 2994 victi
939 2929 1024 3012 regis
1053 2948 1174 2994 corona
1196 2929 1265 3013 regi
1288 2929 1407 2995 victori
1432 2931 1536 3012 impo-

364 3053 498 3105 neretur
520 3039 542 3104 ⁸.
587 3039 631 3103 Et
661 3059 736 3104 cum
768 3041 909 3105 Carolus
940 3039 1084 3124 Magnus
1115 3040 1292 3124 Hungaros
1314 3038 1449 3108 vicisset
1470 3041 1537 3122 pri·

363 3162 459 3213 votae
491 3168 569 3230 opes
602 3149 722 3230 militi,
755 3150 864 3234 regiae
892 3149 1014 3215 aerario
1047 3165 1229 3217 cesserunt.
1276 3149 1341 3216 Sed
1370 3151 1475 3216 veteri
1501 3172 1536 3217 re

364 3256 511 3324 Romana
534 3278 573 3324 ne
594 3261 657 3326 hoc
682 3260 815 3343 quidem
838 3275 1006 3344 receptum
1029 3260 1150 3343 fuisse,
1176 3260 1268 3327 utin
1292 3262 1534 3346 expugnatione
1576 3295 1577 3298 ¹

365 3370 483 3451 praeda
511 3369 607 3436 militi
640 3371 790 3453 cederet,
824 3371 1037 3454 apertissimis
1070 3371 1111 3438 L.
1138 3373 1271 3438 Aemilii
1293 3373 1381 3456 apud
1403 3373 1536 3439 Livium

365 3479 483 3546 verbis·
508 3481 711 3549 ostendimus
731 3485 754 3549 ⁸.
800 3483 866 3548 Sed
895 3502 962 3548 non
995 3481 1112 3550 dubito
1140 3483 1221 3566 quin
1241 3484 1298 3565 id,
1323 3485 1415 3567 quod
1439 3483 1538 3551 bene-

364 3590 432 3655 ficii
454 3589 657 3673 imperatoris
682 3612 751 3659 esse
772 3595 838 3678 jam
862 3609 1010 3676 ceperat,
1033 3616 1090 3678 per
1103 3595 1252 3660 civilium
1264 3596 1425 3662 bellorum
1437 3595 1537 3661 licen-

365 3701 467 3784 tiam,
489 3723 573 3784 quae
590 3703 688 3769 militi
709 3706 785 3787 plus
808 3725 905 3787 quam
927 3704 1069 3772 ducibus
1090 3706 1267 3789 permittit,
1290 3706 1323 3770 in
1345 3706 1537 3772 contrariam

365 3813 636 3881 consuetudinem
666 3816 812 3882 verterit.
866 3816 956 3882 Ecce
985 3815 1046 3881 tibi
1079 3816 1209 3882 initium
1236 3837 1254 3882 a
1286 3817 1445 3896 Caesare,
1479 3817 1537 3898 qui

366 3938 442 4006 post
473 3923 689 3992 Pharsalicam
721 3946 887 4012 pugnam,
920 3945 993 3992 cum
1020 3917 1124 3994 castra
1149 3925 1297 4013 Pompeji
1329 3928 1419 3994 daret
1441 3927 1537 3992 militi

366 4033 547 4118 diripienda
569 4037 680 4103 addit:

403 4279 503 4330 ¹Arias
527 4295 551 4329 n.
580 4282 637 4332 162.
661 4284 724 4330 Bell.
749 4297 776 4344 p.
802 4297 825 4332 2.
848 4295 867 4332 t.
886 4285 924 4332 18.
942 4295 967 4332 n.
986 4295 1010 4340 ³·
1028 4294 1052 4332 et
1072 4298 1096 4346 4.
1114 4285 1235 4334 Wesenb.
1253 4284 1323 4346 ad§.
1341 4285 1403 4334 item
1421 4299 1538 4346 eaquae.

366 4375 426 4423 inst.
445 4373 476 4423 de
494 4385 542 4421 rer.
561 4373 620 4426 div..
636 4371 667 4436 [1.
685 4387 710 4422 a.
730 4386 751 4421 ι.
769 4378 791 4432 ς.
813 4372 864 4437 17·]
883 4375 951 4422 Don.
971 4375 1070 4422 Corum.
1088 4375 1105 4422 l.
1124 4387 1149 4436 4.
1168 4388 1191 4422 c.
1209 4388 1249 4422 ar.
1268 4375 1330 4424 silv.
1345 4375 1372 4424 in
1390 4391 1416 4425 u.
1433 4377 1539 4426 Bellum.

366 4462 393 4511 in
413 4462 496 4523 princ.
512 4475 544 4512 ex
559 4464 671 4512 Rosella.
709 4460 754 4512 ²1.
780 4476 804 4520 a.
827 4461 863 4528 [c.
882 4462 935 4527 28.]
972 4461 1066 4514 ’Plun
1083 4465 1217 4525 Apoplnh.
1237 4465 1274 4528 [p.
1296 4468 1351 4514 180.
1373 4465 1412 4530 lu]
1448 4466 1540 4514 ⁴sam.

366 4565 391 4599 a.
411 4565 449 4600 ra.
467 4565 505 4600 vs.
525 4565 565 4608 30.
599 4553 668 4602 ‘Ad
686 4566 732 4602 art.
752 4567 775 4601 a.
795 4568 821 4615 p.
842 4567 863 4603 r.
881 4557 931 4603 hoc
949 4555 1041 4615 capite.
