3530 5656
540 597 588 646 DE
609 599 703 669 JURE
730 599 911 648 PRAEDAE.
937 600 1017 648 CAP.
1042 600 1108 648 v11.
1358 598 1396 661 71

230 774 387 834 oausam,
409 773 471 838 quo
490 755 596 820 vitam
618 769 749 820 autres
769 753 949 838 defendunt
972 767 1033 818 aut
1053 767 1285 839 recuperatum
1304 767 1399 832 cunt,

231 865 306 934 idve
337 863 426 950 quod
454 863 593 930 debetur
620 879 682 929 aut
700 881 823 951 poenas
845 861 1001 947 maleficii
1021 878 1191 949 expetunt.
1225 864 1299 930 Hoc
1322 883 1400 930 con-

233 976 350 1042 stituto
381 974 476 1041 facile
500 990 533 1040 et
553 976 652 1040 altera
672 975 820 1058 quaestio
842 974 1066 1058 explicabitur.
1112 975 1205 1040 Solet
1227 975 1311 1040 enirn
1335 995 1402 1040 ma-

233 1087 332 1152 teriae
362 1089 437 1152 loeo
469 1084 591 1152 censeri
624 1086 719 1152 etiam
755 1087 788 1152 id
819 1083 911 1167 quod
943 1085 1064 1178 actioni
1086 1083 1207 1166 cuique
1230 1085 1401 1170 subjacet,

232 1197 304 1264 sive
325 1196 359 1262 id
379 1197 471 1278 quod
490 1196 631 1280 patitur:
655 1196 749 1262 utin
772 1198 860 1262 bello
883 1197 911 1262 is
934 1196 968 1261 in
991 1215 1088 1277 quem
1111 1196 1232 1260 bellum
1256 1195 1402 1280 geritur,

234 1310 298 1374 hoc
317 1321 366 1374 est
393 1307 521 1386 hostis,
545 1325 743 1388 quamquam
766 1307 800 1372 id
822 1308 1020 1373 vocabulum
1048 1325 1116 1372 non
1135 1305 1244 1372 minus
1265 1306 1403 1372 actionis

235 1439 332 1502 quam
361 1416 522 1501 passionis
552 1416 771 1500 significatum
805 1418 915 1486 habet.
962 1417 1056 1484 Sicut
1086 1431 1193 1485 autem
1214 1417 1404 1483 naturaliter

235 1549 308 1596 cum
333 1547 430 1613 agens
452 1526 519 1612 agit
538 1527 572 1593 vi
593 1529 733 1610 caloris,
761 1529 912 1610 sequitur
935 1528 969 1594 id
991 1530 1081 1611 quol
1101 1528 1225 1612 patitur
1246 1527 1403 1612 frigidum

236 1659 305 1706 esse
326 1637 361 1721 ¹,
395 1639 442 1703 ita
468 1658 542 1704 cum
573 1653 725 1722 appareat
754 1660 827 1705 eum
860 1639 917 1722 qui
944 1640 1070 1724 justum
1105 1653 1193 1724 gerat
1226 1639 1349 1704 bellum
1369 1637 1405 1704 vi

233 1751 317 1834 juris
349 1769 460 1834 agere,
492 1769 626 1816 necesse
657 1765 707 1817 est
726 1751 891 1817 contrario
920 1753 1018 1832 modo
1041 1749 1193 1816 affectum
1216 1768 1285 1816 esse
1307 1769 1405 1830 eum,

236 1862 294 1943 qui
323 1861 444 1926 bellum
474 1861 600 1945 justum
630 1860 781 1943 patiatur.
828 1861 1054 1945 Opposuimus
1086 1875 1193 1927 autern
1223 1860 1290 1944 iuri
1320 1859 1407 1945 inju-

235 1971 313 2037 riam
334 1975 359 2039 2.
402 1971 497 2056 Juste
525 1970 626 2056 igitur
656 1972 776 2038 bellurn
800 1971 828 2038 is
851 1973 980 2038 demum
1003 1973 1149 2055 patitur,
1173 1972 1232 2054 qui
1255 1971 1406 2056 injuriam

235 2081 313 2149 facit
333 2082 356 2149 ³.
398 2082 606 2167 Augustinus
627 2086 657 2146 ⁴:
683 2084 852 2169 Iniquitas
872 2088 988 2168 partis
1018 2083 1178 2152 adversar
1197 2085 1297 2168 justa
1320 2081 1407 2148 bella

235 2197 374 2281 ingerit.
430 2195 517 2260 Cum
544 2213 612 2276 quo
638 2194 804 2260 consentit
822 2194 906 2260 illud
923 2194 1047 2260 Leonis
1065 2193 1291 2276 Imperatoris:
1314 2198 1328 2262 i
1348 2197 1408 2278 γὰρ

234 2316 293 2380 τοῖς
315 2309 489 2385 ,ἀδικήσασιν
518 2307 769 2387 &ruminarem
792 2305 869 2382 οὗτος
892 2309 996 2381 δίκαιος
1026 2307 1115 2374 ἐστίν.
1162 2305 1255 2369 Nam
1278 2307 1337 2389 qui
1359 2323 1408 2368 eos

241 2417 300 2498 qui
312 2439 315 2446 ¹
331 2413 495 2498 injuriam
520 2414 634 2498 fecere
668 2413 845 2480 ulciscitur
864 2415 981 2500 justus
1011 2428 1069 2480 est.
1115 2413 1282 2499 Theologi
1312 2414 1408 2480 etiarn

238 2542 299 2589 suo
332 2523 488 2604 loquendi
519 2525 618 2589 modo
639 2522 669 2588 ἰ
693 2525 832 2590 Patitur
851 2523 1044 2612 dispositum
1068 2524 1116 2591 ad
1143 2524 1261 2590 bellum
1282 2539 1329 2592 est
1354 2546 1410 2590 no·

237 2633 305 2698 lens
339 2632 548 2716 satisfacere.
608 2632 673 2698 Sed
707 2635 786 2700 haec
819 2655 893 2718 pars
921 2649 960 2702 ut
980 2636 1136 2702 subtilius
1159 2636 1337 2718 explicetur
1360 2635 1410 2701 in·

234 2743 339 2828 iuriae
375 2743 622 2826 explicationem
659 2744 806 2827 requirit.
852 2745 975 2830 lnjuria
1007 2745 1107 2830 igitur
1138 2746 1194 2812 illa
1227 2766 1311 2828 quae
1341 2745 1490 2830 jurium
1505 2769 1542 2838 ιι

238 2853 418 2937 opponitur
437 2868 502 2920 tres
524 2856 624 2921 habet
641 2855 922 2940 significationes,
945 2874 1027 2939 quas
1050 2857 1169 2922 Graeci
1192 2856 1328 2923 totidem
1350 2825 1536 2923 v0-⁶'''⁰”⁰'

236 2965 361 3031 tabulis
392 2964 618 3050 distinguunt:
651 2967 744 3049 quod
775 2987 841 3032 non
876 2987 915 3032 ex
941 2968 1148 3052 philosophis
1170 2967 1268 3033 modo
1291 2967 1348 3034 sed
1370 2987 1410 3032 ex

236 3075 383 3159 Ulpiano
414 3075 510 3142 etiam
553 3092 585 3142 et
616 3077 807 3161 Theophilo
839 3077 980 3163 intelligi
1013 3093 1122 3162 potest
1140 3076 1166 3144 ⁸.
1221 3077 1410 3159 Eademque

237 3187 406 3254 distinctio
427 3188 511 3253 clare
538 3188 626 3270 apud
655 3188 875 3256 Themistium
900 3189 935 3256 in
958 3190 1104 3256 oratione
1125 3189 1167 3256 ad
1183 3191 1354 3256 Valentem
1379 3203 1412 3254 et

238 3298 326 3381 apud
347 3297 533 3366 Diodorum
554 3297 616 3364 ⁷in
628 3298 769 3384 Gylippi
793 3299 903 3366 verbis
925 3300 1094 3384 repetitur.
1139 3300 1283 3366 Primum
1307 3314 1356 3366 est
1377 3303 1410 3368 ri

238 3411 352 3484 ἄδικοι,
376 3410 555 3476 secundum
577 3415 728 3493 ιὶδιιιιιμιι,
760 3413 856 3497 cujus
878 3425 956 3478 sunt
977 3412 1104 3495 species
1127 3413 1207 3496 ὕβρις
1228 3415 1278 3480 καὶ
1299 3413 1410 3496 ζημία,

240 3519 371 3606 tertium
406 3523 517 3590 ιὶδικίιι.
572 3521 696 3587 Hierax
729 3522 951 3605 Philosophus
985 3522 1018 3588 in
1052 3523 1137 3588 libro
1171 3521 1210 3588 de
1240 3521 1369 3607 justitia
1398 3516 1410 3553 ⁸

240 3632 410 3698 commode
439 3632 518 3696 haec
552 3631 706 3698 discernit
738 3653 810 3698 cum
842 3633 922 3699 dicit
944 3634 1084 3716 primum
1107 3653 1177 3700 esse
1199 3636 1411 3715 ιὶιιιιέιιεσμιι.

241 3743 418 3808 secundum
438 3746 561 3826 πρᾶξιν,
597 3743 728 3808 tertium
749 3745 825 3826 ἕξιν,
849 3745 912 3809 hoc
932 3759 1005 3824 est,
1028 3763 1135 3826 opus,
1159 3743 1342 3822 actionem,
1365 3739 1412 3805 af·

238 3850 436 3932 sectionem,
461 3853 627 3934 quomodo
651 3853 806 3919 differunt
828 3854 976 3936 pictura,
1004 3854 1106 3937 pictio
1128 3869 1161 3918 et
1181 3874 1234 3919 ars
1246 3852 1412 3936 pingendi.

274 4134 379 4183 ¹Arist.
395 4136 426 4184 de
441 4149 498 4195 gen.
514 4146 538 4183 et
556 4149 621 4184 corr.
636 4139 654 4184 l.
674 4149 695 4184 1.
711 4150 734 4184 c.
752 4149 776 4195 7.
795 4138 833 4199 [p.
852 4150 908 4198 324.
928 4151 948 4185 1.
965 4151 1003 4186 vs.
1020 4137 1057 4202 5.]
1088 4135 1141 4185 ²in
1157 4135 1244 4185 finec.
1260 4150 1283 4184 ι.
1317 4134 1413 4190 ’Vict

239 4236 264 4271 n.
288 4236 326 4280 ιι.
350 4221 396 4288 [de
417 4223 473 4283 jure
487 4223 569 4291 belli]
604 4225 615 4259 ⁴
632 4228 663 4276 de
684 4226 756 4276 civit.
773 4230 792 4276 l.
806 4242 830 4290 4.
864 4227 876 4260 ⁸
893 4225 973 4285 Caiet.
988 4229 1020 4276 ad
1041 4241 1130 4277 summ.
1147 4227 1237 4275 Thom.
1252 4240 1276 4275 a.
1292 4239 1315 4273 2.
1331 4239 1356 4285 q.
1370 4238 1412 4286 40.

239 4323 284 4360 art.
303 4325 323 4362 1.
357 4314 463 4364 ‘Arist
487 4318 518 4365 de
542 4330 606 4366 mor.
628 4319 659 4367 ad
680 4317 782 4366 Nicom.
808 4321 825 4366 l.
851 4331 875 4375 5.
896 4332 918 4366 c.
937 4333 975 4367 ιο.
993 4330 1018 4367 et
1034 4331 1072 4366 11.
1090 4317 1128 4382 [p.
1149 4329 1220 4374 11³5·
1239 4331 1260 4365 1.
1276 4329 1314 4364 vs.
1331 4315 1367 4378 8.]
1387 4326 1412 4362 ct

240 4404 316 4451 Rhet.
337 4406 355 4452 l.
381 4419 402 4453 1.
426 4420 450 4454 c.
473 4419 510 4464 1³·
530 4408 568 4470 [p.
584 4421 656 4467 1³7³·
673 4422 696 4456 a.
714 4421 751 4458 vs.
771 4410 804 4471 ι.]
824 4411 840 4457 l.
858 4423 879 4458 1.
895 4410 922 4457 ff.
941 4411 971 4458 de
988 4408 1087 4466 injuriis
1108 4406 1278 4473 [D.47.10.]
1299 4406 1361 4456 Inst.
1376 4405 1412 4455 lbi

240 4493 267 4540 in
278 4507 317 4553 pr.
338 4493 369 4557 [l.
386 4509 410 4556 4.
426 4495 462 4558 4.]
492 4493 503 4530 ἵ
519 4498 639 4549 Biblioth.
655 4501 744 4548 histor.
760 4503 776 4548 l.
795 4514 833 4559 13.
844 4501 879 4562 [c.
891 4501 943 4564 ao]
971 4501 982 4533 ⁸
1001 4501 1053 4563 [ap.
1065 4501 1134 4548 Stob.
1144 4499 1170 4548 in
1180 4499 1254 4548 floril.
1265 4501 1281 4546 l.
1290 4513 1314 4560 9.
1323 4512 1348 4546 n.
1359 4498 1413 4564 58·]
