3536 5692
477 678 523 722 nn
548 678 641 742 June
667 678 849 724 rannone·
873 679 953 724 cae.
979 678 1051 723 x1v.
1305 674 1368 741 305
1403 658 1405 668 ’

103 893 114 912 ,
187 833 323 917 jurium
347 844 416 895 tum
440 846 486 896 est
509 835 545 895 io
570 835 674 911 uitio,
699 853 797 916 quom
822 831 880 895 ille
903 835 961 917 qui
976 831 1081 914 facit.
1128 831 1172 895 Et
1195 831 1281 896 sicut
1305 832 1367 896 hoc

198 943 237 1008 de
249 944 358 1022 socio,
373 942 417 1007 ita
429 943 468 1008 de
492 943 595 1025 patria
618 944 785 1008 luculenta
809 957 886 1007 sunt
909 943 968 1007 ista
982 941 1088 1008 Tullii
1105 947 1112 979 ¹
1127 942 1160 1006 in
1175 942 1368 1008 Catilinam:

199 1054 237 1118 Si
259 1076 314 1118 uos
338 1060 373 1119 iu
397 1055 667 1135 bisbomiuibus,
693 1058 751 1138 qui
773 1053 924 1140 singulus
949 1055 1368 1138 uuiuscujusqueuostrum

199 1165 306 1230 domos
329 1179 360 1229 et
385 1168 441 1229 boc
467 1169 657 1233 uniuersum
682 1165 884 1250 reipublicae
907 1165 1108 1230 domicilium
1131 1165 1238 1230 delere
1258 1169 1371 1230 comati

199 1289 300 1357 suut,
325 1278 598 1342 uehementissimi
611 1276 806 1359 fuerimus,
831 1276 1058 1341 misericordes
1078 1277 1296 1341 habebimur:
1321 1280 1372 1341 siu

203 1391 403 1452 remissiores
438 1409 501 1452 esse
534 1387 760 1469 uoluerimus,
786 1409 930 1451 summae
964 1388 1054 1452 uobis
1087 1387 1303 1453 crudelitatis
1337 1391 1372 1452 ira

199 1503 339 1584 petride
360 1502 547 1583 ciuiumque
563 1502 745 1582 peruiciem
751 1498 1034 1581 fororesubeuudu
1046 1513 1102 1563 est.
1127 1498 1372 1582 EtAugustino

202 1610 313 1693 judice
337 1611 399 1674 hoc
424 1609 483 1690 qui
506 1608 605 1689 facit,
629 1630 704 1675 reus
728 1624 777 1676 est
800 1609 926 1692 imperii
949 1610 1067 1676 deserti
1088 1625 1186 1691 atque
1207 1609 1373 1675 contemti,

203 1723 347 1806 Itaque,
381 1722 519 1806 subjicit
538 1724 573 1802 ²,
607 1721 692 1786 uude
719 1725 868 1804 punitur
900 1725 929 1785 si
956 1721 1081 1804 fecerit
1105 1723 1274 1806 injussus,
1298 1721 1375 1787 iude

197 1837 362 1918 punietur
382 1838 411 1896 si
429 1855 492 1897 nou
505 1833 630 1916 feeerit
641 1834 769 1916 jussus.
807 1834 924 1898 Altero
943 1835 1017 1898 loco
1038 1833 1256 1916 inspiciendae
1276 1847 1374 1913 sunt,

203 1958 239 2008 ut
271 1943 363 2025 dixi,
387 1964 562 2026 personae,
586 1964 670 2024 quae
701 1943 827 2025 priores
860 1959 1056 2010 nocuerunt.
1103 1945 1189 2010 Nam
1220 1945 1248 2009 si
1271 1945 1376 2026 liquet

207 2075 259 2121 eas
291 2055 425 2148 lenitate
456 2075 522 2121 non
556 2055 697 2139 corrigi,
730 2055 757 2120 si
793 2074 827 2121 ea
853 2071 931 2122 sunt
955 2051 1052 2121 animi
1076 2056 1282 2138 pervicacia,
1316 2071 1375 2137 ut,

204 2167 295 2248 quod
320 2167 353 2232 in
376 2168 476 2232 mimo
501 2181 570 2246 est,

374 2278 523 2342 Veterem
548 2277 691 2361 fereudo
725 2279 889 2362 injurium
922 2283 1043 2344 inrides
1075 2298 1215 2359 uorum,

208 2389 290 2454 ultio
316 2409 393 2454 sane
412 2389 463 2454 sui
484 2389 620 2453 honesta
642 2403 706 2470 est,
728 2388 806 2470 quia
824 2389 1015 2454 necessaria.
1062 2389 1099 2453 In
1125 2409 1221 2470 quam
1247 2404 1375 2455 senten-

204 2501 281 2564 tiam
296 2500 647 2583 Thucydides³multa
672 2502 831 2582 praeclare
856 2500 963 2580 dixit,
989 2515 1021 2565 et
1042 2501 1126 2564 inter
1147 2516 1269 2565 caetera
1294 2501 1376 2566 iilud

204 2611 238 2676 in
253 2611 388 2677 Cleonis
401 2611 558 2677 concione
571 2612 753 2694 sapienter,
776 2611 998 2677 misericordia
1020 2627 1052 2677 et
1074 2611 1207 2677 lenitate
1232 2633 1373 2694 aequum

206 2743 274 2789 esse
298 2723 331 2787 in
355 2723 430 2789 iilos
454 2723 524 2803 uti,
545 2723 603 2805 qui
627 2738 659 2787 et
681 2723 745 2805 ipsi
765 2723 910 2789 vicissim
931 2723 1153 2788 misericordia
1174 2739 1373 2804 moventur,

204 2849 261 2900 aut
277 2854 363 2916 quos
378 2855 452 2917 spes
474 2850 522 2902 est
539 2856 575 2900 ea
596 2837 687 2928 read
708 2835 880 2900 amicitiam
898 2835 1041 2918 pertrahi
1059 2854 1176 2918 posse,
1197 2855 1263 2899 non
1278 2819 1374 2900 etiam

205 2945 237 3009 in
262 2947 346 3025 hos,
367 2946 490 3028 quibus
510 2961 666 3028 perpetua
688 2947 755 3013 odii
778 2966 874 3012 causa
897 2961 969 3027 est,
991 2947 1137 3028 quique,
1156 2946 1182 3012 si
1201 2945 1280 3028 ipsis
1299 2967 1372 3029 par-

205 3072 318 3136 catur,
338 3077 403 3122 non
428 3077 466 3122 eo
489 3057 591 3141 magis
612 3059 724 3124 hostes
749 3078 819 3124 esse
844 3058 1003 3123 desinent.
1050 3057 1120 3144 Qui
1145 3072 1176 3122 et
1199 3057 1276 3122 alibi
1296 3057 1306 3092 ⁴
1327 3058 1376 3122 in-

206 3170 335 3249 culcat,
359 3168 442 3234 nihil
473 3169 562 3236 hosti
585 3170 855 3249 concedendum,
880 3190 920 3234 ne
948 3190 982 3234 se
1001 3170 1102 3253 jactet
1126 3151 1322 3235 insolentius
1347 3183 1378 3235 et

205 3282 344 3346 oblatam
358 3281 419 3346 sibi
444 3281 582 3365 gaudeat
602 3282 807 3347 occasionem
833 3281 935 3346 aliena
957 3281 1102 3346 bonitate
1122 3281 1286 3347 abutendi.
1311 3283 1378 3346 Ac·

206 3392 293 3458 cedit
317 3393 408 3474 quod
432 3392 654 3458 existimamur
678 3392 881 3461 infirmitatis
904 3393 1017 3476 potius
1040 3408 1169 3460 nostrae
1182 3394 1380 3460 conscientia

205 3504 358 3568 hostibus
378 3504 551 3571 obstinatis
571 3505 780 3587 pepercisse,
802 3526 898 3586 quam
915 3505 1006 3587 quod
1020 3505 1146 3570 veniam
1160 3508 1249 3570 ultro
1261 3504 1381 3571 iacere-

206 3636 301 3698 mus,
336 3631 367 3680 et
390 3617 434 3680 ita
466 3617 614 3682 affectata
647 3617 791 3682 lenitatis
819 3615 902 3682 fama
937 3617 969 3681 in
995 3632 1195 3682 contemtum
1220 3617 1379 3682 vertitur:

207 3728 292 3792 unde
326 3727 413 3808 apud
448 3728 672 3794 Herodianum
708 3728 868 3794 Severus:
903 3729 992 3812 ὥςπερ
1026 3733 1055 3796 δὲ
1088 3730 1182 3797 ἄδικον
1214 3732 1247 3798 rb
1280 3730 1380 3813 ἄρχειν

192 3842 292 3923 ,ἔργων
334 3849 472 3922 πονηρῶν,
516 3841 602 3914 odrae
644 3840 774 3922 ἄνανδρον
804 3843 837 3906 τὸ
869 3844 910 3921 μὴ
943 3842 1102 3921 duricordes
1137 3843 1380 3922 orpoubsuosluevor.

211 3950 320 4015 Sicuti
340 3952 501 4035 injustum
522 3963 568 4013 est
579 3950 683 4033 fecto
703 3953 805 4013 noxio
821 3953 970 4035 priorem
991 3954 1149 4034 coepisse,
1174 3955 1226 4014 itu
1256 3949 1383 4014 imbelle

215 4083 278 4126 ooo
303 4063 419 4126 ulcisci
442 4061 561 4125 illotus
586 4063 749 4145 injurios.
797 4059 911 4147 Quid,
947 4059 974 4124 si
998 4075 1031 4124 et
1053 4060 1222 4144 ipsorum,
1247 4060 1305 4142 qui
1329 4060 1383 4125 de·

210 4301 392 4309 -ν-

250 4449 257 4479 ¹
279 4448 306 4494 in
325 4447 401 4495 Catil.
417 4462 441 4508 4.
463 4447 497 4510 [c.
516 4449 540 4495 6.
559 4451 580 4504 ξ.
602 4447 652 4508 12.]
689 4444 699 4478 ⁹
717 4449 747 4496 de
769 4445 841 4496 civit.
857 4446 914 4494 Dei.
933 4446 977 4493 lib.
996 4459 1055 4494 1.c.
1072 4446 1111 4494 26.
1147 4444 1157 4477 ³
1174 4445 1218 4493 lib.
1235 4457 1258 4502 3.
1279 4444 1313 4509 [c.
1330 4445 1383 4510 4o.]

210 4537 221 4568 ⁴
245 4539 360 4598 Thucyd.
379 4538 424 4586 lib.
445 4551 468 4594 5.
487 4538 512 4585 in
531 4541 593 4586 coll,
611 4541 669 4586 nth.
686 4549 710 4586 et
725 4540 788 4587 Mel.
808 4537 844 4601 [c.
859 4551 899 4601 95.
915 4549 940 4586 et
957 4551 978 4586 c.
991 4538 1044 4600 97.]

1215 4648 1255 4692 20
