<?xml version="1.0" encoding="UTF-8"?>
<!DOCTYPE html PUBLIC "-//W3C//DTD XHTML 1.0 Transitional//EN"
    "http://www.w3.org/TR/xhtml1/DTD/xhtml1-transitional.dtd">
<html xmlns="http://www.w3.org/1999/xhtml" xml:lang="en" lang="en">
 <head>
  <title>
</title>
<meta http-equiv="Content-Type" content="text/html;charset=utf-8" />
  <meta name='ocr-system' content='tesseract 3.04.00' />
  <meta name='ocr-capabilities' content='ocr_page ocr_carea ocr_par ocr_line ocrx_word'/>
</head>
<body>
  <div class='ocr_page' id='page_1' title='image "./ledroitdeprised00hamagoog_0207.png"; bbox 0 0 3546 5654; ppageno 0'>
   <div class='ocr_carea' id='block_1_1' title="bbox 543 640 1406 716">
    <p class='ocr_par' dir='ltr' id='par_1_1' title="bbox 543 640 1406 716">
     <span class='ocr_line' id='line_1_1' title="bbox 543 640 1406 716; baseline 0.013 -28"><span class='ocrx_word' id='word_1_1' title='bbox 543 643 594 688; x_wconf 80' lang='lat' dir='ltr'>ne·</span> <span class='ocrx_word' id='word_1_2' title='bbox 613 643 707 709; x_wconf 76' lang='lat' dir='ltr'>June</span> <span class='ocrx_word' id='word_1_3' title='bbox 729 644 916 690; x_wconf 71' lang='lat' dir='ltr'>-uuneunm</span> <span class='ocrx_word' id='word_1_4' title='bbox 942 645 1020 692; x_wconf 80' lang='lat' dir='ltr'>cnr.</span> <span class='ocrx_word' id='word_1_5' title='bbox 1046 648 1095 692; x_wconf 89' lang='lat' dir='ltr'>xr.</span> <span class='ocrx_word' id='word_1_6' title='bbox 1345 640 1406 716; x_wconf 84' lang='lat'>185</span> 
     </span>
    </p>
   </div>
   <div class='ocr_carea' id='block_1_2' title="bbox 158 795 1561 4545">
    <p class='ocr_par' dir='ltr' id='par_1_2' title="bbox 233 795 1548 2653">
     <span class='ocr_line' id='line_1_2' title="bbox 236 795 1406 886; baseline 0.004 -19"><span class='ocrx_word' id='word_1_7' title='bbox 236 800 396 882; x_wconf 84' lang='lat' dir='ltr'>falsisque</span> <span class='ocrx_word' id='word_1_8' title='bbox 427 795 734 877; x_wconf 83' lang='lat' dir='ltr'>criminationibus,</span> <span class='ocrx_word' id='word_1_9' title='bbox 768 812 806 862; x_wconf 94' lang='lat' dir='ltr'>ut</span> <span class='ocrx_word' id='word_1_10' title='bbox 833 817 890 863; x_wconf 87' lang='lat' dir='ltr'>rex</span> <span class='ocrx_word' id='word_1_11' title='bbox 913 799 981 881; x_wconf 89' lang='lat' dir='ltr'>ipse</span> <span class='ocrx_word' id='word_1_12' title='bbox 1003 815 1116 883; x_wconf 89' lang='lat' dir='ltr'>postea</span> <span class='ocrx_word' id='word_1_13' title='bbox 1137 801 1311 870; x_wconf 88' lang='lat' dir='ltr'>confessus</span> <span class='ocrx_word' id='word_1_14' title='bbox 1333 821 1406 886; x_wconf 92' lang='lat' dir='ltr'>est,</span> 
     </span>
     <span class='ocr_line' id='line_1_3' title="bbox 236 907 1407 998; baseline 0.004 -20"><span class='ocrx_word' id='word_1_15' title='bbox 236 932 309 978; x_wconf 92' lang='lat' dir='ltr'>cum</span> <span class='ocrx_word' id='word_1_16' title='bbox 342 910 482 976; x_wconf 89' lang='lat' dir='ltr'>navibus</span> <span class='ocrx_word' id='word_1_17' title='bbox 513 907 647 973; x_wconf 82' lang='lat' dir='ltr'>insidias</span> <span class='ocrx_word' id='word_1_18' title='bbox 678 907 890 991; x_wconf 86' lang='lat' dir='ltr'>posuissent,</span> <span class='ocrx_word' id='word_1_19' title='bbox 925 909 1044 994; x_wconf 87' lang='lat' dir='ltr'>viginti</span> <span class='ocrx_word' id='word_1_20' title='bbox 1073 926 1130 976; x_wconf 88' lang='lat' dir='ltr'>aut</span> <span class='ocrx_word' id='word_1_21' title='bbox 1158 915 1258 994; x_wconf 89' lang='lat' dir='ltr'>paulo</span> <span class='ocrx_word' id='word_1_22' title='bbox 1294 918 1407 998; x_wconf 90' lang='lat' dir='ltr'>plures</span> 
     </span>
     <span class='ocr_line' id='line_1_4' title="bbox 235 1019 1407 1105; baseline 0.003 -17"><span class='ocrx_word' id='word_1_23' title='bbox 235 1023 386 1088; x_wconf 88' lang='lat' dir='ltr'>homines</span> <span class='ocrx_word' id='word_1_24' title='bbox 422 1021 563 1085; x_wconf 88' lang='lat' dir='ltr'>Batavos</span> <span class='ocrx_word' id='word_1_25' title='bbox 594 1019 812 1100; x_wconf 89' lang='lat' dir='ltr'>deprehensos</span> <span class='ocrx_word' id='word_1_26' title='bbox 841 1020 1086 1104; x_wconf 90' lang='lat' dir='ltr'>confoderunt,</span> <span class='ocrx_word' id='word_1_27' title='bbox 1118 1023 1289 1105; x_wconf 88' lang='lat' dir='ltr'>duodecim</span> <span class='ocrx_word' id='word_1_28' title='bbox 1323 1028 1407 1093; x_wconf 89' lang='lat' dir='ltr'>alios</span> 
     </span>
     <span class='ocr_line' id='line_1_5' title="bbox 234 1129 1406 1230; baseline 0.003 -30"><span class='ocrx_word' id='word_1_29' title='bbox 234 1148 397 1201; x_wconf 89' lang='lat' dir='ltr'>venenato</span> <span class='ocrx_word' id='word_1_30' title='bbox 430 1131 512 1196; x_wconf 90' lang='lat' dir='ltr'>araci</span> <span class='ocrx_word' id='word_1_31' title='bbox 540 1130 677 1212; x_wconf 84' lang='lat' dir='ltr'>potuim</span> <span class='ocrx_word' id='word_1_32' title='bbox 701 1129 844 1197; x_wconf 89' lang='lat' dir='ltr'>furorem</span> <span class='ocrx_word' id='word_1_33' title='bbox 869 1133 1086 1214; x_wconf 87' lang='lat' dir='ltr'>morbumque</span> <span class='ocrx_word' id='word_1_34' title='bbox 1108 1150 1268 1219; x_wconf 91' lang='lat' dir='ltr'>egerunt,</span> <span class='ocrx_word' id='word_1_35' title='bbox 1293 1153 1406 1230; x_wconf 88' lang='lat' dir='ltr'>captos</span> 
     </span>
     <span class='ocr_line' id='line_1_6' title="bbox 235 1241 1406 1330; baseline 0.004 -20"><span class='ocrx_word' id='word_1_36' title='bbox 235 1244 444 1310; x_wconf 87' lang='lat' dir='ltr'>abduxerunt</span> <span class='ocrx_word' id='word_1_37' title='bbox 475 1260 552 1319; x_wconf 82' lang='lat' dir='ltr'>sert,</span> <span class='ocrx_word' id='word_1_38' title='bbox 584 1260 645 1306; x_wconf 90' lang='lat' dir='ltr'>nec</span> <span class='ocrx_word' id='word_1_39' title='bbox 680 1259 756 1307; x_wconf 88' lang='lat' dir='ltr'>sane</span> <span class='ocrx_word' id='word_1_40' title='bbox 787 1261 827 1306; x_wconf 87' lang='lat' dir='ltr'>ex</span> <span class='ocrx_word' id='word_1_41' title='bbox 851 1241 962 1306; x_wconf 89' lang='lat' dir='ltr'>infima</span> <span class='ocrx_word' id='word_1_42' title='bbox 986 1257 1156 1308; x_wconf 86' lang='lat' dir='ltr'>nautarum</span> <span class='ocrx_word' id='word_1_43' title='bbox 1179 1246 1296 1330; x_wconf 83' lang='lat' dir='ltr'><strong>plebe,</strong></span> <span class='ocrx_word' id='word_1_44' title='bbox 1321 1267 1406 1330; x_wconf 87' lang='lat' dir='ltr'>quos</span> 
     </span>
     <span class='ocr_line' id='line_1_7' title="bbox 233 1351 1548 1438; baseline 0.007 -17"><span class='ocrx_word' id='word_1_45' title='bbox 233 1354 406 1421; x_wconf 88' lang='lat' dir='ltr'>tormentis</span> <span class='ocrx_word' id='word_1_46' title='bbox 425 1352 558 1418; x_wconf 90' lang='lat' dir='ltr'>duobus</span> <span class='ocrx_word' id='word_1_47' title='bbox 576 1365 609 1414; x_wconf 92' lang='lat' dir='ltr'>et</span> <span class='ocrx_word' id='word_1_48' title='bbox 629 1351 794 1417; x_wconf 83' lang='lat' dir='ltr'>mercibus</span> <span class='ocrx_word' id='word_1_49' title='bbox 813 1352 930 1418; x_wconf 87' lang='lat' dir='ltr'>redimi</span> <span class='ocrx_word' id='word_1_50' title='bbox 951 1354 1112 1435; x_wconf 92' lang='lat' dir='ltr'>oportuit.</span> <span class='ocrx_word' id='word_1_51' title='bbox 1160 1354 1278 1438; x_wconf 86' lang='lat' dir='ltr'>Neque</span> <span class='ocrx_word' id='word_1_52' title='bbox 1300 1361 1405 1427; x_wconf 91' lang='lat' dir='ltr'>multo</span> <span class='ocrx_word' id='word_1_53' title='bbox 1418 1385 1487 1430; x_wconf 66' lang='lat' dir='ltr'>Anno</span> <span class='ocrx_word' id='word_1_54' title='bbox 1500 1384 1548 1430; x_wconf 63' lang='lat' dir='ltr'>aar.</span> 
     </span>
     <span class='ocr_line' id='line_1_8' title="bbox 233 1463 1406 1550; baseline 0.004 -19"><span class='ocrx_word' id='word_1_55' title='bbox 233 1482 310 1550; x_wconf 92' lang='lat' dir='ltr'>post</span> <span class='ocrx_word' id='word_1_56' title='bbox 333 1484 405 1530; x_wconf 91' lang='lat' dir='ltr'>eum</span> <span class='ocrx_word' id='word_1_57' title='bbox 424 1464 568 1548; x_wconf 89' lang='lat' dir='ltr'>Jacobus</span> <span class='ocrx_word' id='word_1_58' title='bbox 591 1463 872 1544; x_wconf 88' lang='lat' dir='ltr'>Hemskerekius,</span> <span class='ocrx_word' id='word_1_59' title='bbox 898 1463 925 1528; x_wconf 91' lang='lat' dir='ltr'>is</span> <span class='ocrx_word' id='word_1_60' title='bbox 950 1465 1047 1548; x_wconf 90' lang='lat' dir='ltr'>cujus</span> <span class='ocrx_word' id='word_1_61' title='bbox 1070 1466 1187 1533; x_wconf 90' lang='lat' dir='ltr'>virtuti</span> <span class='ocrx_word' id='word_1_62' title='bbox 1219 1469 1303 1535; x_wconf 90' lang='lat' dir='ltr'>ultio</span> <span class='ocrx_word' id='word_1_63' title='bbox 1326 1471 1406 1536; x_wconf 87' lang='lat' dir='ltr'>hacc</span> 
     </span>
     <span class='ocr_line' id='line_1_9' title="bbox 234 1573 1405 1664; baseline 0.004 -21"><span class='ocrx_word' id='word_1_64' title='bbox 234 1593 267 1644; x_wconf 89' lang='lat' dir='ltr'>et</span> <span class='ocrx_word' id='word_1_65' title='bbox 287 1591 422 1660; x_wconf 89' lang='lat' dir='ltr'>captura</span> <span class='ocrx_word' id='word_1_66' title='bbox 455 1576 611 1652; x_wconf 90' lang='lat' dir='ltr'>debetur,</span> <span class='ocrx_word' id='word_1_67' title='bbox 643 1575 677 1640; x_wconf 92' lang='lat' dir='ltr'>in</span> <span class='ocrx_word' id='word_1_68' title='bbox 711 1573 782 1639; x_wconf 89' lang='lat' dir='ltr'>illas</span> <span class='ocrx_word' id='word_1_69' title='bbox 813 1588 921 1656; x_wconf 89' lang='lat' dir='ltr'>partes</span> <span class='ocrx_word' id='word_1_70' title='bbox 953 1575 1121 1658; x_wconf 89' lang='lat' dir='ltr'>venisset,</span> <span class='ocrx_word' id='word_1_71' title='bbox 1144 1598 1201 1644; x_wconf 85' lang='lat' dir='ltr'>rex</span> <span class='ocrx_word' id='word_1_72' title='bbox 1226 1581 1405 1664; x_wconf 88' lang='lat' dir='ltr'>Dammae,</span> 
     </span>
     <span class='ocr_line' id='line_1_10' title="bbox 234 1683 1404 1775; baseline 0.004 -21"><span class='ocrx_word' id='word_1_73' title='bbox 234 1690 358 1754; x_wconf 88' lang='lat' dir='ltr'>amicus</span> <span class='ocrx_word' id='word_1_74' title='bbox 379 1702 417 1753; x_wconf 93' lang='lat' dir='ltr'>ut</span> <span class='ocrx_word' id='word_1_75' title='bbox 433 1687 473 1752; x_wconf 89' lang='lat' dir='ltr'>ab</span> <span class='ocrx_word' id='word_1_76' title='bbox 497 1686 594 1752; x_wconf 91' lang='lat' dir='ltr'>initio</span> <span class='ocrx_word' id='word_1_77' title='bbox 613 1685 720 1767; x_wconf 92' lang='lat' dir='ltr'>patuit</span> <span class='ocrx_word' id='word_1_78' title='bbox 743 1699 775 1750; x_wconf 90' lang='lat' dir='ltr'>et</span> <span class='ocrx_word' id='word_1_79' title='bbox 797 1683 985 1752; x_wconf 85' lang='lat' dir='ltr'>foederatus</span> <span class='ocrx_word' id='word_1_80' title='bbox 1006 1686 1148 1753; x_wconf 91' lang='lat' dir='ltr'>nationis</span> <span class='ocrx_word' id='word_1_81' title='bbox 1171 1690 1404 1775; x_wconf 88' lang='lat' dir='ltr'>Lusitanicae,</span> 
     </span>
     <span class='ocr_line' id='line_1_11' title="bbox 235 1797 1405 1871; baseline 0.005 -7"><span class='ocrx_word' id='word_1_82' title='bbox 235 1800 340 1865; x_wconf 88' lang='lat' dir='ltr'>officia</span> <span class='ocrx_word' id='word_1_83' title='bbox 374 1819 432 1865; x_wconf 90' lang='lat' dir='ltr'>sua</span> <span class='ocrx_word' id='word_1_84' title='bbox 467 1812 499 1864; x_wconf 92' lang='lat' dir='ltr'>et</span> <span class='ocrx_word' id='word_1_85' title='bbox 529 1797 759 1862; x_wconf 87' lang='lat' dir='ltr'>commercium</span> <span class='ocrx_word' id='word_1_86' title='bbox 793 1800 881 1862; x_wconf 89' lang='lat' dir='ltr'>ultro</span> <span class='ocrx_word' id='word_1_87' title='bbox 911 1798 1052 1864; x_wconf 90' lang='lat' dir='ltr'>obtulit:</span> <span class='ocrx_word' id='word_1_88' title='bbox 1084 1801 1231 1866; x_wconf 86' lang='lat' dir='ltr'>nascitur</span> <span class='ocrx_word' id='word_1_89' title='bbox 1265 1803 1405 1871; x_wconf 92' lang='lat' dir='ltr'>enimin</span> 
     </span>
     <span class='ocr_line' id='line_1_12' title="bbox 235 1906 1405 1996; baseline 0.004 -22"><span class='ocrx_word' id='word_1_90' title='bbox 235 1930 335 1995; x_wconf 90' lang='lat' dir='ltr'>regno</span> <span class='ocrx_word' id='word_1_91' title='bbox 360 1911 430 1994; x_wconf 84' lang='lat' dir='ltr'>ejus</span> <span class='ocrx_word' id='word_1_92' title='bbox 454 1928 569 1994; x_wconf 87' lang='lat' dir='ltr'>magna</span> <span class='ocrx_word' id='word_1_93' title='bbox 589 1907 643 1974; x_wconf 87' lang='lat' dir='ltr'>vis</span> <span class='ocrx_word' id='word_1_94' title='bbox 666 1927 805 1991; x_wconf 89' lang='lat' dir='ltr'>oryzae:</span> <span class='ocrx_word' id='word_1_95' title='bbox 829 1906 887 1973; x_wconf 88' lang='lat' dir='ltr'>sed</span> <span class='ocrx_word' id='word_1_96' title='bbox 909 1929 1021 1992; x_wconf 88' lang='lat' dir='ltr'>caspe</span> <span class='ocrx_word' id='word_1_97' title='bbox 1043 1924 1082 1974; x_wconf 94' lang='lat' dir='ltr'>ut</span> <span class='ocrx_word' id='word_1_98' title='bbox 1101 1930 1200 1976; x_wconf 86' lang='lat' dir='ltr'>naves</span> <span class='ocrx_word' id='word_1_99' title='bbox 1225 1933 1264 1976; x_wconf 82' lang='lat' dir='ltr'>ex</span> <span class='ocrx_word' id='word_1_100' title='bbox 1284 1912 1405 1996; x_wconf 90' lang='lat' dir='ltr'>impro-</span> 
     </span>
     <span class='ocr_line' id='line_1_13' title="bbox 234 2018 1406 2106; baseline 0.003 -19"><span class='ocrx_word' id='word_1_101' title='bbox 234 2023 307 2088; x_wconf 90' lang='lat' dir='ltr'>viso</span> <span class='ocrx_word' id='word_1_102' title='bbox 340 2021 532 2102; x_wconf 90' lang='lat' dir='ltr'>invaderet,</span> <span class='ocrx_word' id='word_1_103' title='bbox 564 2040 648 2102; x_wconf 89' lang='lat' dir='ltr'>quae</span> <span class='ocrx_word' id='word_1_104' title='bbox 679 2033 855 2101; x_wconf 84' lang='lat' dir='ltr'>postquam</span> <span class='ocrx_word' id='word_1_105' title='bbox 885 2018 1026 2100; x_wconf 86' lang='lat' dir='ltr'>fefellit,</span> <span class='ocrx_word' id='word_1_106' title='bbox 1049 2020 1170 2106; x_wconf 90' lang='lat' dir='ltr'>viginti</span> <span class='ocrx_word' id='word_1_107' title='bbox 1194 2024 1343 2092; x_wconf 89' lang='lat' dir='ltr'>homines</span> <span class='ocrx_word' id='word_1_108' title='bbox 1365 2027 1406 2091; x_wconf 89' lang='lat' dir='ltr'>ad</span> 
     </span>
     <span class='ocr_line' id='line_1_14' title="bbox 234 2130 1404 2213; baseline 0.003 -15"><span class='ocrx_word' id='word_1_109' title='bbox 234 2146 409 2198; x_wconf 87' lang='lat' dir='ltr'>mercatum</span> <span class='ocrx_word' id='word_1_110' title='bbox 443 2131 561 2197; x_wconf 88' lang='lat' dir='ltr'>missos</span> <span class='ocrx_word' id='word_1_111' title='bbox 601 2130 745 2196; x_wconf 89' lang='lat' dir='ltr'>detinuit</span> <span class='ocrx_word' id='word_1_112' title='bbox 775 2131 943 2213; x_wconf 87' lang='lat' dir='ltr'>captivos:</span> <span class='ocrx_word' id='word_1_113' title='bbox 978 2150 1118 2212; x_wconf 92' lang='lat' dir='ltr'>quorum</span> <span class='ocrx_word' id='word_1_114' title='bbox 1155 2148 1232 2200; x_wconf 90' lang='lat' dir='ltr'>octo</span> <span class='ocrx_word' id='word_1_115' title='bbox 1267 2135 1404 2202; x_wconf 87' lang='lat' dir='ltr'>redemti</span> 
     </span>
     <span class='ocr_line' id='line_1_15' title="bbox 233 2241 1404 2325; baseline 0.002 -14"><span class='ocrx_word' id='word_1_116' title='bbox 233 2259 330 2311; x_wconf 89' lang='lat' dir='ltr'>sunt:</span> <span class='ocrx_word' id='word_1_117' title='bbox 361 2242 499 2308; x_wconf 89' lang='lat' dir='ltr'>caeteris</span> <span class='ocrx_word' id='word_1_118' title='bbox 530 2262 571 2306; x_wconf 93' lang='lat' dir='ltr'>ne</span> <span class='ocrx_word' id='word_1_119' title='bbox 602 2242 665 2307; x_wconf 85' lang='lat' dir='ltr'>lroc</span> <span class='ocrx_word' id='word_1_120' title='bbox 691 2241 823 2322; x_wconf 88' lang='lat' dir='ltr'>quidem</span> <span class='ocrx_word' id='word_1_121' title='bbox 845 2241 1009 2325; x_wconf 88' lang='lat' dir='ltr'>contigit,</span> <span class='ocrx_word' id='word_1_122' title='bbox 1033 2242 1090 2306; x_wconf 91' lang='lat' dir='ltr'>sed</span> <span class='ocrx_word' id='word_1_123' title='bbox 1114 2257 1152 2308; x_wconf 93' lang='lat' dir='ltr'>ut</span> <span class='ocrx_word' id='word_1_124' title='bbox 1173 2245 1257 2309; x_wconf 87' lang='lat' dir='ltr'>viles</span> <span class='ocrx_word' id='word_1_125' title='bbox 1279 2248 1404 2312; x_wconf 88' lang='lat' dir='ltr'>animae</span> 
     </span>
     <span class='ocr_line' id='line_1_16' title="bbox 233 2351 1404 2436; baseline 0.002 -15"><span class='ocrx_word' id='word_1_126' title='bbox 233 2357 265 2421; x_wconf 89' lang='lat' dir='ltr'>in</span> <span class='ocrx_word' id='word_1_127' title='bbox 299 2373 394 2421; x_wconf 89' lang='lat' dir='ltr'>usum</span> <span class='ocrx_word' id='word_1_128' title='bbox 430 2354 613 2434; x_wconf 90' lang='lat' dir='ltr'>bellorum,</span> <span class='ocrx_word' id='word_1_129' title='bbox 646 2371 730 2433; x_wconf 89' lang='lat' dir='ltr'>quae</span> <span class='ocrx_word' id='word_1_130' title='bbox 760 2365 829 2415; x_wconf 94' lang='lat' dir='ltr'>tum</span> <span class='ocrx_word' id='word_1_131' title='bbox 862 2351 930 2436; x_wconf 91' lang='lat' dir='ltr'>regi</span> <span class='ocrx_word' id='word_1_132' title='bbox 954 2371 1029 2416; x_wconf 93' lang='lat' dir='ltr'>cum</span> <span class='ocrx_word' id='word_1_133' title='bbox 1051 2351 1200 2419; x_wconf 88' lang='lat' dir='ltr'>finitimis</span> <span class='ocrx_word' id='word_1_134' title='bbox 1223 2355 1404 2422; x_wconf 89' lang='lat' dir='ltr'>intercede·</span> 
     </span>
     <span class='ocr_line' id='line_1_17' title="bbox 234 2461 1402 2550; baseline 0.003 -20"><span class='ocrx_word' id='word_1_135' title='bbox 234 2468 334 2546; x_wconf 88' lang='lat' dir='ltr'>bant,</span> <span class='ocrx_word' id='word_1_136' title='bbox 368 2477 598 2547; x_wconf 90' lang='lat' dir='ltr'>seponuntur,</span> <span class='ocrx_word' id='word_1_137' title='bbox 633 2462 665 2526; x_wconf 89' lang='lat' dir='ltr'>in</span> <span class='ocrx_word' id='word_1_138' title='bbox 698 2462 820 2544; x_wconf 90' lang='lat' dir='ltr'>quibus</span> <span class='ocrx_word' id='word_1_139' title='bbox 849 2461 936 2544; x_wconf 91' lang='lat' dir='ltr'>viri,</span> <span class='ocrx_word' id='word_1_140' title='bbox 961 2481 1028 2529; x_wconf 92' lang='lat' dir='ltr'>non</span> <span class='ocrx_word' id='word_1_141' title='bbox 1048 2483 1163 2547; x_wconf 85' lang='lat' dir='ltr'>genere</span> <span class='ocrx_word' id='word_1_142' title='bbox 1182 2466 1284 2550; x_wconf 91' lang='lat' dir='ltr'>magis</span> <span class='ocrx_word' id='word_1_143' title='bbox 1306 2488 1402 2550; x_wconf 91' lang='lat' dir='ltr'>quam</span> 
     </span>
     <span class='ocr_line' id='line_1_18' title="bbox 233 2571 1031 2653; baseline -0.004 -12"><span class='ocrx_word' id='word_1_144' title='bbox 233 2575 418 2642; x_wconf 89' lang='lat' dir='ltr'>eruditione</span> <span class='ocrx_word' id='word_1_145' title='bbox 438 2573 660 2653; x_wconf 89' lang='lat' dir='ltr'>nobilissimi,</span> <span class='ocrx_word' id='word_1_146' title='bbox 684 2573 819 2639; x_wconf 90' lang='lat' dir='ltr'>Dousae</span> <span class='ocrx_word' id='word_1_147' title='bbox 843 2571 932 2638; x_wconf 90' lang='lat' dir='ltr'>filius</span> <span class='ocrx_word' id='word_1_148' title='bbox 954 2572 1031 2638; x_wconf 85' lang='lat' dir='ltr'>fult.</span> 
     </span>
    </p>

    <p class='ocr_par' dir='ltr' id='par_1_3' title="bbox 224 2675 1561 4326">
     <span class='ocr_line' id='line_1_19' title="bbox 275 2675 1560 2769; baseline 0.004 -17"><span class='ocrx_word' id='word_1_149' title='bbox 275 2689 324 2754; x_wconf 92' lang='lat' dir='ltr'>At</span> <span class='ocrx_word' id='word_1_150' title='bbox 350 2705 416 2752; x_wconf 90' lang='lat' dir='ltr'>non</span> <span class='ocrx_word' id='word_1_151' title='bbox 445 2685 539 2750; x_wconf 88' lang='lat' dir='ltr'>etiam</span> <span class='ocrx_word' id='word_1_152' title='bbox 568 2684 687 2750; x_wconf 86' lang='lat' dir='ltr'>sulficit</span> <span class='ocrx_word' id='word_1_153' title='bbox 713 2683 779 2750; x_wconf 90' lang='lat' dir='ltr'>illis</span> <span class='ocrx_word' id='word_1_154' title='bbox 800 2675 967 2749; x_wconf 83' lang='lat' dir='ltr'>mandasse</span> <span class='ocrx_word' id='word_1_155' title='bbox 990 2685 1081 2750; x_wconf 89' lang='lat' dir='ltr'>odia:</span> <span class='ocrx_word' id='word_1_156' title='bbox 1104 2705 1212 2769; x_wconf 85' lang='lat' dir='ltr'>neque</span> <span class='ocrx_word' id='word_1_157' title='bbox 1234 2689 1318 2755; x_wconf 90' lang='lat' dir='ltr'>enim</span> <span class='ocrx_word' id='word_1_158' title='bbox 1338 2707 1403 2756; x_wconf 84' lang='lat' dir='ltr'>tam</span> <span class='ocrx_word' id='word_1_159' title='bbox 1416 2721 1497 2768; x_wconf 66' lang='lat' dir='ltr'>Ama.</span> <span class='ocrx_word' id='word_1_160' title='bbox 1514 2700 1560 2766; x_wconf 80' lang='lat' dir='ltr'>&#39;nr</span> 
     </span>
     <span class='ocr_line' id='line_1_20' title="bbox 229 2793 1403 2883; baseline 0.001 -18"><span class='ocrx_word' id='word_1_161' title='bbox 229 2801 339 2865; x_wconf 89' lang='lat' dir='ltr'>lentus</span> <span class='ocrx_word' id='word_1_162' title='bbox 370 2811 418 2862; x_wconf 90' lang='lat' dir='ltr'>est</span> <span class='ocrx_word' id='word_1_163' title='bbox 449 2796 617 2862; x_wconf 90' lang='lat' dir='ltr'>nationum</span> <span class='ocrx_word' id='word_1_164' title='bbox 650 2793 899 2877; x_wconf 86' lang='lat' dir='ltr'>Hispanicarum</span> <span class='ocrx_word' id='word_1_165' title='bbox 928 2795 1044 2878; x_wconf 90' lang='lat' dir='ltr'>furor,</span> <span class='ocrx_word' id='word_1_166' title='bbox 1078 2813 1115 2862; x_wconf 92' lang='lat' dir='ltr'>ut</span> <span class='ocrx_word' id='word_1_167' title='bbox 1149 2799 1221 2864; x_wconf 89' lang='lat' dir='ltr'>viso</span> <span class='ocrx_word' id='word_1_168' title='bbox 1246 2799 1403 2883; x_wconf 89' lang='lat' dir='ltr'>inimico,</span> 
     </span>
     <span class='ocr_line' id='line_1_21' title="bbox 231 2905 1405 2995; baseline 0.002 -21"><span class='ocrx_word' id='word_1_169' title='bbox 231 2923 388 2991; x_wconf 91' lang='lat' dir='ltr'>concepta</span> <span class='ocrx_word' id='word_1_170' title='bbox 415 2927 474 2990; x_wconf 91' lang='lat' dir='ltr'>spe</span> <span class='ocrx_word' id='word_1_171' title='bbox 496 2905 656 2986; x_wconf 88' lang='lat' dir='ltr'>nocendi,</span> <span class='ocrx_word' id='word_1_172' title='bbox 680 2905 800 2970; x_wconf 88' lang='lat' dir='ltr'>alienas</span> <span class='ocrx_word' id='word_1_173' title='bbox 820 2925 946 2987; x_wconf 92' lang='lat' dir='ltr'>semper</span> <span class='ocrx_word' id='word_1_174' title='bbox 967 2927 1080 2974; x_wconf 90' lang='lat' dir='ltr'>manus</span> <span class='ocrx_word' id='word_1_175' title='bbox 1109 2925 1289 2992; x_wconf 87' lang='lat' dir='ltr'>exspectet:</span> <span class='ocrx_word' id='word_1_176' title='bbox 1313 2933 1405 2995; x_wconf 90' lang='lat' dir='ltr'>prae·</span> 
     </span>
     <span class='ocr_line' id='line_1_22' title="bbox 230 3016 1404 3106; baseline 0.004 -22"><span class='ocrx_word' id='word_1_177' title='bbox 230 3019 327 3102; x_wconf 91' lang='lat' dir='ltr'>cipue</span> <span class='ocrx_word' id='word_1_178' title='bbox 348 3019 375 3086; x_wconf 91' lang='lat' dir='ltr'>si</span> <span class='ocrx_word' id='word_1_179' title='bbox 396 3017 528 3100; x_wconf 89' lang='lat' dir='ltr'>quando</span> <span class='ocrx_word' id='word_1_180' title='bbox 549 3016 717 3099; x_wconf 88' lang='lat' dir='ltr'>perfidiam</span> <span class='ocrx_word' id='word_1_181' title='bbox 741 3031 773 3082; x_wconf 91' lang='lat' dir='ltr'>et</span> <span class='ocrx_word' id='word_1_182' title='bbox 790 3019 959 3084; x_wconf 87' lang='lat' dir='ltr'>sceleratas</span> <span class='ocrx_word' id='word_1_183' title='bbox 976 3017 1107 3086; x_wconf 85' lang='lat' dir='ltr'>fraudes</span> <span class='ocrx_word' id='word_1_184' title='bbox 1120 3019 1239 3086; x_wconf 87' lang='lat' dir='ltr'>fiducia</span> <span class='ocrx_word' id='word_1_185' title='bbox 1252 3022 1404 3106; x_wconf 90' lang='lat' dir='ltr'>impuniti</span> 
     </span>
     <span class='ocr_line' id='line_1_23' title="bbox 230 3126 1561 3232; baseline 0.005 -35"><span class='ocrx_word' id='word_1_186' title='bbox 230 3149 402 3197; x_wconf 90' lang='lat' dir='ltr'>successus</span> <span class='ocrx_word' id='word_1_187' title='bbox 421 3127 549 3194; x_wconf 90' lang='lat' dir='ltr'>invitat.</span> <span class='ocrx_word' id='word_1_188' title='bbox 596 3127 690 3194; x_wconf 90' lang='lat' dir='ltr'>Sicut</span> <span class='ocrx_word' id='word_1_189' title='bbox 710 3126 815 3210; x_wconf 92' lang='lat' dir='ltr'>primo</span> <span class='ocrx_word' id='word_1_190' title='bbox 833 3127 1072 3195; x_wconf 91' lang='lat' dir='ltr'>Hollandorum</span> <span class='ocrx_word' id='word_1_191' title='bbox 1095 3131 1127 3196; x_wconf 94' lang='lat' dir='ltr'>in</span> <span class='ocrx_word' id='word_1_192' title='bbox 1152 3130 1297 3202; x_wconf 91' lang='lat' dir='ltr'>Orientis</span> <span class='ocrx_word' id='word_1_193' title='bbox 1313 3135 1405 3202; x_wconf 89' lang='lat' dir='ltr'>insu·</span> <span class='ocrx_word' id='word_1_194' title='bbox 1416 3174 1485 3218; x_wconf 59' lang='grc' dir='ltr'>ΑΜ</span> <span class='ocrx_word' id='word_1_195' title='bbox 1500 3182 1561 3232; x_wconf 50' lang='lat' dir='ltr'>,m</span> 
     </span>
     <span class='ocr_line' id='line_1_24' title="bbox 230 3240 1403 3328; baseline 0.003 -20"><span class='ocrx_word' id='word_1_196' title='bbox 230 3245 277 3308; x_wconf 92' lang='lat' dir='ltr'>las</span> <span class='ocrx_word' id='word_1_197' title='bbox 307 3242 449 3308; x_wconf 87' lang='lat' dir='ltr'>adventu</span> <span class='ocrx_word' id='word_1_198' title='bbox 480 3240 706 3324; x_wconf 91' lang='lat' dir='ltr'>Tomagonem</span> <span class='ocrx_word' id='word_1_199' title='bbox 736 3240 1002 3324; x_wconf 85' lang='lat' dir='ltr'>Bantamensem,</span> <span class='ocrx_word' id='word_1_200' title='bbox 1038 3242 1185 3308; x_wconf 91' lang='lat' dir='ltr'>eumdem</span> <span class='ocrx_word' id='word_1_201' title='bbox 1217 3265 1275 3327; x_wconf 90' lang='lat' dir='ltr'>per</span> <span class='ocrx_word' id='word_1_202' title='bbox 1306 3267 1403 3328; x_wconf 92' lang='lat' dir='ltr'>quem</span> 
     </span>
     <span class='ocr_line' id='line_1_25' title="bbox 230 3345 1402 3438; baseline 0.004 -20"><span class='ocrx_word' id='word_1_203' title='bbox 230 3368 341 3436; x_wconf 89' lang='lat' dir='ltr'>postea</span> <span class='ocrx_word' id='word_1_204' title='bbox 361 3353 401 3418; x_wconf 88' lang='lat' dir='ltr'>ad</span> <span class='ocrx_word' id='word_1_205' title='bbox 410 3352 642 3436; x_wconf 88' lang='lat' dir='ltr'>Janhanjavam</span> <span class='ocrx_word' id='word_1_206' title='bbox 656 3350 833 3434; x_wconf 90' lang='lat' dir='ltr'>dispositae</span> <span class='ocrx_word' id='word_1_207' title='bbox 846 3345 981 3417; x_wconf 87' lang='lat' dir='ltr'>fuerunt</span> <span class='ocrx_word' id='word_1_208' title='bbox 994 3353 1148 3436; x_wconf 86' lang='lat' dir='ltr'>insidiae,</span> <span class='ocrx_word' id='word_1_209' title='bbox 1167 3355 1402 3438; x_wconf 88' lang='lat' dir='ltr'>sollicitarunt,</span> 
     </span>
     <span class='ocr_line' id='line_1_26' title="bbox 229 3461 1401 3549; baseline 0.004 -21"><span class='ocrx_word' id='word_1_210' title='bbox 229 3479 267 3528; x_wconf 93' lang='lat' dir='ltr'>ut</span> <span class='ocrx_word' id='word_1_211' title='bbox 298 3465 399 3530; x_wconf 87' lang='lat' dir='ltr'>duces</span> <span class='ocrx_word' id='word_1_212' title='bbox 427 3477 459 3528; x_wconf 90' lang='lat' dir='ltr'>et</span> <span class='ocrx_word' id='word_1_213' title='bbox 487 3462 620 3527; x_wconf 92' lang='lat' dir='ltr'>navium</span> <span class='ocrx_word' id='word_1_214' title='bbox 640 3461 815 3546; x_wconf 87' lang='lat' dir='ltr'>magistros</span> <span class='ocrx_word' id='word_1_215' title='bbox 839 3461 872 3527; x_wconf 90' lang='lat' dir='ltr'>in</span> <span class='ocrx_word' id='word_1_216' title='bbox 903 3462 1013 3528; x_wconf 91' lang='lat' dir='ltr'>villam</span> <span class='ocrx_word' id='word_1_217' title='bbox 1034 3484 1124 3530; x_wconf 91' lang='lat' dir='ltr'>suam</span> <span class='ocrx_word' id='word_1_218' title='bbox 1151 3467 1239 3549; x_wconf 86' lang='lat' dir='ltr'>(erat</span> <span class='ocrx_word' id='word_1_219' title='bbox 1267 3468 1345 3533; x_wconf 90' lang='lat' dir='ltr'>haec</span> <span class='ocrx_word' id='word_1_220' title='bbox 1368 3469 1401 3533; x_wconf 90' lang='lat' dir='ltr'>in</span> 
     </span>
     <span class='ocr_line' id='line_1_27' title="bbox 229 3573 1401 3659; baseline 0.006 -20"><span class='ocrx_word' id='word_1_221' title='bbox 229 3575 357 3659; x_wconf 90' lang='lat' dir='ltr'>littore)</span> <span class='ocrx_word' id='word_1_222' title='bbox 380 3574 420 3640; x_wconf 89' lang='lat' dir='ltr'>ad</span> <span class='ocrx_word' id='word_1_223' title='bbox 441 3594 571 3639; x_wconf 91' lang='lat' dir='ltr'>caenam</span> <span class='ocrx_word' id='word_1_224' title='bbox 593 3573 760 3640; x_wconf 89' lang='lat' dir='ltr'>invitaret:</span> <span class='ocrx_word' id='word_1_225' title='bbox 781 3593 849 3656; x_wconf 90' lang='lat' dir='ltr'>quo</span> <span class='ocrx_word' id='word_1_226' title='bbox 868 3589 1014 3658; x_wconf 89' lang='lat' dir='ltr'>tempore</span> <span class='ocrx_word' id='word_1_227' title='bbox 1036 3577 1208 3642; x_wconf 89' lang='lat' dir='ltr'>eonsilium</span> <span class='ocrx_word' id='word_1_228' title='bbox 1223 3577 1287 3644; x_wconf 93' lang='lat' dir='ltr'>illis</span> <span class='ocrx_word' id='word_1_229' title='bbox 1298 3578 1401 3646; x_wconf 90' lang='lat' dir='ltr'>fuisse</span> 
     </span>
     <span class='ocr_line' id='line_1_28' title="bbox 227 3684 1398 3773; baseline 0.007 -24"><span class='ocrx_word' id='word_1_230' title='bbox 227 3685 297 3768; x_wconf 91' lang='lat' dir='ltr'>ipse</span> <span class='ocrx_word' id='word_1_231' title='bbox 320 3685 471 3769; x_wconf 90' lang='lat' dir='ltr'>Tomago</span> <span class='ocrx_word' id='word_1_232' title='bbox 495 3700 609 3767; x_wconf 89' lang='lat' dir='ltr'>postea</span> <span class='ocrx_word' id='word_1_233' title='bbox 642 3684 809 3750; x_wconf 89' lang='lat' dir='ltr'>nuntiavit</span> <span class='ocrx_word' id='word_1_234' title='bbox 839 3685 970 3770; x_wconf 90' lang='lat' dir='ltr'>navigio</span> <span class='ocrx_word' id='word_1_235' title='bbox 994 3687 1027 3752; x_wconf 92' lang='lat' dir='ltr'>in</span> <span class='ocrx_word' id='word_1_236' title='bbox 1049 3707 1116 3752; x_wconf 90' lang='lat' dir='ltr'>eam</span> <span class='ocrx_word' id='word_1_237' title='bbox 1137 3689 1256 3754; x_wconf 90' lang='lat' dir='ltr'>littoris</span> <span class='ocrx_word' id='word_1_238' title='bbox 1276 3706 1398 3773; x_wconf 88' lang='lat' dir='ltr'>partem</span> 
     </span>
     <span class='ocr_line' id='line_1_29' title="bbox 227 3797 1397 3882; baseline 0.005 -22"><span class='ocrx_word' id='word_1_239' title='bbox 227 3799 410 3880; x_wconf 89' lang='lat' dir='ltr'>appellere,</span> <span class='ocrx_word' id='word_1_240' title='bbox 439 3797 608 3879; x_wconf 88' lang='lat' dir='ltr'>captisque</span> <span class='ocrx_word' id='word_1_241' title='bbox 638 3797 789 3862; x_wconf 92' lang='lat' dir='ltr'>convivis</span> <span class='ocrx_word' id='word_1_242' title='bbox 819 3811 852 3862; x_wconf 93' lang='lat' dir='ltr'>et</span> <span class='ocrx_word' id='word_1_243' title='bbox 885 3798 1117 3879; x_wconf 89' lang='lat' dir='ltr'>convivatore,</span> <span class='ocrx_word' id='word_1_244' title='bbox 1150 3800 1256 3882; x_wconf 92' lang='lat' dir='ltr'>ipsum</span> <span class='ocrx_word' id='word_1_245' title='bbox 1289 3802 1397 3868; x_wconf 89' lang='lat' dir='ltr'>statim</span> 
     </span>
     <span class='ocr_line' id='line_1_30' title="bbox 227 3906 1399 3990; baseline 0.004 -18"><span class='ocrx_word' id='word_1_246' title='bbox 227 3908 413 3988; x_wconf 90' lang='lat' dir='ltr'>dimittere,</span> <span class='ocrx_word' id='word_1_247' title='bbox 438 3906 624 3972; x_wconf 87' lang='lat' dir='ltr'>Hollandos</span> <span class='ocrx_word' id='word_1_248' title='bbox 647 3920 754 3971; x_wconf 90' lang='lat' dir='ltr'>autem</span> <span class='ocrx_word' id='word_1_249' title='bbox 779 3907 958 3972; x_wconf 89' lang='lat' dir='ltr'>Malaccam</span> <span class='ocrx_word' id='word_1_250' title='bbox 979 3907 1164 3990; x_wconf 89' lang='lat' dir='ltr'>deportare:</span> <span class='ocrx_word' id='word_1_251' title='bbox 1189 3909 1251 3974; x_wconf 91' lang='lat' dir='ltr'>nisi</span> <span class='ocrx_word' id='word_1_252' title='bbox 1269 3931 1336 3975; x_wconf 89' lang='lat' dir='ltr'>eam</span> <span class='ocrx_word' id='word_1_253' title='bbox 1358 3912 1399 3977; x_wconf 90' lang='lat' dir='ltr'>ad</span> 
     </span>
     <span class='ocr_line' id='line_1_31' title="bbox 226 4015 1397 4104; baseline 0.006 -23"><span class='ocrx_word' id='word_1_254' title='bbox 226 4038 290 4082; x_wconf 94' lang='lat' dir='ltr'>rem</span> <span class='ocrx_word' id='word_1_255' title='bbox 314 4017 465 4102; x_wconf 88' lang='lat' dir='ltr'>Tomago</span> <span class='ocrx_word' id='word_1_256' title='bbox 481 4015 680 4100; x_wconf 89' lang='lat' dir='ltr'>praefectum</span> <span class='ocrx_word' id='word_1_257' title='bbox 700 4016 825 4082; x_wconf 86' lang='lat' dir='ltr'>veritus</span> <span class='ocrx_word' id='word_1_258' title='bbox 844 4017 1059 4082; x_wconf 89' lang='lat' dir='ltr'>ministerium</span> <span class='ocrx_word' id='word_1_259' title='bbox 1081 4035 1178 4084; x_wconf 91' lang='lat' dir='ltr'>suum</span> <span class='ocrx_word' id='word_1_260' title='bbox 1197 4020 1397 4104; x_wconf 89' lang='lat' dir='ltr'>denegasset.</span> 
     </span>
     <span class='ocr_line' id='line_1_32' title="bbox 224 4126 1397 4213; baseline 0.003 -20"><span class='ocrx_word' id='word_1_261' title='bbox 224 4129 271 4194; x_wconf 88' lang='lat' dir='ltr'>At</span> <span class='ocrx_word' id='word_1_262' title='bbox 291 4144 464 4213; x_wconf 88' lang='lat' dir='ltr'>postquam</span> <span class='ocrx_word' id='word_1_263' title='bbox 488 4127 614 4211; x_wconf 91' lang='lat' dir='ltr'>ipsum,</span> <span class='ocrx_word' id='word_1_264' title='bbox 636 4126 723 4191; x_wconf 88' lang='lat' dir='ltr'>sicut</span> <span class='ocrx_word' id='word_1_265' title='bbox 733 4126 894 4208; x_wconf 89' lang='lat' dir='ltr'>diximus,</span> <span class='ocrx_word' id='word_1_266' title='bbox 908 4127 1106 4209; x_wconf 86' lang='lat' dir='ltr'>praefectum</span> <span class='ocrx_word' id='word_1_267' title='bbox 1122 4129 1272 4194; x_wconf 89' lang='lat' dir='ltr'>Lusitani</span> <span class='ocrx_word' id='word_1_268' title='bbox 1285 4150 1397 4198; x_wconf 92' lang='lat' dir='ltr'>corru-</span> 
     </span>
     <span class='ocr_line' id='line_1_33' title="bbox 224 4238 1396 4326; baseline 0.004 -22"><span class='ocrx_word' id='word_1_269' title='bbox 224 4254 360 4323; x_wconf 89' lang='lat' dir='ltr'>perant,</span> <span class='ocrx_word' id='word_1_270' title='bbox 377 4239 531 4321; x_wconf 88' lang='lat' dir='ltr'>captique</span> <span class='ocrx_word' id='word_1_271' title='bbox 549 4239 614 4322; x_wconf 87' lang='lat' dir='ltr'>jam</span> <span class='ocrx_word' id='word_1_272' title='bbox 635 4257 745 4303; x_wconf 91' lang='lat' dir='ltr'>eorum</span> <span class='ocrx_word' id='word_1_273' title='bbox 762 4253 877 4322; x_wconf 90' lang='lat' dir='ltr'>rogatu</span> <span class='ocrx_word' id='word_1_274' title='bbox 894 4238 978 4304; x_wconf 89' lang='lat' dir='ltr'>inter</span> <span class='ocrx_word' id='word_1_275' title='bbox 994 4254 1138 4305; x_wconf 91' lang='lat' dir='ltr'>caeteros</span> <span class='ocrx_word' id='word_1_276' title='bbox 1151 4255 1240 4306; x_wconf 90' lang='lat' dir='ltr'>erant</span> <span class='ocrx_word' id='word_1_277' title='bbox 1251 4242 1396 4326; x_wconf 87' lang='lat' dir='ltr'>magistri</span> 
     </span>
    </p>

    <p class='ocr_par' dir='ltr' id='par_1_4' title="bbox 158 4348 1396 4545">
     <span class='ocr_line' id='line_1_34' title="bbox 158 4348 1396 4434; baseline 0.003 -18"><span class='ocrx_word' id='word_1_278' title='bbox 158 4385 164 4390; x_wconf 91' lang='lat'><em>·</em></span> <span class='ocrx_word' id='word_1_279' title='bbox 224 4352 458 4418; x_wconf 87' lang='lat' dir='ltr'>Houtmannus</span> <span class='ocrx_word' id='word_1_280' title='bbox 490 4364 523 4415; x_wconf 93' lang='lat' dir='ltr'>et</span> <span class='ocrx_word' id='word_1_281' title='bbox 544 4349 783 4429; x_wconf 83' lang='lat' dir='ltr'>Vallrenerius,</span> <span class='ocrx_word' id='word_1_282' title='bbox 817 4348 1054 4434; x_wconf 85' lang='lat' dir='ltr'>indignabundi</span> <span class='ocrx_word' id='word_1_283' title='bbox 1088 4351 1178 4432; x_wconf 91' lang='lat' dir='ltr'>quod</span> <span class='ocrx_word' id='word_1_284' title='bbox 1210 4351 1396 4434; x_wconf 85' lang='lat' dir='ltr'>praefectus</span> 
     </span>
     <span class='ocr_line' id='line_1_35' title="bbox 224 4460 1394 4545; baseline 0.003 -18"><span class='ocrx_word' id='word_1_285' title='bbox 224 4481 287 4528; x_wconf 87' lang='lat' dir='ltr'>suo</span> <span class='ocrx_word' id='word_1_286' title='bbox 317 4461 428 4545; x_wconf 91' lang='lat' dir='ltr'>potius</span> <span class='ocrx_word' id='word_1_287' title='bbox 456 4463 548 4527; x_wconf 91' lang='lat' dir='ltr'>lucro</span> <span class='ocrx_word' id='word_1_288' title='bbox 582 4481 679 4544; x_wconf 93' lang='lat' dir='ltr'>quam</span> <span class='ocrx_word' id='word_1_289' title='bbox 710 4460 839 4526; x_wconf 90' lang='lat' dir='ltr'>illorum</span> <span class='ocrx_word' id='word_1_290' title='bbox 875 4461 960 4528; x_wconf 90' lang='lat' dir='ltr'>odiis</span> <span class='ocrx_word' id='word_1_291' title='bbox 989 4464 1188 4545; x_wconf 85' lang='lat' dir='ltr'>consuleret,</span> <span class='ocrx_word' id='word_1_292' title='bbox 1232 4483 1394 4532; x_wconf 90' lang='lat' dir='ltr'>venenum</span> 
     </span>
    </p>
   </div>
   <div class='ocr_carea' id='block_1_3' title="bbox 0 0 1778 5654">
    <p class='ocr_par' dir='ltr' id='par_1_5' title="bbox 0 0 1778 5654">
     <span class='ocr_line' id='line_1_36' title="bbox 0 0 1778 5654; baseline 0 4"><span class='ocrx_word' id='word_1_293' title='bbox 0 0 1778 5654; x_wconf 95' lang='lat' dir='ltr'> </span> 
     </span>
    </p>
   </div>
  </div>
 </body>
</html>
