3536 5692
543 687 590 734 nr
614 687 707 753 Junr
734 685 918 734 rnnrnnr.
943 687 1023 734 cnr.
1048 685 1105 732 xv.
1344 687 1405 751 339

230 842 406 925 aliquando
444 842 584 922 habeat,
618 842 676 908 ubi
709 840 751 908 ad
780 839 1020 908 restitutionem
1049 839 1177 925 judicio
1209 854 1404 925 cogeretur,

228 968 453 1038 praeterquam
476 953 568 1035 quod
585 973 652 1018 rem
674 951 814 1034 metuit,
839 972 923 1034 quae
943 971 1121 1034 numquam
1140 965 1196 1018 aut
1214 970 1290 1016 sane
1310 969 1404 1016 num-

230 1084 326 1146 quam
350 1064 525 1147 praecipue
557 1063 733 1129 metuenda
764 1077 838 1144 est,
863 1077 900 1128 ut
924 1077 998 1128 ante
1021 1062 1188 1143 diximus,
1213 1061 1347 1145 insuper
1370 1061 1402 1127 in

226 1175 309 1259 juris
342 1175 530 1258 cognitione
562 1175 704 1258 graviter
727 1173 849 1240 labitur
871 1187 904 1239 et
927 1173 1044 1240 danum
1066 1193 1126 1240 suo
1150 1172 1247 1240 favet.
1291 1173 1402 1239 Multo
1416 1182 1564 1280 fill-2¹23&

229 1286 314 1351 eninr
344 1284 475 1350 facilius
499 1299 635 1369 cogetur
659 1285 735 1368 quis
756 1284 927 1351 restituere
951 1303 1019 1349 earn
1042 1286 1218 1367 praedam,
1241 1305 1325 1367 quae
1345 1290 1520 1366 perol-11·

228 1416 286 1463 nes
317 1417 352 1462 se
387 1410 512 1476 exstet,
546 1416 644 1478 quam
677 1415 760 1478 quae
793 1396 859 1479 jam
892 1409 1063 1461 consumta
1091 1395 1135 1461 sit
1157 1403 1193 1475 ¹,
1223 1414 1297 1460 cum
1320 1395 1402 1460 hanc

227 1509 333 1574 bonae
365 1506 442 1572 fidei
472 1506 614 1589 praemio
634 1505 747 1572 cedere
772 1504 1065 1589 compertissimum
1085 1506 1139 1572 sit.
1183 1504 1303 1571 Nihilo
1327 1507 1402 1588 plus

228 1633 331 1702 agunt
349 1617 383 1683 hi
406 1616 464 1700 qui
488 1632 671 1700 agnoscunt
690 1617 825 1698 quidem
847 1617 998 1700 praedam
1022 1616 1079 1682 sed
1102 1616 1167 1683 alio
1189 1615 1401 1683 transferunt.

229 1728 315 1794 Nam
348 1727 376 1794 si
401 1728 520 1794 vitium
541 1727 588 1792 rei
612 1728 718 1794 inesse
740 1727 977 1813 imaginantur,
1001 1726 1036 1792 id
1059 1727 1192 1808 quidem
1216 1729 1306 1793 nulla
1325 1727 1402 1794 alie-

229 1838 363 1904 natione
392 1837 524 1922 purgari
551 1852 683 1921 potest,
707 1838 894 1919 quodcum
917 1838 1045 1924 legibus
1070 1838 1165 1904 etiarn
1186 1839 1402 1904 constitutum

229 1949 272 2014 sit
295 1946 330 2029 ¹,
354 1964 422 2014 turn
445 1969 525 2016 vero
549 1949 582 2014 in
606 1948 807 2016 conscientia
836 1951 942 2017 multo
974 1950 1077 2034 magis
1107 1949 1245 2017 obtinet.
1292 1952 1402 2039 Quare

229 2060 288 2143 qui
321 2063 402 2126 mala
436 2060 500 2127 fide
531 2061 679 2145 praedam
709 2061 877 2144 percepit,
910 2081 984 2128 cum
1009 2061 1136 2128 scilieet
1157 2081 1224 2128 earn
1248 2061 1400 2146 injustam

229 2174 398 2253 crederet,
421 2173 449 2238 is
471 2173 511 2237 ad
535 2172 778 2239 restitutionem
800 2188 961 2255 perpetuo
984 2187 1132 2253 tenetur,
1153 2172 1254 2238 itaut
1275 2173 1403 2239 tradant

228 2283 375 2368 magistri
404 2303 464 2350 nec
497 2283 670 2349 vendendo
705 2303 764 2348 nec
798 2283 950 2348 donando
981 2302 1055 2348 eum
1079 2281 1231 2363 liberari,
1256 2284 1351 2348 etiam
1375 2285 1402 2349 si

227 2415 279 2460 res
309 2395 341 2458 in
375 2394 583 2459 millesimum
614 2411 835 2477 possessorem
859 2395 1011 2460 narrslata
1031 2394 1075 2459 sit
1094 2397 1118 2460 ¹.
1165 2393 1200 2459 Si
1224 2393 1300 2476 quis
1322 2414 1402 2460 vero

228 2505 392 2570 existimet
425 2505 500 2570 ideo
532 2525 567 2570 se
593 2504 701 2570 minus
724 2504 862 2588 praedae
882 2504 1074 2588 participem
1094 2503 1158 2569 dici
1179 2523 1298 2587 posse,
1323 2505 1402 2587 quia

226 2617 418 2700 priusquam
451 2617 521 2701 ejus
554 2616 735 2698 quidquam
768 2615 966 2700 contigerit,
988 2618 1043 2701 jus
1067 2635 1162 2680 omne
1185 2615 1276 2682 alteri
1300 2616 1401 2700 resig-

227 2743 356 2808 nasset,
381 2746 495 2809 expers
516 2742 565 2793 est
588 2727 683 2792 etiarn
706 2727 852 2812 vulgaris
872 2727 1161 2812 jurisprudentiae.
1191 2727 1292 2815 Quod
1316 2727 1400 2794 enim

227 2859 298 2904 mea
327 2837 537 2905 concessione
569 2838 609 2904 ad
641 2840 778 2903 alterum
806 2837 979 2920 pervenit,
1005 2858 1203 2920 quamquam
1225 2837 1341 2920 brevi,
1364 2853 1403 2903 ut

227 2949 373 3030 dicitur,
397 2969 495 3015 manu
526 2948 745 3030 transfertur,
769 2963 876 3014 tamen
902 2949 982 3030 quin
1011 2968 1119 3013 meum
1143 2947 1268 3028 fuerit,
1292 2947 1401 3034 negari

227 3080 292 3125 non
324 3075 446 3142 potest.
502 3061 643 3142 Alioqui
672 3059 756 3126 nihil
786 3060 828 3125 ad
857 3079 918 3127 nos
948 3059 1057 3124 omnia
1082 3059 1137 3124 illa
1166 3059 1400 3143 pertinebunt,

228 3192 311 3252 quae
343 3191 403 3254 per
425 3185 653 3254 procuratores
674 3185 804 3237 nostros
827 3185 960 3253 accepta
979 3185 1011 3236 et
1034 3189 1173 3254 expensa
1195 3185 1285 3238 sunt.
1332 3172 1401 3236 Eos

227 3297 335 3348 autern
368 3281 426 3363 qui
458 3282 599 3347 alienant
631 3301 761 3349 necesse
793 3296 842 3347 est
859 3295 916 3347 aut
938 3281 971 3348 in
992 3301 1151 3366 pauperes
1163 3302 1321 3366 erogare,
1346 3299 1402 3348 aut

227 3392 303 3457 dare
326 3392 494 3473 societati,
517 3407 573 3458 aut
601 3391 693 3459 alteri
716 3391 833 3458 cuivis.
879 3392 948 3479 Qui
971 3394 1171 3477 pauperibus
1194 3393 1294 3460 donat
1316 3393 1400 3458 idem

226 3501 307 3569 facit
339 3523 375 3568 ac
404 3503 433 3568 si
460 3504 532 3568 Deo
574 3505 693 3570 donet:
729 3518 778 3569 est
809 3519 917 3569 autem
948 3505 1012 3571 hoc
1047 3505 1195 3587 inprimis
1225 3504 1400 3570 laudabile.

228 3615 320 3700 Quid
351 3614 436 3679 eninr
467 3614 614 3698 justius,
639 3634 736 3696 quarn
761 3614 794 3680 in
818 3614 1019 3681 obventione
1050 3615 1128 3682 satis
1157 3615 1319 3697 insperata
1346 3635 1402 3700 ag·

227 3745 361 3791 noscere
383 3726 454 3809 ejus
476 3724 696 3807 beneficium,
732 3725 788 3791 cui
808 3726 872 3791 soli
891 3726 1031 3791 debetur
1051 3726 1213 3790 bellorum
1232 3725 1399 3792 victoria?

227 3837 340 3918 Itaque
371 3854 438 3901 non
465 3835 599 3919 Judaeis
631 3851 779 3916 tantum,
813 3837 871 3902 sed
901 3849 932 3900 et
963 3834 1100 3904 Graecis
1126 3849 1158 3900 et
1177 3835 1337 3900 Romanis
1369 3851 1402 3901 et

227 3946 298 4012 aliis
320 3946 472 4031 gentibus
492 3946 525 4012 in
545 3967 635 4013 more
653 3947 798 4030 positum
823 3945 910 4026 fuit,
934 3946 1090 4011 decimam
1112 3960 1170 4010 aut
1194 3945 1287 4011 aliam
1308 3966 1400 4029 prae·

226 4057 286 4122 dae
313 4072 438 4140 partem
467 4076 665 4124 consecrate.
710 4058 777 4124 Sed
794 4077 833 4124 eo
855 4058 928 4140 ipso
949 4056 1028 4124 satis
1051 4056 1245 4140 intelligitur
1268 4075 1400 4124 necesse

226 4187 292 4233 non
316 4187 408 4249 esse,
432 4183 469 4233 ut
488 4169 596 4234 omnia
620 4168 838 4254 resignentur.
883 4168 971 4234 Nam
997 4181 1029 4233 et
1052 4168 1260 4233 Abrahamus
1280 4171 1316 4249 ⁴,
1341 4167 1400 4249 qui

264 4339 272 4371 ¹
287 4339 354 4387 Vict.
371 4342 402 4388 de
419 4338 475 4398 jure
493 4341 657 4400 hellinas.
681 4339 771 4392 ’Insn
788 4345 819 4392 de
837 4357 909 4392 usuc.
925 4346 947 4403 5.
964 4341 1083 4391 furtivae.
1104 4342 1202 4404 [Lao.
1216 4341 1282 4402 Μ]
1310 4339 1321 4373 ⁸
1338 4341 1400 4389 silv.

226 4430 252 4477 in
271 4445 296 4478 v.
313 4432 419 4479 Bellum.
435 4435 457 4490 ξ.
477 4445 514 4480 ιο.
537 4434 595 4495 Joh.
611 4435 696 4494 Lupus
715 4435 740 4483 d.
758 4437 780 4493 ς.
798 4434 819 4482 si
837 4435 906 4482 bene
929 4435 1053 4483 advertar.
1076 4433 1155 4482 Wilh.
1171 4433 1266 4480 Matth.
1287 4433 1312 4480 d.
1330 4433 1399 4480 loco.

225 4519 236 4551 ⁴
256 4523 318 4569 Gen.
334 4535 357 4570 c.
377 4535 415 4582 14.
431 4522 457 4570 in
474 4521 533 4570 fine.

1213 4613 1273 4674 aa*
