3530 5656
593 659 651 716 ,on
675 659 779 724 ιιιιιιιΔ
795 658 977 706 Pannona.
1001 661 1080 708 car.
1105 661 1153 708 tv.
1422 661 1466 726 45

295 817 431 881 alterum
451 814 576 879 laedere
595 829 751 880 vetamur.
799 813 982 881 Servandae
1005 815 1089 882 enim
1112 829 1190 882 sunt
1211 817 1297 900 leges
1320 815 1466 902 singulae

295 927 328 991 in
358 947 418 993 suo
449 925 571 992 ordine.
619 926 746 1011 Regula
764 941 870 993 autem
891 927 951 993 ista
972 927 996 1006 ¹,
1021 948 1084 991 non
1103 925 1217 992 debere
1235 931 1282 1008 ei,
1306 931 1362 992 cui
1380 927 1470 1013 quod

288 1039 368 1124 plus
400 1050 446 1103 est
479 1037 575 1120 licet,
601 1038 639 1103 id
673 1037 889 1123 quodminus
912 1053 959 1104 est
983 1059 1046 1102 non
1069 1037 1187 1119 licere,
1213 1057 1277 1102 una
1300 1053 1332 1103 et
1356 1039 1464 1105 eadem

295 1149 488 1215 certitudine
520 1148 637 1215 nititur
668 1164 766 1231 atque
798 1149 853 1215 illa
883 1148 1205 1228 mathematicorum,
1240 1153 1276 1214 in
1310 1170 1343 1214 eo
1378 1149 1467 1234 quod

288 1262 367 1347 plus
399 1276 465 1341 cst,
489 1261 528 1326 id
548 1260 764 1346 quodminus
788 1275 834 1326 est
852 1275 1011 1346 perpetuo
1035 1265 1160 1327 inesse:
1186 1280 1283 1343 quam
1307 1274 1339 1326 et
1362 1261 1463 1344 ipsam

285 1388 379 1442 recte
408 1372 635 1457 jurisconsulti
658 1378 669 1414 ¹
693 1387 868 1460 usurpant,
902 1371 1023 1455 quippe
1055 1392 1129 1437 cum
1157 1390 1223 1437 non
1251 1370 1407 1438 minorem
1431 1371 1464 1438 in

291 1485 364 1569 jure
388 1486 495 1550 locum
518 1484 637 1549 habeat
656 1483 882 1567 proportionis
904 1482 1106 1564 observatio,
1135 1502 1232 1564 quarn
1256 1481 1289 1545 in
1314 1503 1464 1550 numero-

293 1616 363 1660 rum
388 1611 419 1660 et
440 1595 701 1680 magnitudinum
724 1593 994 1662 dimensionibus.
1018 1595 1152 1681 Quanto
1176 1608 1282 1659 autem
1307 1609 1356 1662 est
1376 1594 1464 1677 prior

291 1706 325 1772 in
347 1706 472 1772 ratione
493 1707 653 1774 bonorum
672 1707 741 1773 vita
760 1727 857 1789 quarn
878 1705 1124 1790 possessiones,
1148 1719 1239 1770 tanto
1263 1720 1312 1772 est
1333 1705 1463 1791 gravius

292 1817 438 1883 occidere
470 1839 566 1900 quam
597 1818 743 1902 praedari
766 1818 788 1884 ³.
827 1818 925 1899 ,Cum
957 1817 1057 1903 igitur
1088 1816 1257 1883 homicidii
1289 1836 1364 1883 reus
1397 1837 1463 1884 non

291 1929 351 2010 sit,
376 1929 434 2011 qui
456 1930 621 1997 hominem
642 1931 734 2015 justo
757 1930 790 1996 in
811 1932 897 1996 bello
921 1927 1103 2011 interfecit,
1127 1930 1231 1995 multo
1255 1928 1363 1995 minus
1384 1927 1463 1994 furti

289 2029 438 2123 tenetur,
462 2043 520 2125 qui
544 2063 609 2108 rem
633 2041 741 2108 aufert
757 2041 920 2108 hostilem.
966 2040 1086 2106 Cicero
1105 2041 1259 2125 ⁴:Nequr
1277 2054 1325 2105 est
1343 2054 1463 2106 contra

292 2167 453 2218 naturam
474 2154 617 2240 spoliare
640 2175 737 2234 eum,
772 2156 801 2218 si
817 2156 941 2240 possis,
962 2173 1055 2236 quem
1073 2153 1239 2217 honestum
1267 2166 1313 2217 est
1334 2173 1462 2218 nccare.

290 2264 393 2350 Quod
415 2280 447 2330 et
467 2263 587 2352 passim
608 2263 835 2349 jurisconsulti
859 2267 870 2302 ⁵
893 2263 1104 2330 tradiderunt.
1146 2264 1191 2328 Et
1210 2284 1306 2330 causa
1330 2263 1462 2346 quidem

288 2395 346 2440 cur
369 2375 473 2442 hostis
496 2397 530 2441 re
553 2397 612 2442 sua
633 2375 755 2459 privari
777 2375 893 2440 debeat
910 2375 988 2440 satis
1006 2375 1071 2459 jam
1092 2390 1233 2458 apparet.
1280 2375 1335 2440 An
1354 2389 1462 2441 autem

289 2485 403 2550 iisdem
436 2487 564 2571 legibus
596 2486 785 2571 simpliciter
816 2487 972 2570 inspectis
1000 2500 1156 2568 sequatur
1174 2500 1385 2570 occupantem
1405 2486 1464 2552 do-

288 2595 424 2662 minium
445 2596 675 2680 irrevocabile,
697 2597 854 2681 disputari
873 2612 994 2681 potest.
1019 2597 1197 2662 Videbitur
1217 2597 1302 2664 enim
1321 2600 1462 2664 nonnul·
1474 2626 1543 2672 Nova
1558 2625 1596 2690 n.

289 2706 329 2772 lis
352 2706 388 2789 ⁶,
416 2729 489 2780 cum
516 2709 606 2792 prior
633 2709 786 2776 dominus
806 2709 878 2793 jure
897 2707 1045 2791 privatus
1069 2707 1130 2789 sit,
1155 2728 1225 2774 esse
1247 2729 1314 2774 rem
1338 2679 1584 2774 nullius⁶¹‘''‘'“⁰'

288 2834 386 2901 atque
405 2821 506 2903 adeo,
533 2821 618 2888 sicut
636 2836 778 2902 caetera,
803 2819 872 2885 fieri
890 2818 988 2904 primi
995 2817 1215 2901 possessoris:
1240 2818 1332 2900 quod
1350 2819 1462 2886 Nerva
1501 2857 1504 2861 -

289 2927 378 2994 filius
399 2943 430 2994 et
451 2944 527 3013 post
548 2951 621 2996 eum
643 2927 787 2997 Paulus⁷
810 2930 948 2999 sensisse
970 2930 1145 3014 videntur,
1170 2951 1243 2996 cum
1265 2931 1352 2996 bello
1369 2946 1462 3013 capta

212 3114 214 3118 .
287 3038 328 3104 iis
355 3042 453 3107 rebus
482 3029 711 3123 annumerant,
745 3063 827 3125 quae
851 3063 924 3108 cum
943 3043 1068 3110 nullius
1089 3058 1162 3108 ante
1185 3041 1331 3122 fuerint,
1356 3041 1386 3107 ei
1409 3061 1461 3107 ac·

288 3151 464 3232 quiruntur
484 3154 690 3235 naturaliter,
715 3153 773 3236 qui
790 3154 916 3238 primus
935 3175 1043 3221 earum
1063 3153 1303 3239 possessionem
1323 3167 1461 3218 nanctus

287 3261 338 3328 sit.
386 3263 484 3329 Ratio
509 3280 615 3331 autem
639 3265 693 3330 illa
717 3265 824 3331 statim
849 3281 1034 3347 succurret,
1059 3286 1156 3348 quarn
1180 3265 1278 3331 modo
1298 3264 1460 3345 diximus,

287 3373 364 3455 quia
394 3375 483 3459 leges
513 3376 716 3459 superiores,
749 3398 833 3460 quae
857 3394 934 3445 sunt
957 3379 996 3444 de
1020 3379 1107 3445 bono
1129 3393 1266 3458 nostr0,
1291 3375 1460 3460 oppositae

286 3483 514 3567 inferioribus,
537 3474 627 3554 bono
645 3488 751 3554 alieno
772 3491 880 3556 locum
899 3507 965 3556 non
986 3489 1121 3556 faciunt.
1168 3489 1241 3554 Nec
1263 3487 1351 3554 aliud
1368 3507 1459 3572 spec-

285 3611 371 3662 tasse
393 3597 510 3664 Cicero
531 3598 543 3634 ⁸
564 3599 717 3681 videtur,
742 3600 769 3665 si
791 3601 866 3683 quis
878 3601 1050 3686 diligenter
1062 3599 1269 3682 consideret,
1292 3620 1366 3666 curn
1380 3598 1459 3664 dicit

287 3706 436 3772 Cassiam
459 3709 647 3794 profectum
676 3707 712 3776 in
744 3712 889 3777 alienam
914 3717 1144 3798 provinciam,
1180 3716 1209 3778 si
1243 3713 1385 3777 homines
1417 3710 1460 3775 la·
1491 3729 1494 3736 ·

284 3896 479 3908 1.-

318 4012 362 4062 ¹1.
377 4029 430 4063 non
446 4015 529 4064 debet.
544 4015 568 4063 ff.
584 4017 615 4064 de
628 4029 679 4076 reg.
695 4014 743 4073 jur.
760 4016 804 4078 [D.
821 4029 860 4071 50·
878 4029 916 4076 17.
935 4018 987 4080 ιι.]
1022 4015 1067 4066 Η.
1086 4018 1112 4066 in
1129 4031 1169 4066 eo.
1188 3999 1213 4065 li.
1231 4019 1263 4066 de
1283 4030 1334 4078 reg.
1346 4014 1395 4074 jur.
1414 4016 1458 4078 [D.

285 4117 382 4165 50.17.
402 4107 469 4168 ιιο.]
489 4119 514 4155 et
531 4120 583 4168 reg.
599 4105 647 4164 jur.
667 4119 706 4164 53.
726 4107 864 4170 [Decretal.
886 4109 912 4156 in
931 4109 955 4156 6.
974 4121 998 4164 5.
1019 4110 1069 4171 ra]
1133 4111 1150 4156 1.
1167 4107 1300 4158 sancimus.
1320 4109 1349 4156 C.
1362 4109 1393 4161 de
1407 4119 1457 4156 sac.
1480 4105 1482 4110 '

284 4199 347 4246 eccl.
367 4198 409 4259 [C.
431 4211 452 4246 1.
471 4212 494 4246 2.
513 4199 565 4260 21.]
599 4197 659 4246 ⁴de
677 4199 720 4247 off.
737 4201 754 4247 l.
774 4213 796 4257 3.
817 4199 852 4260 [c.
870 4201 894 4248 6.
912 4203 933 4258 ς.
952 4199 1005 4264 aa]
1041 4199 1111 4248 ⁵G1.
1127 4202 1172 4249 ult.
1191 4200 1217 4248 in
1236 4213 1259 4248 c.
1271 4201 1302 4248 de
1315 4198 1389 4246 milit.
1404 4211 1457 4248 vas.

283 4287 327 4346 qui
346 4300 414 4337 cont.
433 4290 472 4350 [F.
491 4303 514 4338 a.
533 4290 585 4351 aa]
604 4291 673 4339 Bald.
691 4290 718 4338 in
735 4292 753 4339 l.
774 4304 795 4339 1.
808 4292 837 4339 C.
849 4293 914 4340 unde
927 4291 962 4341 vi.
982 4291 1024 4352 [C.
1038 4294 1061 4340 8.
1074 4292 1111 4353 4.]
1123 4305 1148 4339 ιι.
1162 4293 1202 4348 58.
1219 4292 1269 4354 Jas.
1282 4291 1308 4338 in
1320 4293 1337 4338 1.
1350 4301 1377 4338 ut
1390 4289 1452 4339 virn.

282 4376 308 4424 ff.
327 4379 357 4426 de
374 4377 432 4435 just
451 4392 475 4428 et
492 4379 555 4437 jure.
575 4381 619 4442 [D.
633 4395 654 4430 r.
670 4395 691 4430 1.
704 4382 740 4444 3.]
756 4398 780 4431 n.
795 4395 833 4442 17·
851 4385 882 4431 Et
894 4383 987 4443 passim
1002 4382 1029 4431 in
1040 4382 1191 4444 argumentis
1205 4396 1218 4430 a
1230 4381 1347 4442 personis
1361 4383 1392 4430 ad
1407 4394 1456 4430 res.

282 4466 371 4516 “vide
388 4483 461 4529 supra
478 4485 501 4520 c.
520 4485 543 4520 a.
560 4474 591 4521 ad
608 4475 625 4520 Ι.
645 4487 667 4521 ι.
702 4470 785 4522 ⁷l.1.
803 4474 824 4536 §.
843 4481 867 4524 1.
885 4474 910 4524 ff.
929 4476 960 4524 de
978 4488 1034 4535 aeq.
1052 4488 1120 4536 poss.
1140 4475 1184 4535 [D.
1200 4474 1290 4536 41.a.]
1305 4472 1447 4522 etBart.ib

283 4557 309 4605 in
327 4571 389 4606 sum.
423 4560 435 4592 ⁸
451 4561 515 4608 Phil.
535 4575 573 4610 ιι.
592 4563 628 4624 [c.
649 4565 797 4626 12.§.an.]
