3552 5654
571 620 617 665 os
641 617 734 686 Juxta
760 617 945 664 rnnaonn.
974 593 1115 666 emax.
1365 622 1424 684 137

257 779 367 840 animo
397 777 513 858 utique
544 786 676 852 nostra,
710 786 846 858 corpore
878 771 933 839 vel
963 785 1074 836 nostro
1105 773 1161 840 vel
1191 773 1314 840 alieno.
1362 773 1429 839 Sed

254 885 391 950 alienum
413 903 533 967 corpus
555 883 599 948 ita
620 883 750 948 demum
771 897 883 948 nostro
907 882 1015 948 animo
1037 882 1076 947 ad
1096 882 1312 949 ministerium
1337 899 1426 967 apta-

253 995 365 1075 bitur,
389 993 416 1059 si
443 1009 475 1059 et
495 993 599 1076 ipsius
619 993 745 1060 animus
773 993 923 1058 accedat:
946 994 1010 1058 hoc
1032 1009 1081 1058 est
1098 993 1125 1058 si
1146 995 1332 1060 mandatum
1355 1013 1427 1061 sus-

253 1105 374 1189 ceperit
394 1106 417 1170 ¹.
463 1105 510 1170 Et
541 1105 587 1169 sic
611 1103 856 1188 intelligendum
880 1117 929 1167 est
952 1103 1043 1185 quod
1066 1103 1186 1170 dicitur
1208 1123 1304 1187 posse
1328 1125 1426 1186 quem

253 1236 311 1298 per
343 1215 463 1295 alium,
497 1215 588 1297 quod
617 1228 728 1297 potest
756 1213 861 1280 facere
892 1234 951 1296 per
973 1233 1007 1279 se
1032 1214 1137 1296 ipsum
1158 1219 1190 1278 ²:
1225 1230 1257 1280 et
1288 1215 1347 1297 qui
1370 1236 1428 1298 ρετ

220 1313 223 1319 ’
254 1326 353 1391 alium
376 1325 474 1406 facit,
495 1325 628 1409 perinde
652 1325 763 1392 haberi
786 1346 822 1389 ac
845 1324 873 1390 si
895 1345 953 1407 per
976 1345 1011 1390 se
1035 1324 1145 1391 faciat.
1169 1326 1298 1391 Natura
1322 1327 1427 1407 enim,

256 1457 340 1518 quae
371 1452 435 1502 tam
468 1453 554 1502 arcta
586 1435 740 1502 societate
761 1455 863 1520 genus
883 1435 1060 1501 humanum
1086 1436 1254 1518 devinxit,
1279 1436 1430 1502 concedit

257 1565 357 1626 sane,
391 1548 482 1628 quod
513 1547 675 1613 interdum
699 1561 731 1611 et
753 1538 967 1612 necessarium
1003 1562 1052 1613 est
1075 1562 1132 1612 aut
1154 1546 1351 1612 infirmitatis
1373 1561 1430 1612 aut

256 1658 419 1723 absentiae
455 1658 665 1739 conditione,
703 1672 741 1723 ut
772 1672 845 1741 agat
876 1658 976 1723 homo
1008 1679 1066 1740 per
1097 1659 1262 1724 hominem
1294 1660 1429 1724 alterum

258 1768 407 1851 quamvis
430 1768 579 1834 liberum.
625 1768 715 1854 Ergo
748 1783 786 1833 ut
808 1767 891 1833 alius
914 1768 1010 1834 nobis
1032 1784 1166 1851 quaerat
1187 1769 1430 1851 possessionem

257 1877 339 1943 illud
359 1898 460 1944 unum
488 1879 690 1960 requiritur,
713 1894 751 1944 ut
772 1897 901 1961 operam
923 1879 1082 1944 duntaxat
1101 1899 1191 1944 suam
1211 1879 1432 1944 accommodet

257 1989 371 2056 nobis:
405 2010 489 2070 quae
513 1990 637 2072 etipsa
668 1989 761 2054 Pauli
782 1989 792 2024 ³
812 1989 912 2055 verba
943 2005 1030 2056 sunt.
1060 1990 1145 2055 Ubi
1177 2005 1285 2055 autem
1307 2004 1432 2054 caetera

258 2100 290 2164 in
311 2101 406 2166 nobis
426 2115 522 2183 sunt,
544 2122 628 2183 quae
649 2099 828 2166 dominium
842 2100 1000 2178 efficiunt,
1025 2115 1057 2165 et
1069 2103 1137 2165 sola
1149 2101 1240 2166 deest
1251 2100 1431 2182 possessi0,

259 2208 405 2292 quaesita
427 2231 485 2294 per
507 2213 643 2277 alterum
675 2207 882 2294 possessione
914 2210 1011 2276 simul
1034 2211 1215 2292 proprietas
1239 2210 1431 2291 quaeritur,

258 2336 296 2386 ut
317 2321 446 2406 legibus
468 2320 634 2403 proditum
659 2337 708 2386 est
728 2316 757 2386 ἐ
792 2321 883 2401 quod
906 2322 1053 2403 exemplo
1074 2321 1121 2386 rei
1143 2320 1295 2386 venditae
1320 2336 1352 2385 et
1375 2322 1432 2384 do-

259 2445 350 2494 natae
384 2431 615 2513 comprobatur
633 2437 665 2494 ⁵:
694 2431 746 2496 cui
770 2449 976 2513 consequens
999 2445 1071 2512 cst,
1095 2429 1153 2496 ubi
1177 2431 1245 2496 sola
1267 2429 1432 2513 possessio

258 2539 436 2606 dominium
456 2540 534 2605 facit
556 2543 661 2606 multo
679 2560 740 2606 nos
757 2540 887 2606 facilius
908 2541 1059 2606 dominos
1079 2540 1150 2605 fieri
1172 2561 1269 2623 opera
1282 2541 1431 2607 alterius:

260 2651 345 2715 sicut
374 2651 407 2714 in
435 2651 624 2736 'Olympicis
651 2651 781 2716 illorum
812 2671 930 2716 nomen
961 2650 1199 2716 inscribebatur
1230 2667 1262 2716 et
1290 2651 1434 2733 praemia

259 2777 373 2842 erant,
404 2761 562 2842 aquibus
590 2760 682 2826 missi
712 2761 877 2828 vicissent.
923 2763 959 2825 ln
991 2762 1078 2826 hunc
1108 2760 1241 2826 modum
1265 2779 1432 2843 aucupes,

259 2873 461 2953 piscatores,
484 2887 675 2952 venatores,
699 2870 930 2956 margaritarii,
953 2891 1012 2937 seu
1031 2870 1205 2952 conducti,
1231 2890 1288 2936 seu
1308 2870 1433 2936 inducti

260 2983 376 3063 quavis
399 2983 523 3048 ratione
546 2998 584 3049 ut
604 2981 701 3048 nobis
725 3003 854 3065 operam
879 2982 1036 3048 duntaxat
1055 3001 1146 3048 suam
1159 2996 1297 3062 navent,
1322 2982 1434 3066 (quod

261 3093 424 3158 diversum
450 3108 499 3158 est
522 3093 561 3157 ab
585 3096 670 3158 aleae
693 3093 903 3158 venditione:
937 3092 1016 3174 quia
1042 3093 1104 3158 soli
1124 3107 1311 3158 contractus
1330 3092 1434 3158 domi-

258 3204 349 3269 nium
373 3224 439 3269 non
461 3203 704 3288 transferunt,)
728 3203 820 3285 quod
845 3203 978 3288 capiunt
992 3203 1100 3268 statim
1113 3219 1259 3270 nostrum
1271 3203 1399 3269 faciunt
1412 3205 1435 3262 ⁶.

260 3316 334 3381 Hoc
358 3329 464 3380 autem
487 3314 520 3380 in
549 3315 657 3397 operis
682 3313 808 3380 bellicis
830 3334 868 3380 eo
893 3314 1011 3380 certius
1037 3313 1225 3398 colligitur,
1250 3315 1328 3398 quia
1355 3314 1434 3380 istae

260 3427 350 3507 quod
383 3439 544 3508 occupant
572 3440 628 3490 aut
656 3440 694 3489 ut
725 3425 788 3493 sibi
819 3439 1000 3507 occupant,
1034 3439 1091 3490 aut
1119 3441 1157 3490 ut
1178 3426 1206 3492 ei
1230 3425 1289 3507 qui
1313 3426 1433 3491 bellum

260 3537 414 3618 suscepit.
461 3535 554 3600 Etsi
577 3535 707 3617 quidem
731 3550 768 3600 ut
789 3535 995 3618 susceptori,
1019 3536 1109 3603 deest
1131 3536 1197 3601 illis
1219 3537 1346 3602 animus
1366 3537 1435 3602 sine

261 3668 327 3728 quo
347 3666 412 3712 non
431 3645 659 3738 possidetur⁷:
684 3647 734 3711 sin
754 3661 792 3710 ut
811 3646 893 3727 sibi,
918 3648 1040 3711 nullam
1059 3647 1181 3712 habent
1200 3647 1288 3729 ipsae
1307 3667 1434 3713 causam

261 3837 453 3847 --—-—-

298 3951 306 3984 ¹
326 3967 349 4002 c.
366 3967 389 4008 5·
401 3965 425 4000 et
440 3955 472 4001 ad
490 3955 573 4000 concl.
590 3953 612 4000 6.
628 3963 672 3999 art.
690 3965 713 4008 ³·
747 3949 758 3984 ²
775 3967 798 4001 c.
814 3942 908 4012 potest.
918 3965 942 4000 et
952 3953 995 4013 qui
1006 3953 1073 4000 facit.
1085 3954 1224 4015 [Decretal.
1234 3953 1259 4000 in
1270 3965 1351 4002 sexto.
1362 3965 1384 4008 5.
1397 3967 1435 4001 12.

265 4057 316 4103 reg.
331 4046 371 4092 68.
388 4055 412 4091 et
429 4042 481 4106 72.]
502 4045 533 4090 V.
551 4055 626 4102 supra
641 4055 663 4090 c.
679 4056 702 4090 a.
719 4043 749 4091 ad
766 4044 783 4090 l.
802 4056 841 4090 10.
877 4042 914 4091 ³1.
932 4057 952 4090 1.
968 4043 994 4090 if.
1012 4044 1042 4091 de
1059 4057 1114 4102 acq.
1127 4057 1196 4103 poss.
1211 4046 1232 4101 5.
1248 4056 1294 4102 ρετ
1308 4055 1435 4102 procurat.

261 4134 305 4195 [D.
320 4147 361 4194 41.
381 4147 404 4182 a.
421 4148 442 4181 1.
458 4138 479 4191 5.
497 4132 549 4196 ao]
575 4131 586 4164 ⁴
604 4134 621 4180 l.
638 4145 685 4192 per
702 4144 829 4192 procurat.
846 4135 875 4180 C.
891 4135 922 4180 de
939 4147 994 4193 acq.
1009 4118 1079 4193 poss.
1097 4133 1139 4197 [C.
1157 4146 1180 4191 7.
1197 4147 1234 4190 aa.
1247 4135 1281 4195 8.]
1308 4132 1318 4164 ⁵
1335 4135 1352 4180 l.
1365 4147 1434 4182 com-

260 4224 350 4272 munis.
369 4228 390 4282 §.
404 4235 532 4284 procurat.
549 4223 575 4270 ff.
591 4224 622 4273 de
641 4237 692 4283 aeq.
711 4237 779 4283 poss.
799 4225 843 4284 [D.
862 4237 902 4283 41.
918 4238 941 4272 a.
955 4237 995 4285 42.
1014 4228 1035 4281 5.
1054 4224 1087 4285 1.]
1108 4226 1124 4272 l.
1141 4224 1253 4273 traditio.
1268 4228 1289 4282 §.
1305 4223 1348 4272 fin.
1362 4223 1388 4271 ff.
1404 4226 1435 4272 de

262 4328 316 4375 acq.
330 4317 397 4363 dom.
419 4314 462 4378 [D.
478 4328 520 4375 41.
542 4329 562 4362 1.
585 4328 624 4362 20.
641 4318 662 4373 5.
680 4315 714 4376 a]
734 4317 750 4362 l.
769 4315 812 4374 qui
827 4315 897 4362 milri.
914 4316 939 4362 ff.
956 4317 987 4364 de
1004 4317 1088 4363 donat.
1107 4314 1150 4378 [D.
1165 4315 1211 4377 39.¹
1224 4327 1246 4370 s.
1267 4315 1317 4376 13]
1344 4313 1354 4345 ⁶
1372 4317 1390 4362 l.
1403 4329 1435 4364 ex

261 4417 338 4453 emto.
359 4405 420 4454 alias
443 4409 459 4453 l.
478 4418 606 4454 emtorem.
627 4406 653 4454 in
670 4405 719 4455 fine
743 4420 800 4455 cum
826 4408 843 4453 l.
860 4419 913 4465 seq.
932 4407 958 4454 li.
976 4408 1008 4455 de
1030 4419 1081 4456 act.
1099 4406 1168 4455 emti.
1188 4407 1232 4468 [D.
1253 4421 1290 4468 19·
1313 4421 1334 4456 1.
1354 4420 1391 4454 11.
1410 4419 1435 4456 et

266 4495 315 4556 12.]
352 4487 397 4543 il.
417 4511 437 4544 1.
451 4500 472 4554 5.
490 4511 536 4558 ρετ
551 4509 679 4558 procurat.
699 4497 723 4544 ff.
741 4499 772 4546 de
792 4511 844 4556 naq.
863 4511 935 4557 poss.
952 4495 995 4559 [D.
1010 4511 1050 4558 41.
1069 4511 1092 4546 a.
1111 4511 1131 4546 1.
1149 4501 1170 4555 5.
1188 4497 1239 4558 ao]
