3546 5654
371 638 435 705 254
665 643 712 688 DE
735 642 830 708 June
854 641 1041 688 audendus
1066 640 1148 686 CAPe
1173 641 1241 688 x11.

369 797 596 877 lacessissent,
631 817 648 862 a
680 796 804 862 victore
837 794 974 878 punitos
1015 795 1130 862 crebro
1173 795 1360 862 invenimus
1381 798 1417 876 ¹,
1449 797 1544 877 quasi

212 919 357 965 &cond-⁶·
370 929 429 974 nec
453 909 574 974 bellum
598 907 806 974 virulentiam
830 906 923 973 istam
948 922 1094 972 excuset.
1129 905 1175 970 Et
1199 907 1258 972 hae
1281 907 1414 988 quidem
1436 909 1545 992 justae

211 983 261 1072 3ιῖἷὶ
273 987 358 1083 ilm-
370 1040 485 1086 causae
516 1019 594 1085 belli
622 1000 828 1101 suscipiendi
857 1017 1000 1084 fuerunt.
1060 1018 1234 1082 Caeterum
1270 1014 1445 1084 diximus²
1478 1039 1545 1086 non

371 1151 467 1197 omne
493 1133 548 1215 jus
579 1146 652 1196 ante
677 1131 799 1196 bellum
824 1149 916 1211 esse3
944 1129 1109 1211 quoddam
1135 1129 1221 1194 inter
1241 1150 1329 1195 arma
1360 1130 1462 1210 oriri,
1485 1151 1545 1212 pro

213 1261 253 1306 aa
270 1261 320 1318 rega
337 1276 357 1305 ι.
371 1264 439 1324 quo
471 1242 599 1308 scilicet
630 1241 752 1308 bellum
781 1255 868 1306 recte
900 1240 1124 1306 continuetur.
1172 1241 1331 1306 Ordinem
1361 1241 1416 1308 bic
1450 1241 1545 1307 ducit

372 1355 457 1420 vitae
488 1352 645 1421 defensio.
700 1353 786 1417 Nam
814 1371 889 1417 cum
919 1370 981 1418 uos
1013 1373 1079 1416 rem
1102 1368 1246 1418 nostram
1268 1351 1474 1420 defendimus
1496 1374 1546 1418 re·

372 1481 607 1549 cuperatumve
629 1465 737 1546 imus,
763 1479 820 1530 aut
840 1466 894 1549 jus
913 1477 1063 1530 nostrum
1086 1463 1316 1546 persequimur
1341 1480 1373 1530 et
1396 1464 1546 1530 adversa-

372 1579 440 1644 rius
462 1599 502 1659 ne
531 1578 565 1642 id
585 1576 743 1642 faciamus
765 1575 862 1640 armis
890 1575 1057 1655 occurrit,
1081 1590 1215 1658 apparet
1236 1576 1290 1641 hic
1313 1597 1373 1640 nos
1395 1577 1546 1642 innoxios

373 1689 407 1755 in
430 1689 515 1754 vitae
543 1688 726 1772 periculum
757 1687 894 1752 adduci:
920 1708 1003 1768 quae
1029 1687 1107 1752 belli
1138 1707 1234 1754 causa
1265 1687 1492 1770 antiquissima
1516 1704 1548 1754 et

372 1800 554 1885 justissima
578 1815 636 1864 est.
682 1799 728 1866 Et
748 1797 897 1881 profecto
920 1814 993 1864 ante
1017 1802 1100 1865 hanc
1122 1820 1252 1864 causam
1274 1800 1396 1865 bellum
1420 1820 1438 1865 a
1458 1816 1548 1883 parte

214 1920 255 1965 Ex
277 1919 358 1966 histor·
375 1913 571 1978 batavorum
591 1929 631 1976 ne
652 1911 763 1993 coepit
783 1910 935 1992 quidem,
952 1925 990 1976 ut
1008 1911 1205 1977 narrationis
1227 1911 1429 1994 praepositae
1448 1911 1548 1978 series

215 1985 362 2139 Ξῖνὲἷΐῖνῖἷ
375 2023 531 2089 ostendit.
578 2022 736 2104 Sequitur
768 2042 876 2087 rerum
909 2020 1059 2088 defensio
1090 2037 1147 2089 aut
1170 2023 1372 2106 recuperatio
1405 2023 1476 2089 sive
1498 2023 1549 2106 ip-

258 2113 264 2126 ·
296 2113 302 2127 ⁸
375 2156 482 2202 sarum
506 2155 613 2200 rerum
635 2134 722 2199 bello
746 2133 962 2213 amissarum,
987 2133 1056 2200 sive
1081 2135 1151 2218 ejus
1176 2135 1267 2217 quod
1290 2155 1349 2217 pro
1371 2135 1470 2200 rebus
1492 2136 1549 2200 ha-

215 2257 363 2370 2210ss
376 2246 451 2341 beri¹
475 2262 597 2330 potest.
644 2245 730 2310 Nam
759 2246 898 2310 bellator
926 2246 1073 2329 injustus
1094 2247 1186 2329 justo
1217 2246 1367 2311 bellatori
1392 2247 1433 2312 ad
1453 2267 1549 2313 omne

216 2365 309 2464 stom
324 2365 365 2462 gg:
377 2358 530 2424 damnum
548 2357 735 2442 obligatur,
761 2356 852 2438 quod
874 2356 903 2422 ei
925 2357 1097 2422 occasione
1118 2357 1195 2422 belli
1217 2358 1364 2424 obvenit.
1411 2359 1551 2425 Constat

217 2472 331 2518 ΝΜ·
377 2486 483 2536 autern
514 2469 645 2534 Batavis
675 2490 733 2551 per
753 2468 942 2534 violentiam
972 2469 1209 2535 Lusitanorum
1232 2470 1361 2554 navigia
1392 2470 1550 2551 quaedam

205 2599 267 2698 'iiie
282 2598 450 2698 armcnm
482 2581 645 2648 mercibus
678 2595 809 2663 erepta,
834 2579 948 2646 damna
980 2597 1089 2646 autem
1119 2581 1207 2646 illata
1231 2601 1300 2648 esse
1323 2581 1486 2664 plurima,
1512 2596 1549 2647 ut

218 2685 284 2753 curti.
378 2711 451 2758 cum
475 2693 538 2776 ipsi
560 2692 722 2758 interdum
745 2707 876 2775 accepta
897 2692 988 2758 clade
1009 2693 1117 2758 coacti
1137 2708 1214 2760 sunt
1240 2712 1341 2759 naves
1361 2713 1435 2759 suas
1460 2693 1550 2758 dese·

378 2826 448 2871 rere
468 2820 500 2870 et
524 2825 672 2870 exurere.
719 2804 877 2886 Sequitur
900 2803 1027 2869 exactio
1050 2805 1119 2888 ejus
1144 2805 1235 2887 quod
1257 2805 1363 2870 hostis
1384 2805 1473 2870 hosti
1495 2803 1550 2870 de-

219 2931 265 3030 s}
279 2919 456 2998 leychet,
489 2916 523 2983 in
554 2937 619 2998 qua
647 2917 797 2999 ponenda
819 2930 867 2982 est
890 2929 1058 2982 sumtuum
1077 2915 1170 2982 ratio.
1218 2915 1343 2981 Omnes
1364 2915 1449 2981 enim
1473 2915 1549 2982 belli

219 3001 244 3086 fn
253 3000 367 3099 esni-‘ff
380 3031 541 3112 impensas
569 3028 704 3093 innoxio
736 3027 854 3108 debet,
879 3027 937 3108 qui
969 3027 1047 3092 belli
1070 3027 1184 3112 injusti
1216 3043 1332 3093 auctor
1352 3025 1426 3092 fuit.
1471 3027 1551 3093 Non

381 3140 528 3224 potuisse
558 3153 665 3204 autern
689 3137 860 3204 Lusitanis
887 3137 995 3204 resisti
1022 3138 1093 3205 sine
1123 3138 1291 3204 immensis
1322 3139 1485 3205 sumtibus
1518 3139 1550 3203 in

220 3263 260 3308 aa
285 3263 366 3310 histor·
380 3266 444 3316 tam
465 3265 590 3317 remoto
611 3251 690 3316 orbe
708 3265 777 3316 tota
796 3270 903 3315 rerum
923 3250 1064 3316 narratio
1083 3250 1163 3316 satis
1188 3250 1342 3316 ostendit.
1390 3251 1465 3315 Huc
1481 3270 1554 3332 per-

219 3328 368 3433 frlfft'tiffri‘·
380 3362 463 3428 tinet
491 3377 652 3428 armatura
680 3361 813 3428 navium
836 3381 902 3426 non
933 3362 1041 3428 minus
1069 3363 1213 3444 pretiosa
1233 3381 1330 3443 quam
1352 3362 1553 3428 necessaria:

379 3475 481 3558 maJ'or
510 3489 681 3540 nautarum
714 3492 891 3554 numerus,
916 3474 1078 3557 stipendia
1098 3475 1142 3541 ob
1161 3473 1344 3557 periculum
1373 3474 1497 3557 majora
1521 3488 1553 3538 et

380 3607 463 3669 quae
483 3585 634 3652 curandis
653 3585 847 3652 vulneribus
872 3605 1031 3668 operaeve
1051 3586 1084 3650 in
1104 3587 1191 3652 bello
1211 3601 1347 3652 navatae
1369 3600 1554 3651 remunera-

379 3699 462 3764 tioni
481 3698 696 3781 imputantur.
742 3697 932 3780 Utrumque
953 3713 1060 3764 autem
1081 3712 1114 3763 et
1134 3698 1174 3763 de
1194 3698 1314 3763 damno
1334 3711 1366 3762 et
1386 3698 1426 3762 de
1441 3711 1555 3763 sumtu

379 3812 471 3895 quod
497 3811 663 3891 diximus,
688 3809 729 3876 ad
756 3809 812 3875 illa
842 3809 936 3876 etiam
960 3809 1099 3892 produci
1120 3809 1240 3890 debet,
1266 3830 1350 3892 quae
1375 3808 1493 3874 Batavi
1514 3809 1553 3892 ab

379 3923 430 3991 his
463 3944 547 4006 quos
577 3922 728 3989 Lusitani
757 3921 976 3988 submiserant
1004 3936 1061 3987 aut
1086 3921 1173 4004 passi
1205 3936 1305 4002 sunt,
1330 3935 1387 3986 aut
1410 3935 1554 3986 metuere

378 4050 568 4119 potuerunt.
613 4035 698 4100 Nam
732 4049 764 4100 et
791 4034 959 4099 mandator
989 4033 1031 4099 ad
1061 4033 1305 4100 restitutionem
1337 4032 1504 4116 obligatur
1529 4030 1553 4097 ⁸.

379 4147 433 4212 Ex
458 4149 521 4212 hoc
550 4147 657 4230 capite
676 4148 778 4229 repeti
797 4160 906 4229 potest
926 4146 1018 4228 quod
1037 4165 1096 4228 pro
1120 4144 1321 4211 redemtione
1342 4143 1554 4227 captivorum

414 4409 505 4458 ¹Plut.
527 4409 620 4458 Timol.
644 4409 682 4471 [p.
705 4421 763 4464 esa.
784 4422 806 4456 a.
829 4408 867 4469 la]
891 4409 922 4456 V.
947 4409 1021 4456 Gent.
1046 4405 1091 4455 lib.
1115 4418 1138 4452 r.
1163 4417 1185 4452 c.
1211 4407 1249 4453 18.
1289 4403 1341 4453 2c.
1364 4418 1389 4463 7.
1412 4406 1444 4452 ad
1469 4417 1513 4453 art.
1536 4419 1557 4453 r.

380 4497 389 4530 ³
408 4501 455 4547 Th.
474 4514 497 4548 α.
514 4514 537 4548 2.
554 4515 579 4560 q.
597 4502 638 4548 62.
656 4511 702 4548 art.
721 4512 745 4557 7.
764 4500 790 4546 in
808 4501 893 4547 concl.
