3530 5656
576 635 624 685 DE
647 638 740 704 JURE
765 636 948 686 PRAEDAE.
972 637 1053 685 CAP.
1077 639 1118 686 11.
1414 646 1434 708 9

261 801 314 875 τὴν
337 800 371 863 ἐκ
396 803 556 872 sistartia
575 795 702 880 φύσεως.
748 792 827 857 Non
849 805 957 879 potest
980 791 1079 858 aliud
1105 795 1251 879 reperiri
1274 795 1436 880 justitiae

257 909 464 994 principium
485 907 617 990 origano
639 904 732 984 alia,
753 923 853 990 quam
875 925 896 968 a
917 902 988 968 Deo
1008 917 1040 968 ct
1064 925 1085 968 a
1113 907 1275 970 communi
1296 919 1436 973 natura.

305 1016 391 1082 Cum
413 1015 514 1100 igitur
534 1034 585 1081 res
605 1015 754 1082 conditas
776 1015 869 1080 Deus
893 1033 963 1081 esse
986 1012 1104 1080 fecerit
1127 1029 1160 1080 et
1182 1034 1251 1082 esse
1272 1017 1437 1096 voluerit,

262 1127 473 1212 proprietates
498 1125 652 1209 quasdam
674 1128 834 1193 naturales
857 1125 995 1211 singulis
1018 1125 1162 1208 indidit,
1187 1125 1309 1209 quibus
1330 1127 1436 1212 ipsum

262 1240 345 1305 illud
366 1258 436 1304 esse
459 1252 705 1304 conservaretur
728 1251 760 1302 et
779 1236 901 1319 quibus
924 1235 964 1300 ad
984 1236 1107 1301 bonum
1119 1255 1215 1302 suum
1229 1241 1437 1322 unumquod-

263 1333 353 1433 que.
381 1350 474 1417 velut
496 1367 536 1414 ex
559 1347 661 1431 prima
684 1346 819 1431 originis
842 1349 934 1432 lege,
959 1346 1133 1413 duceretur
1157 1356 1180 1413 ¹.
1226 1349 1326 1416 Unde
1347 1352 1437 1434 prin·

263 1460 386 1544 cipium
408 1460 512 1526 totius
537 1459 695 1525 naturalis
715 1457 839 1525 ordinis
861 1472 948 1524 recte
971 1471 1085 1541 poetae
1108 1472 1140 1524 et
1167 1458 1356 1544 philosophi
1379 1481 1436 1529 ve·
1489 1527 1500 1548 ῃ

262 1587 347 1639 teres
369 1571 381 1608 ²
403 1592 546 1636 amorem
578 1583 783 1647 statuerunt,
817 1571 913 1654 cujus
940 1569 1043 1653 prima
1064 1569 1116 1636 vis
1145 1571 1315 1654 primaque
1351 1575 1436 1640 actio

264 1683 431 1767 reciproca
467 1697 516 1750 est
552 1682 586 1748 in
618 1701 653 1749 se
684 1681 804 1764 ipsum.
865 1680 941 1768 Qua
979 1683 1104 1749 ratione
1141 1682 1337 1765 culpandum
1371 1703 1438 1751 non

265 1809 313 1861 est
343 1794 436 1877 quod
463 1809 597 1861 secutus
625 1792 842 1860 Academicos
866 1792 1025 1860 Horatius
1047 1792 1058 1827 ⁸
1080 1792 1265 1858 utilitatem
1286 1795 1379 1878 justi
1407 1810 1438 1860 et

265 1909 365 1990 acqui
385 1918 488 1991 prope
511 1917 651 1969 matrem
676 1903 769 1969 dixit.
815 1903 933 1969 Omnis
956 1903 1042 1969 enim
1064 1918 1200 1982 natura,
1227 1918 1265 1969 ut
1287 1905 1436 1987 plurimis

264 2015 348 2082 locis
377 2015 496 2081 Cicero
528 2015 695 2096 inculcat,
724 2013 863 2098 diligens
893 2029 942 2081 est
963 2014 1016 2079 sui
1038 2034 1140 2096 seque
1162 2015 1284 2080 salvam
1305 2035 1342 2082 ac
1364 2017 1438 2082 bea-

266 2142 330 2192 tam
363 2128 458 2207 vult,
489 2125 589 2208 idque
618 2145 685 2192 non
719 2126 753 2190 in
783 2124 971 2191 hominibus
1001 2123 1080 2191 solis
1111 2125 1223 2192 videre
1255 2142 1304 2193 est
1326 2128 1436 2194 sedin

267 2238 379 2304 bestiis
409 2237 527 2320 etiam,
561 2237 627 2302 imo
658 2251 691 2303 et
719 2237 753 2302 in
780 2238 879 2302 rebus
912 2235 1073 2302 inanimis.
1120 2236 1186 2302 Hic
1206 2236 1291 2302 enim
1312 2253 1362 2305 est
1384 2239 1438 2306 ille

265 2370 364 2415 verus
389 2364 421 2414 et
437 2347 570 2416 divinus
592 2348 644 2413 sui
668 2368 757 2415 amor
780 2351 816 2430 ⁴,
841 2348 929 2414 omni
952 2368 993 2413 ex
1015 2362 1105 2431 parte
1117 2348 1299 2414 laudabilis.
1345 2351 1439 2438 Quae

268 2460 399 2526 enimin
422 2459 514 2527 vitiis
534 2459 668 2542 ponitur
685 2462 853 2547 φιλαυτία,
877 2459 940 2524 hoc
963 2473 1012 2524 est
1034 2461 1171 2523 nimium
1192 2462 1246 2523 sui
1267 2459 1438 2543 studium,

268 2571 363 2638 istius
397 2571 514 2637 amoris
538 2590 691 2638 excessus
714 2584 772 2637 est.
817 2557 923 2636 Recte
947 2582 1054 2634 autem
1079 2569 1229 2636 Socrates
1253 2591 1327 2636 cum
1353 2572 1440 2654 apud

268 2683 543 2767 Xenophontem⁸
563 2696 633 2747 tum
663 2680 750 2763 apud
774 2679 942 2746 Platonem
965 2675 978 2711 ⁸
1001 2694 1100 2762 atque
1121 2681 1215 2746 etiam
1239 2682 1405 2766 Diogenes
1427 2684 1439 2725 ⁷

264 2794 422 2880 justitiam
449 2793 605 2860 virtutem
636 2806 809 2873 statuunt,
844 2811 928 2872 quae
951 2810 1012 2856 nos
1040 2791 1137 2857 utiles
1159 2791 1241 2857 facit
1263 2813 1337 2859 cum
1367 2794 1440 2860 aliis

267 2920 336 2972 tum
371 2903 467 2970 nobis
501 2903 590 2987 ipsis.
635 2902 768 2989 Quippe
799 2901 964 2970 hominem
989 2903 1114 2987 justum
1133 2903 1226 2968 nullo
1256 2904 1354 2970 modo
1376 2905 1438 2971 sibi

268 3017 330 3101 ipsi
351 3035 523 3084 suarumve
545 3014 684 3098 partium
708 3013 768 3080 ulli
790 3013 954 3080 facturum
977 3013 1153 3099 injuriam,
1178 3035 1349 3082 causamve
1377 3016 1439 3082 sibi

267 3126 416 3193 futurum
446 3125 569 3192 doloris
602 3141 659 3192 aut
683 3124 894 3192 incommodi.
939 3125 1041 3212 Quod
1061 3125 1187 3210 egregie
1209 3126 1439 3194 Plutarchus⁸
1520 3201 1532 3225 ·

269 3238 422 3322 adjuncta
448 3236 690 3320 comparatione
713 3236 875 3320 explicat,
899 3257 974 3302 cum
996 3252 1094 3322 negat
1112 3239 1185 3304 oleo
1208 3237 1346 3303 similem
1370 3258 1440 3304 esse

267 3349 449 3434 justitiam,
479 3347 571 3430 quod
592 3368 610 3412 a
630 3347 777 3414 medicis*
788 3347 909 3414 dicitur
941 3347 1157 3415 exterioribus
1187 3348 1333 3432 corporis
1365 3369 1440 3432 pro·
1522 3430 1524 3434 Α

269 3461 386 3542 desse,
411 3478 529 3525 nocere
552 3458 781 3526 interioribus:
801 3461 892 3544 iusto
913 3459 998 3525 enirn
1017 3480 1175 3526 summam
1194 3460 1247 3527 sui
1280 3479 1349 3526 esse
1382 3480 1440 3526 cu·

269 3591 345 3637 ram.
391 3570 461 3635 Alii
473 3573 485 3606 ⁹
498 3570 554 3653 qui
566 3570 698 3636 nomina
720 3570 876 3638 subtilius
889 3570 1116 3656 distinguunt,
1140 3591 1206 3638 non
1219 3586 1283 3636 tam
1293 3569 1440 3656 justitiae
1546 3605 1550 3612 <

269 3683 332 3749 hoc
362 3684 447 3765 opus
479 3701 548 3748 esse
573 3683 711 3763 volunt,
736 3700 833 3764 quam
867 3681 1036 3764 caritatis,
1060 3682 1100 3748 ad
1123 3703 1220 3765 quam
1240 3701 1301 3748 nos
1324 3697 1440 3748 natura

269 3879 466 3890 ...η-...-

303 3997 386 4048 ¹Cic.
404 3999 435 4048 de
459 3996 503 4047 fin.
528 4001 546 4047 l.
567 4011 592 4059 4.
612 3996 648 4061 [c.
668 4011 706 4046 ro.
721 3998 734 4060 §
752 3997 806 4062 as]
823 4010 848 4048 et
865 4000 946 4048 Acad.
963 4001 980 4047 l.
1002 3972 1025 4048 1.
1059 3995 1157 4047 lPlato
1183 3997 1210 4047 in
1231 4011 1308 4049 conv.
1324 4013 1357 4048 ex
1379 4001 1439 4049 Hes.

269 4102 295 4139 et
316 4092 396 4139 Parra.
419 4088 458 4152 [p.
485 4091 539 4148 178.
562 4088 600 4153 b.]
637 4087 648 4120 ³
674 4092 722 4138 sat.
746 4091 763 4137 l.
792 4103 813 4138 r.
832 4101 855 4148 3.
875 4087 925 4153 [vs.
943 4087 996 4153 98.]
1032 4088 1138 4139 ⁴Arist.
1155 4091 1187 4138 de
1206 4103 1271 4139 mor.
1289 4092 1320 4139 ad
1336 4090 1440 4141 Nicom.

269 4182 286 4230 1.
304 4195 328 4244 9.
344 4195 367 4230 c.
385 4195 410 4242 4.
428 4191 452 4229 et
470 4182 493 4229 8.
513 4179 550 4244 [p.
569 4180 640 4230 1166.
658 4192 678 4228 1.
698 4192 735 4228 vs.
757 4191 795 4237 17.
817 4190 842 4228 et
859 4193 886 4241 p.
910 4179 982 4243 1169.
1005 4193 1027 4229 1.
1042 4193 1081 4228 vs.
1101 4179 1150 4244 17.]
1172 4183 1203 4230 de
1220 4194 1274 4242 rep.
1291 4183 1308 4228 l.
1327 4195 1351 4230 a.
1370 4195 1394 4230 c.
1417 4194 1440 4238 5·

271 4268 309 4334 [p.
335 4271 406 4328 1263.
433 4285 456 4318 1.
478 4283 517 4320 vs.
539 4283 580 4333 41.
602 4269 669 4334 sqq.]
695 4272 776 4319 Castr.
800 4273 832 4320 ad
849 4271 862 4333 5
878 4269 918 4329 jus
933 4271 1053 4332 gentium.
1072 4273 1090 4320 l.
1112 4285 1133 4320 1.
1154 4271 1180 4320 ff.
1207 4273 1238 4321 de
1258 4269 1317 4329 just.
1335 4284 1359 4321 et
1376 4271 1441 4329 iure.

272 4361 316 4424 [D.
336 4360 519 4426 1.1.1.§4.]
555 4359 801 4423 ‘Commentlp
826 4360 915 4427 [c.4]
951 4361 1011 4412 ‘de
1026 4375 1080 4423 rep.
1099 4363 1116 4410 l.
1136 4376 1157 4411 r.
1175 4361 1212 4426 [p.
1230 4372 1287 4420 353.
1301 4361 1336 4426 e.]
1373 4359 1440 4424 lap.

270 4450 340 4508 stob.
360 4450 387 4500 in
404 4451 479 4501 florii.
496 4455 514 4500 1.
531 4451 667 4516 9.[n.49.]
703 4453 864 4502 ⁸Plut.Cat.
884 4449 922 4516 [p.
936 4464 992 4515 354.
1011 4452 1047 4518 d]
1083 4452 1440 4516 ⁹‘Thom.1.a.q.77.art.4.

272 4543 299 4590 in
315 4555 381 4603 resp.
397 4544 453 4591 sen.
469 4544 500 4591 de
514 4542 598 4592 benef.
613 4543 630 4591 l.
645 4554 668 4599 s.
686 4556 710 4592 c.
727 4557 751 4606 9.
