3536 5692
505 667 551 712 uu
575 665 669 730 June
695 664 877 710 annuunt.
903 665 982 710 cnr.
1007 664 1086 710 x111.
1316 648 1378 724 287

207 839 405 901 quamquam
438 818 568 885 difficile
602 833 650 884 est
680 817 733 884 his
762 816 951 899 praesertim
984 815 1042 897 qui
1075 815 1162 898 apud
1185 815 1285 882 Indos
1306 836 1379 883 ver·

207 943 320 996 santur
342 931 385 997 ob
409 928 599 996 manifestas
634 927 794 1011 injurias,
828 927 899 993 lieri
928 942 1036 992 tamen
1070 945 1167 1009 posse
1190 945 1256 992 non
1280 925 1380 1008 perti·

206 1041 329 1106 naciter
352 1061 477 1124 negem.
502 1041 547 1106 Et
571 1060 610 1106 eo
634 1038 731 1104 modo
756 1039 878 1104 bellum
897 1037 1082 1118 utrimque,
1106 1053 1170 1103 tam
1183 1037 1377 1118 Batavorum
1392 1049 1530 1149 famu>

207 1170 305 1229 quam
338 1150 573 1216 Lusitanorum
607 1149 730 1215 civium
761 1164 933 1230 respectu,
964 1149 1088 1232 justum
1115 1167 1184 1213 esse
1204 1147 1326 1230 poterit
1349 1133 1435 1212 etrie-
1452 1137 1485 1203 1ῐῖ
1529 1131 1539 1140 ’

205 1278 290 1339 pura
321 1259 521 1326 conscientia
554 1259 631 1343 geri.
678 1259 774 1324 Licet
806 1274 913 1326 autem
946 1259 979 1322 in
1014 1258 1071 1326 tali
1105 1259 1193 1324 bello
1228 1272 1379 1346 tantum,
1393 1270 1447 1368 γεῆ
1467 1273 1538 1370 2235}-

207 1383 367 1449 quantum
388 1390 404 1435 a
425 1359 615 1452 magistratu
638 1369 841 1437 conceditur.
888 1368 1087 1436 Concedunt
1109 1383 1215 1434 autem
1237 1367 1379 1434 Ordines
1393 1356 1450 1422 Μ’
1531 1356 1537 1369 ⁸

134 1543 138 1551 ,
207 1478 387 1546 Lusitanos
419 1479 494 1546 illos
528 1480 690 1562 spoliare,
730 1500 873 1562 quorum
905 1478 969 1546 fuit
1001 1498 1139 1545 caracca.
1192 1478 1313 1545 Edicto
1346 1478 1379 1545 id
1392 1490 1537 1590 Βιψα-

207 1592 365 1671 probatur
411 1591 451 1656 ab
487 1591 669 1656 Ordinibus
710 1590 887 1657 foederatis
931 1592 1162 1674 promulgato,
1205 1604 1379 1672 postquam
1392 1557 1496 1655 i's'anpr'
1512 1561 1535 1591 m

208 1701 352 1782 Hispani
370 1717 548 1768 extremum
570 1723 646 1768 suae
665 1701 820 1784 perfidiae
836 1701 1000 1784 specimen
1018 1687 1214 1779 ediderunt,
1238 1700 1380 1783 abreptis
1392 1701 1538 1804 fisjfrttfffg

206 1812 348 1878 navibus
369 1833 453 1893 quae
479 1812 542 1878 lide
565 1813 696 1895 publica
718 1813 916 1880 advenerant
939 1827 971 1878 et
994 1812 1184 1880 hominibus
1197 1812 1230 1880 in
1242 1831 1379 1878 nervum
1392 1811 1463 1855 ann.
1498 1843 1505 1857 ·

206 1937 238 1987 et
260 1923 451 1988 servitutem
473 1923 558 1990 datis
581 1924 832 1992 acerbissimam.
861 1924 972 2010 Quare
996 1923 1139 1992 Ordines
1157 1924 1381 1991 demonstrant

206 2034 374 2116 Hispanos
397 2035 524 2116 quique
545 2038 624 2120 ipsis
648 2034 779 2101 addicti
802 2049 833 2100 et
858 2036 899 2101 ab
921 2039 1068 2120 ipsoram
1075 2036 1236 2120 partibas
1248 2047 1379 2100 starent

205 2145 380 2211 insatiabili
413 2145 600 2212 dominatus
633 2146 810 2228 cupidine,
846 2166 947 2227 aqua
967 2164 1046 2229 gens
1068 2146 1159 2209 nulla
1177 2159 1249 2210 tuta
1269 2159 1378 2223 esset,

204 2255 285 2344 adeo
319 2255 492 2336 efferatos,
526 2270 563 2320 ut
598 2255 675 2337 quia
708 2256 849 2321 Batavos
881 2274 1060 2334 eorumque
1092 2254 1201 2320 socios
1231 2256 1322 2320 nulla
1343 2255 1378 2319 vi

180 2441 181 2444 Ἴ
206 2367 373 2446 nullisque
405 2364 580 2430 fraudibus
610 2366 691 2448 jugo
724 2383 785 2430 suo
820 2365 977 2431 hacteuus
1009 2364 1148 2430 subdere
1170 2363 1378 2446 potuissent,

204 2477 268 2559 jam
294 2477 402 2540 eadem
423 2475 459 2542 vi
480 2475 669 2556 eisdemque
689 2473 886 2554 fraudibus,
911 2474 1006 2540 etiam
1017 2489 1129 2540 contra
1140 2474 1245 2544 datam
1257 2474 1377 2553 fidem,

206 2607 262 2652 eos
292 2586 438 2652 omnium
471 2585 559 2650 orbis
592 2585 762 2669 regionum
797 2586 992 2651 commercio
1016 2600 1176 2651 certarent
1196 2585 1377 2651 excludere.

205 2697 333 2762 Idcirco
355 2717 428 2762 cum
450 2696 512 2762 sibi
533 2695 740 2779 propositum
759 2695 803 2761 sit
821 2697 862 2761 ad
882 2697 1135 2778 compescendos
1153 2710 1290 2762 conatus
1313 2711 1377 2762 tam

206 2808 401 2874 inhumanos
422 2808 513 2872 altro
538 2808 703 2892 Hispanos
727 2806 869 2892 aggredi
889 2810 925 2870 in
938 2811 1049 2893 regnis
1062 2810 1378 2892 atquepraninciis‚

206 2940 289 3004 qaas
312 2905 368 2982 illi
391 2931 621 3002 occuparant,
646 2917 794 3002 dataque
813 2917 938 2982 damna
958 2932 1174 3003 reparareac
1188 2921 1376 2996 resarcire,

205 3051 270 3096 non
304 3045 430 3095 tantum
463 3029 595 3096 navium
629 3028 834 3112 publicarum
868 3048 989 3110 opera,
1022 3027 1079 3093 sed
1109 3042 1141 3094 et
1169 3028 1377 3113 singularam

205 3163 345 3226 qaorum
369 3141 408 3207 td
427 3145 589 3220 interest,
614 3155 749 3222 accepto
773 3141 813 3204 ab
838 3139 1021 3205 Ordinibus
1044 3138 1218 3218 mandatu,
1244 3138 1377 3204 omnino

205 3271 239 3314 se
275 3251 491 3318 necessarium
529 3251 676 3318 arbitrari
714 3251 881 3333 Hispanos
916 3264 948 3315 et
982 3250 1041 3332 qui
1074 3250 1139 3315 illis
1170 3250 1291 3315 addicti
1322 3265 1379 3315 aut

205 3381 316 3428 eorum
346 3377 452 3428 sectae
480 3363 678 3442 adhaerent,
711 3361 884 3447 prohibere
912 3361 1000 3427 omni
1023 3377 1205 3426 commeatu
1230 3381 1289 3428 nec
1311 3361 1378 3444 pati

205 3491 303 3539 naves
333 3494 498 3540 mercesve
529 3476 613 3540 ullas
640 3489 724 3540 terra
755 3488 812 3539 aut
843 3473 944 3555 mari,
969 3493 1170 3555 quacunque
1191 3473 1316 3538 ratione
1338 3472 1379 3537 ad

205 3584 295 3667 ipsos
318 3584 458 3665 devehi,
490 3585 581 3667 quod
605 3601 676 3651 tum
697 3585 764 3669 juri
788 3585 923 3667 publico
945 3584 1089 3669 gentium
1113 3598 1146 3648 et
1166 3583 1538 3695 Imperatorio'ij-uslupraang³

205 3710 403 3777 receptoque
435 3696 695 3780 belligerantium
729 3695 828 3775 usui,
861 3709 931 3760 tum
965 3695 1080 3759 edictis
1112 3695 1177 3776 jam
1211 3708 1285 3759 ante
1306 3713 1323 3757 a
1344 3713 1377 3758 se
1391 3683 1469 3749 corot'l·
1485 3709 1504 3748 1·

206 3820 238 3870 et
260 3805 370 3890 regina
393 3806 534 3888 Angliae
558 3806 654 3871 editis
678 3824 748 3871 esse
772 3820 1039 3870 consentaneum.
1084 3805 1258 3870 Declarant
1277 3804 1378 3886 igitur

195 3916 327 4000 justam
356 3937 420 3981 assa
438 3916 604 4002 praedam
628 3919 772 3980 domines
797 3935 912 3999 resque
936 3936 1040 3979 ornnes
1064 3918 1148 3979 sitas
1172 3915 1230 3978 sab
1254 3912 1379 3978 ditione

206 4031 293 4113 regis
336 4028 609 4112 Hispaniarum,
650 4046 842 4112 quocunqne
876 4025 1009 4091 tandem
1044 4025 1110 4090 laco
1146 4028 1378 4111 reperiantur.

206 4138 257 4201 Ac
287 4139 397 4203 denuo
430 4137 584 4203 destricte
613 4136 790 4220 prohibent
820 4149 919 4217 atque
953 4135 1153 4202 interdicunt
1185 4135 1312 4200 cunctis
1343 4155 1378 4198 ac

205 4248 364 4331 singulis,
389 4250 621 4333 cujuscunque
632 4247 855 4328 conditionis,
876 4247 1070 4328 imperiiaut
1080 4245 1224 4330 regionis
1235 4244 1378 4325 fuerint,

207 4374 343 4439 excepto
366 4361 517 4440 nemine,
542 4361 583 4426 ad
604 4363 690 4428 ullos
711 4374 851 4443 portus,
876 4358 995 4442 oppida
1020 4360 1152 4422 locosve
1176 4356 1320 4422 hostium
1345 4355 1384 4420 iu·

206 4467 315 4550 regnis
345 4470 545 4552 Hispaniae,
580 4472 783 4537 Lusitaniae
814 4472 927 4537 aliisve
958 4471 990 4535 in
1020 4469 1152 4550 Europa
1183 4467 1287 4547 sitos,
1320 4468 1378 4531 sub
