3552 5654
365 693 425 754 142
672 690 719 736 nu
742 690 836 756 June
863 688 1048 736 sansone.
1074 689 1155 736 cna.
1181 693 1218 738 x.

353 845 498 912 omnium
522 845 617 914 etiam
642 841 786 928 gentium
799 863 933 910 assensu
956 840 1169 926 omniumque
1181 858 1366 928 temporum
1378 847 1532 912 memoria

351 957 603 1039 comprobatur:
624 957 679 1039 jus
702 953 839 1036 praedae
861 953 987 1019 scilicet
1005 973 1073 1018 non
1094 974 1163 1020 esse
1183 973 1286 1037 penes
1307 955 1455 1040 singulos
1476 978 1531 1023 oc-

351 1081 531 1149 cupantes,
556 1065 615 1134 sed
634 1081 736 1148 penes
758 1064 991 1146 rempublicam
1016 1065 1128 1148 ejusve
1159 1066 1344 1149 Principem
1376 1082 1433 1133 aut
1453 1068 1530 1133 belli

353 1176 490 1258 ducem,
511 1191 674 1259 quatenus
690 1176 745 1259 jus
767 1175 857 1242 istud
879 1195 897 1240 a
919 1175 1086 1257 republica
1107 1191 1310 1259 acceperunt.
1340 1177 1443 1259 Apud
1462 1178 1531 1243 He·

353 1288 469 1354 bracos
489 1299 498 1333 ¹
516 1286 667 1354 videmus
689 1286 838 1369 praedam
861 1286 902 1350 ad
923 1286 1024 1351 duces
1046 1289 1226 1368 perlatam,
1250 1306 1357 1369 neque
1378 1288 1429 1352 his
1450 1309 1528 1354 cou-

353 1417 474 1464 cessam
498 1397 557 1478 qui
579 1416 676 1463 manu
700 1411 871 1479 ceperant,
895 1416 931 1460 ac
952 1414 993 1462 ne
1013 1395 1065 1460 his
1087 1397 1220 1478 quidem
1252 1398 1332 1464 solis
1356 1399 1414 1481 qui
1446 1419 1531 1483 pug-

352 1522 528 1590 naverant,
561 1508 619 1576 sed
650 1522 774 1590 partem
810 1505 872 1572 toti
905 1506 1060 1572 exercitui
1085 1506 1211 1588 datam,
1235 1523 1357 1591 partem
1381 1512 1529 1592 populO,

353 1634 477 1702 partem
500 1617 596 1684 etiam
618 1633 773 1684 sacratam
800 1620 895 1702 jussu
926 1617 1039 1683 divino
1062 1632 1260 1700 receptoque
1283 1639 1383 1686 more.
1428 1620 1529 1703 Apud

353 1729 501 1794 Graecos
523 1749 632 1795 nonne
655 1728 740 1794 idem
764 1728 971 1795 observatum
996 1727 1070 1793 est?
1117 1728 1216 1794 Unde
1241 1730 1406 1798 Homerus
1426 1729 1457 1796 ²:
1565 1773 1573 1790 .

523 1845 607 1908 οὶλλθο
628 1844 669 1909 rit
690 1845 743 1920 μὲν
764 1842 870 1907 aoniae
893 1839 1104 1922 ἐξεπράθομεν,
1125 1845 1166 1910 rie
1186 1842 1332 1910 odaren.

529 1948 650 2016 Omnia
663 1951 738 2034 jam
761 1948 871 2017 diuisa
891 1950 1010 2034 quibas
1026 1948 1240 2033 spoliavimus
1262 1949 1368 2014 urbes.

395 2059 440 2126 Et
461 2060 610 2126 Achilles
632 2060 719 2143 apud
739 2059 887 2126 eumdem
901 2058 913 2094 ⁸
926 2059 966 2126 de
989 2059 1128 2126 urbibus
1151 2081 1169 2125 a
1191 2079 1225 2126 se
1248 2059 1351 2143 captis
1372 2062 1527 2142 loquens:

522 2173 600 2240 τοθοον
622 2178 655 2239 ἔκ
675 2173 789 2240 ποοσέων
812 2175 951 2254 κειμήλιον
968 2175 1069 2240 πολλοὶ
1090 2173 1141 2238 uati
1164 2175 1254 2240 ἐσθλοὶ

528 2283 668 2364 ἐξελόμην
690 2283 741 2350 seui
762 2282 863 2350 ποθνσοο
882 2283 975 2366 φέρων
993 2284 1193 2363 Ἀγαμέμνονι
1211 2286 1308 2350 δόσκον

526 2395 669 2476 ’Asprum
690 2395 704 2458 ὁ
724 2393 846 2460 δ’θπνσθε
867 2393 958 2472 μένων
978 2395 1060 2474 nepe
1079 2395 1157 2469 νηυσὶ
1177 2395 1267 2475 dasian

525 2505 679 2584 δεξάμενος
697 2506 745 2571 Brit
761 2510 861 2585 maipa
880 2504 1044 2571 δοσοθσκεπο
1053 2550 1063 2582 ,
1084 2520 1185 2572 πολλοι
1206 2502 1350 2587 δ’ἔχεσκε.

532 2609 690 2676 Omnibus
709 2613 760 2676 his
781 2617 895 2698 ingens
911 2617 1022 2696 pretio
1044 2633 1242 2696 numeroque
1260 2604 1407 2697 supellex
1485 2600 1490 2610 ’

527 2723 659 2788 Nostra
681 2735 784 2806 rapta
808 2744 933 2788 mana:
958 2726 1032 2809 regi
1053 2721 1109 2835 tegi
1126 2727 1235 2790 uiator
1256 2721 1405 2788 Atridae

527 2831 657 2898 Cuncta
674 2834 762 2913 tuli,
785 2833 903 2898 celeres
928 2833 1071 2899 residens
1094 2837 1153 2918 qai
1166 2848 1251 2919 pone
1269 2838 1408 2900 carinas

526 2943 729 3023 Diuideret,
753 2965 825 3008 eum
841 2958 955 3028 pauca
974 2944 1077 3025 aliis,
1102 2945 1165 3009 sibi
1185 2945 1293 3010 multa
1316 2945 1459 3011 tenebat.

395 3054 551 3136 Idemque
574 3055 851 3137 Agamemnonem
875 3054 922 3118 sic
946 3054 1127 3136 alloquitur
1145 3061 1177 3118 *ε

527 3170 558 3234 od
581 3170 640 3248 γθορ
662 3169 706 3234 σοθ
727 3192 798 3234 ποτε
819 3163 878 3234 ἴσον
898 3166 957 3249 ἔχον
976 3168 1083 3249 γέρας,
1106 3164 1211 3236 θπποτ’
1232 3169 1351 3250 Ἀχοονοθ

527 3278 630 3358 Totius
652 3275 807 3358 ἕκπέρσωσ’
831 3277 1007 3359 εὐνοονθροενον
1023 3277 1192 3359 πτολίεθρον.

524 3386 618 3451 Nam
640 3406 742 3470 neque
764 3407 813 3450 me
834 3399 939 3450 tecum
956 3385 1107 3471 praedae
1119 3399 1204 3469 pars
1226 3405 1333 3469 aequa
1345 3397 1522 3468 sequetur,

526 3496 565 3560 Si
583 3495 744 3562 Danaum
767 3499 880 3563 uirtus
901 3495 1083 3562 Troianam
1105 3494 1270 3560 exciderit
1289 3494 1414 3560 urbem.

396 3628 496 3691 quare
518 3608 614 3673 etiam
637 3605 834 3689 publicitus:

524 3717 678 3783 Custodes
703 3717 780 3782 lecti
804 3717 953 3782 Phoenix
975 3731 1006 3781 et
1024 3715 1121 3781 diras
1143 3716 1272 3800 Ulysses

523 3827 694 3894 Praedam
717 3828 961 3896 asservabant:
985 3829 1049 3891 hue
1073 3826 1219 3911 undique
1242 3825 1345 3890 Troia
1365 3847 1458 3912 gaza

523 3940 668 4005 Incensit
692 3953 807 4026 erepta
830 3937 964 4022 adytis,
990 3958 1181 4022 mensaeque
1204 3937 1375 4017 Deorum,

525 4053 744 4136 Craterasqua
765 4070 850 4115 auro
872 4048 994 4130 solidi,
1015 4052 1216 4134 captiuaque
1238 4051 1336 4116 uestis

425 4143 426 4146 Ἴ
526 4165 728 4250 Congeritur
750 4161 773 4225 ⁵.

351 4328 548 4340 b-——a——oa—

384 4394 486 4444 ¹Num.
511 4409 550 4453 31.
575 4409 625 4444 vss.
653 4407 692 4453 ορ.
720 4406 759 4450 ³1·
779 4404 803 4440 cr
829 4404 870 4453 47.
887 4394 941 4454 jos.
959 4393 982 4440 ό.
1000 4405 1038 4440 vs.
1059 4405 1098 4450 ορ.
1116 4403 1141 4440 et
1164 4405 1204 4440 oa.
1221 4405 1271 4442 vss.
1290 4403 1315 4450 7.
1333 4402 1357 4440 et
1376 4393 1398 4438 8.
1417 4393 1480 4438 sam.
1502 4403 1523 4437 1.

351 4499 391 4542 30.
415 4499 453 4535 vs.
478 4499 518 4534 aa.
537 4497 633 4546 etseq.
667 4482 974 4548 ²[11.l.a.vs.125.]
1010 4480 1082 4543 ⁸[ll.
1100 4484 1116 4529 1.
1134 4496 1158 4544 9.
1176 4496 1214 4531 vs.
1234 4494 1291 4539 aso.
1311 4481 1381 4542 sqq]
1416 4479 1488 4542 ⁴[ll.
1506 4482 1540 4526 1.,

353 4588 373 4621 ι.
392 4590 430 4624 vs.
451 4577 505 4632 163.
523 4576 573 4635 sq]
610 4574 708 4633 ‘Virm
732 4576 797 4622 Aen.
823 4574 839 4620 l.
858 4586 881 4620 a.
900 4573 951 4633 [vs.
969 4573 1027 4629 νόν.
1045 4569 1113 4634 sqq]
