3536 5692
531 688 577 732 os
602 687 694 752 Junrc
722 684 908 732 nnncnnu.
933 684 1017 731 cnr.
1041 683 1102 728 xv.
1337 686 1396 748 341

231 861 296 922 que
328 859 394 906 non
429 855 554 904 tantum
586 838 824 922 turpitudinem
856 838 954 903 habet
979 838 1124 917 nullam,
1148 836 1204 903 sed
1226 839 1400 921 praecipue

230 952 424 1032 honestum,
437 950 503 1016 imo
525 971 605 1016 vero
629 950 809 1034 gloriosum
831 948 954 1014 censeri
971 948 1091 1029 debet,
1114 947 1147 1012 in
1168 968 1237 1029 quo
1257 948 1400 1031 denique

230 1061 312 1127 nihil
345 1062 568 1140 incommodi,
593 1061 718 1127 utilitas
746 1075 858 1126 contra
889 1079 955 1141 qua
979 1059 1155 1142 privatim,
1180 1081 1245 1142 qua
1269 1060 1399 1143 publice

230 1173 367 1238 maxima
389 1188 447 1238 est.
493 1173 715 1255 Frequentent
738 1185 872 1252 sancta,
892 1174 956 1237 hoc
978 1185 1049 1253 est,
1069 1171 1189 1236 Batava
1210 1170 1299 1252 fide,
1323 1171 1400 1237 ulti-

230 1304 298 1349 mas
315 1299 446 1368 gentes,
471 1282 522 1348 fas
546 1284 629 1349 illud
650 1283 918 1349 commerciorum
942 1283 981 1348 ab
1003 1283 1093 1348 omni
1114 1282 1293 1348 defendant
1314 1283 1401 1367 inju-

229 1395 296 1477 ria,
319 1395 490 1476 acquirant
509 1393 632 1477 patriae
655 1408 688 1459 et
707 1393 782 1460 sibi.
816 1393 957 1460 Ordines
977 1408 1084 1458 autem
1104 1414 1176 1459 cum
1199 1394 1400 1477 singularum

230 1507 500 1586 nationum,tum
523 1505 627 1571 totius
650 1504 790 1570 foederis
814 1504 1169 1584 universos,rectores
1191 1525 1227 1570 ac
1251 1505 1401 1572 dominos

230 1617 381 1699 publicae
404 1615 587 1696 libertatis,
621 1636 679 1682 oro
713 1635 926 1698 quaesoque,
959 1615 1008 1680 uti
1038 1616 1291 1700 negotiationem
1319 1618 1402 1683 hanc

232 1717 540 1811 opportunissimam
562 1727 724 1809 tempori,
745 1726 834 1792 hosti
857 1727 1011 1808 noxiam,
1032 1730 1158 1810 populo
1179 1728 1316 1808 utilem,
1341 1729 1402 1794 ho·

231 1838 399 1904 notificem
433 1838 519 1920 sibi,
542 1859 608 1920 quo
630 1852 809 1920 coeperunt
829 1837 940 1905 favore
968 1839 1150 1922 provehant
1172 1853 1203 1903 et
1225 1853 1401 1920 tueantur,

230 1966 337 2030 neque
360 1969 438 2015 vero
463 1949 570 2015 sinant
593 1949 704 2014 deesse
727 1948 895 2015 laboribus
914 1950 1078 2033 praemia,
1098 1950 1215 2016 virtuti
1235 1952 1400 2032 honores,

232 2059 385 2141 periculis
406 2060 595 2140 commoda,
620 2061 784 2126 sumtibus
807 2060 996 2127 mercedem.
1040 2061 1149 2126 Deum
1170 2083 1249 2128 vero
1271 2062 1402 2130 immor·

233 2172 352 2250 talem,
387 2185 551 2236 auctorem
594 2173 700 2236 solum
737 2171 1010 2252 educatoremque
1050 2172 1248 2254 reipublicae
1281 2173 1402 2252 istius,

234 2302 332 2362 quem
367 2282 409 2347 ob
443 2285 647 2349 voluntatem
681 2281 876 2365 Optimum,
911 2283 954 2347 ob
992 2296 1185 2364 potestatem
1218 2283 1402 2348 Maximum

233 2391 397 2472 dicimus,
421 2395 561 2476 supplex
591 2412 705 2476 precor
740 2408 773 2458 et
803 2411 962 2475 veneror,
999 2392 1130 2474 quando
1154 2393 1203 2458 illi
1224 2393 1333 2459 visum
1355 2407 1404 2458 est

234 2503 374 2569 batavos
403 2503 611 2585 potissimum
644 2503 808 2587 deligere,
842 2525 898 2586 per
930 2522 1015 2586 quos
1042 2505 1226 2570 ostenderet
1248 2504 1404 2570 adversus

233 2613 300 2678 vim
319 2633 408 2679 suam
432 2613 592 2680 infirmam
617 2634 685 2680 esse
706 2629 993 2697 quantamcunque
1014 2616 1186 2682 humanam
1206 2615 1403 2701 magnitudi-

233 2744 327 2806 nem,
352 2739 449 2806 atque
473 2725 607 2808 insuper
640 2725 745 2810 gentis
777 2726 912 2810 gloriam
936 2726 1025 2809 apud
1053 2727 1287 2792 remotissimos
1313 2727 1403 2792 orbis

234 2855 305 2901 ase
327 2835 452 2901 conditi
473 2836 630 2902 terminos
662 2836 848 2917 illustrare,
881 2837 1021 2920 primum
1053 2853 1090 2902 ut
1117 2829 1300 2904 mores'det
1323 2859 1401 2920 eos,

234 2947 291 3028 qui
314 2947 450 3012 deceant
470 2966 588 3012 nomen
611 2947 860 3027 Christianum,
881 2967 922 3012 ne
949 2968 1060 3013 eorum
1084 2948 1164 3014 vitia
1185 2950 1272 3031 apud
1293 2949 1403 3032 profa-

233 3076 290 3122 nas
310 3056 458 3122 nationes
482 3077 577 3123 verae
610 3057 761 3142 religioni
781 3056 900 3122 faciant
922 3058 1102 3141 invidiam3
1128 3059 1244 3125 deinde
1268 3074 1305 3126 ut
1328 3081 1408 3126 cru-¹

233 3167 318 3233 delia
336 3167 542 3234 inimicorum
564 3168 702 3234 consilia
713 3168 893 3250 disturbet,
906 3189 1013 3251 neque
1025 3169 1107 3237 velit
1126 3169 1271 3238 insontes
1292 3191 1402 3237 eorum

232 3277 355 3344 feritati
379 3280 614 3359 succumbere,
649 3279 707 3344 sed
730 3279 805 3345 illos
828 3280 953 3346 damnis
975 3301 1011 3346 ac
1032 3281 1203 3365 cladibus,
1227 3284 1289 3348 hos
1308 3284 1404 3349 laude

234 3404 332 3471 atque
361 3391 477 3456 adorea
505 3405 648 3471 mactet3
674 3390 828 3471 reprimat
847 3390 1023 3474 pestiferos
1044 3413 1061 3458 a
1081 3394 1186 3477 patria
1208 3395 1401 3462 dissentien-

233 3500 315 3566 tium
338 3500 487 3582 furores,
513 3500 695 3566 errantibus
713 3500 804 3566 indat
825 3502 943 3568 bonam
965 3519 1103 3571 mentem
1117 3507 1133 3586 ς’
1154 3507 1307 3571 omnibus
1323 3527 1402 3572 vero

235 3611 290 3675 det
306 3632 375 3676 eam
394 3611 603 3694 sapientiam,
617 3627 656 3676 ut
665 3610 821 3694 victoria,
836 3633 934 3695 quam
951 3617 1088 3680 caeleste
1105 3615 1226 3682 donum
1243 3617 1402 3697 fatemur,

235 3722 350 3788 animis
373 3742 440 3788 non
462 3722 570 3787 minus
592 3721 692 3806 gratis
714 3742 810 3805 quam
833 3723 968 3810 integris
991 3725 1087 3791 liceat
1109 3727 1159 3791 uti
1182 3725 1328 3809 fruique.
