3546 5654
542 661 588 706 DE
613 661 707 727 JURE
733 658 917 704 PRAEDAE.
943 659 1022 706 CAP.
1047 660 1112 706 xlt.
1354 661 1417 723 215

247 830 384 879 vocatur
406 814 575 897 proprium
599 827 648 880 est
672 812 851 895 quiddam,
876 827 932 878 aut
955 827 993 878 ut
1015 812 1146 880 illorum
1166 833 1255 880 more
1276 816 1418 896 loquar,

249 925 409 1006 privative
444 927 484 992 ad
515 925 598 992 alios
631 925 762 991 dicitur.
806 925 885 1009 Jure
918 926 1024 1007 primo
1057 924 1227 1008 gentium,
1262 927 1354 1006 quod
1372 942 1419 994 .et

248 1040 394 1104 naturale
418 1039 582 1104 interdum
607 1037 768 1118 dicimus,
794 1051 827 1102 et
844 1037 936 1118 quod
955 1050 1071 1119 poetae
1093 1036 1171 1102 alibi
1184 1050 1288 1103 aetate
1300 1057 1417 1118 aurea,

250 1149 328 1212 alibi
364 1149 495 1214 Saturni
518 1163 576 1214 aut
601 1148 755 1232 Justitiae
778 1167 879 1231 regno
904 1147 1108 1231 depingunt,
1143 1147 1227 1214 nihil
1249 1148 1418 1230 proprium

249 1257 333 1323 fuit:
359 1259 450 1339 quod
474 1258 590 1324 Cicero
616 1258 724 1324 dixit:
744 1259 830 1324 Sunt
854 1273 966 1324 autem
984 1262 1130 1344 privata
1154 1257 1249 1324 nulla
1273 1272 1418 1337 natura,

251 1382 283 1433 et
307 1369 467 1434 Horatius
487 1374 517 1433 ¹:

359 1480 451 1544 Nam
470 1483 633 1567 propriae
653 1480 787 1546 telluris
809 1481 925 1545 herum
948 1494 1077 1546 natura
1100 1480 1299 1559 accillum,

359 1591 432 1655 Nec
455 1612 525 1666 me,
550 1613 606 1656 nec
629 1610 824 1677 quemquam
847 1595 982 1657 statuit.

292 1700 412 1782 Neque
433 1701 518 1766 euim
538 1701 649 1784 potuit
669 1716 784 1767 natura
806 1701 956 1768 dominos
974 1701 1191 1788 distinguere.
1224 1703 1300 1769 Hoc
1320 1703 1420 1789 igitur

248 1811 436 1896 significatu
467 1832 520 1878 tes
544 1831 656 1878 omnes
687 1833 726 1879 eo
747 1828 892 1896 tempore
916 1834 1108 1880 communes
1131 1815 1235 1881 fuisse
1256 1817 1420 1897 dicimus,

248 1923 332 1987 idem
355 1922 529 1989 innuentes
551 1924 642 2005 quod
661 1939 797 2006 poetae,
816 1945 890 1990 cum
912 1924 1035 2008 primos
1053 1927 1204 1992 homines
1223 1927 1256 1993 in
1277 1927 1420 1994 medium

249 2035 452 2116 quaesivisse
474 2049 507 2100 et
525 2034 695 2118 Justitiarn
718 2051 808 2101 casto
832 2034 965 2102 foedere
986 2056 1038 2104 res
1058 2037 1182 2104 medias
1203 2039 1348 2104 tenuisse
1372 2039 1421 2104 di-

249 2161 346 2212 cunt:
372 2147 464 2227 quod
487 2161 525 2210 ut
554 2145 677 2212 clarius
705 2146 893 2229 explicent,
918 2163 1038 2230 negant
1059 2169 1098 2214 eo
1119 2163 1265 2231 tempore
1289 2170 1420 2233 campos

250 2257 352 2323 limite
374 2257 536 2340 partitos,
559 2273 616 2324 aut
639 2258 832 2323 commercia
852 2257 955 2324 fuisse
977 2259 1062 2324 ulla:

752 2372 944 2454 promiscua
968 2389 1056 2434 rura
1073 2383 1259 2455 peragras

375 2479 628 2544 Praestiterant
650 2483 778 2544 cunctis
801 2484 986 2546 communia
1008 2493 1130 2546 cuncta
1152 2478 1263 2546 rideri
1274 2477 1296 2546 ².

294 2590 398 2654 Recte
431 2589 577 2655 additum
609 2605 659 2655 est
681 2590 814 2671 videri,
839 2607 972 2673 propter
1002 2591 1246 2658 translationem
1271 2607 1308 2658 ut
1338 2591 1422 2658 dixi-

251 2720 324 2765 mus
343 2700 509 2766 vocabuli.
557 2701 757 2766 Communio
779 2715 886 2766 autem
914 2701 975 2768 ista
998 2703 1039 2767 ad
1060 2721 1155 2768 usum
1181 2701 1398 2769 referebatur:

731 2816 886 2898 pervium
910 2817 1038 2878 cunctis
1060 2817 1152 2894 iter,

473 2922 658 2988 Communis
682 2942 758 2988 usas
783 2927 926 2988 omnium
948 2944 1062 2988 rerum
1078 2924 1155 3007 fuit
1179 2929 1202 2990 ³.

295 3035 403 3119 Cujus
435 3035 559 3100 ratione
583 3033 765 3100 dominium
798 3034 963 3115 quoddam
985 3049 1073 3116 erat,
1099 3035 1156 3099 sed
1180 3035 1365 3102 universale
1390 3051 1423 3102 et

249 3145 476 3212 indefinitum:
501 3146 594 3211 Deus
618 3145 703 3210 enim
725 3165 777 3211 res
801 3165 912 3210 omnes
933 3165 999 3210 non
1016 3145 1094 3210 huic
1116 3160 1173 3210 aut
1198 3146 1246 3211 illi
1271 3147 1422 3228 dederat,

251 3259 309 3324 sed
327 3261 470 3323 humano
491 3257 600 3340 generi
625 3271 725 3338 atque
745 3277 783 3321 eo
805 3257 903 3322 modo
923 3259 1036 3339 plures
1058 3258 1092 3322 in
1114 3258 1256 3323 solidum
1278 3259 1422 3342 ejusdem

251 3369 297 3434 rei
327 3369 451 3434 domini
482 3387 552 3435 esse
573 3368 935 3451 non‘ptohibebantur:
960 3368 1075 3450 quod,
1098 3368 1125 3434 si
1145 3369 1301 3435 hodierna
1322 3371 1425 3454 signi-

253 3480 405 3545 ficatione
436 3499 602 3545 sumamus
636 3479 842 3561 dominium,
871 3494 985 3544 contra
1015 3499 1143 3546 omnem
1175 3495 1223 3546 est
1252 3481 1422 3550 rationem.

252 3591 327 3656 Hoc
350 3591 434 3656 enim
458 3569 690 3674 proprietatem
710 3590 876 3672 includit,
901 3611 983 3672 quae
1013 3605 1092 3656 tunc
1114 3607 1181 3656 erat
1199 3611 1298 3674 penes
1322 3593 1423 3660 nemi-

251 3723 335 3771 nem.
381 3702 565 3786 Aptissime
590 3717 696 3768 autem
719 3702 804 3768 illud
825 3701 949 3767 dictum
970 3716 1039 3767 est:

822 3816 931 3876 omnia
955 3833 1068 3878 rerum

600 3923 806 4008 Usurpantis
830 3937 928 3987 erant
945 3927 967 3988 ⁴.

296 4035 354 4101 Ad
373 4055 441 4101 eam
462 4054 541 4101 vero
566 4053 649 4114 quae
672 4052 760 4098 nunc
784 4048 833 4098 est
853 4033 1072 4099 dominiorum
1092 4033 1335 4100 distinctionem
1357 4054 1423 4101 non

252 4251 443 4262 -σ--ι-ο

287 4391 294 4421 ¹
315 4392 375 4452 [Sat.
392 4395 407 4440 l.
429 4406 451 4440 2.
470 4406 492 4440 a.
512 4406 548 4441 vs.
569 4405 622 4454 129.
641 4392 691 4452 sq]
727 4388 737 4422 2
755 4391 870 4440 Avienus
889 4391 914 4440 in
933 4391 1056 4440 Arataeis.
1078 4390 1128 4454 [vs.
1147 4404 1203 4449 302.
1213 4393 1263 4454 sq]
1299 4391 1309 4423 ³
1328 4395 1420 4442 Seneca

254 4481 361 4530 Octavia
380 4483 431 4543 [vs.
449 4497 505 4543 402.
524 4482 574 4546 sq]
611 4480 621 4512 ⁴
640 4482 753 4530 Avienus
773 4482 836 4531 ibid.
858 4482 908 4545 [vs.
928 4483 996 4544 son]
