3546 5654
376 684 436 745 194
550 683 553 690 ⁴
684 685 730 730 ort
754 685 848 750 June
874 684 1057 732 rannone.
1082 685 1162 732 cnr.
1188 686 1237 731 xr.

271 899 276 908 .
373 836 540 917 venisset,
559 836 604 902 ibi
626 852 737 904 contra
757 853 886 904 veteres
909 837 1072 919 offensas,
1096 839 1330 906 Lusitanorum
1355 844 1548 926 temporaria

373 946 605 1026 simulatione,
629 950 722 1014 velut
750 948 907 1034 integrata
931 948 1091 1015 amicitiae
1111 950 1196 1034 jura.
1241 951 1306 1016 Sed
1327 953 1457 1021 hostilis
1481 956 1551 1022 ani-

374 1078 470 1138 mus,
494 1071 670 1141 postquam
703 1061 849 1125 navalem
882 1060 1010 1126 turbam
1031 1075 1143 1127 contra
1165 1060 1212 1128 fas
1243 1080 1340 1128 omne
1371 1077 1403 1130 et
1430 1063 1549 1146 iidem,

375 1169 614 1236 Achinensium
645 1168 794 1236 manibus
828 1169 1066 1253 discerpserat,
1101 1191 1142 1236 ne
1170 1185 1258 1238 tanta
1289 1170 1422 1253 quidem
1443 1189 1550 1260 strage

375 1279 509 1348 satiatus
544 1294 603 1346 est.
649 1281 818 1347 Instabant
846 1279 972 1346 feroces
992 1281 1100 1348 adhuc
1121 1281 1299 1363 Lusitani,
1324 1296 1428 1364 utque
1452 1283 1549 1352 finem

375 1390 466 1474 operi
495 1412 554 1474 per
571 1391 652 1458 alios
678 1405 880 1474 praetentato
901 1391 1129 1474 imponerent,
1153 1392 1216 1476 ipsi
1239 1391 1364 1460 infestis
1384 1394 1549 1480 navigiis,

377 1523 518 1585 quorum
542 1505 638 1586 longa
675 1516 765 1569 erant
794 1501 895 1568 ferme
920 1502 1117 1585 duodecim,
1142 1504 1293 1587 expansis
1315 1504 1393 1571 belli
1414 1505 1550 1592 insigni·

377 1614 438 1680 bus
480 1613 680 1680 miserabiles
717 1613 849 1679 navium
883 1627 1121 1697 nautarumque
1168 1615 1324 1698 reliquias
1368 1616 1549 1684 incurrunt.

231 1726 302 1771 Am
318 1723 367 1770 Μ·
377 1727 439 1792 Vis
468 1739 595 1792 tantum
624 1724 659 1790 vi
691 1726 819 1806 repulsa
852 1738 914 1790 est.
959 1724 1028 1790 Sub
1061 1724 1147 1792 idem
1171 1741 1300 1809 tempus
1324 1725 1439 1793 incidit
1461 1728 1550 1811 prior

377 1837 497 1904 Neckii
527 1835 712 1919 profectio,
746 1856 844 1918 quem
872 1835 1046 1932 episcopus
1073 1835 1142 1920 ipse
1167 1837 1382 1903 Malaccensis
1412 1853 1550 1905 testatur

269 2017 274 2027 .
378 1949 411 2013 in
432 1946 534 2014 literis
554 1947 596 2014 ad
612 1967 719 2032 regem
743 1946 974 2031 Hispaniarum
995 1946 1124 2027 missis,
1148 1947 1232 2014 nihil
1254 1947 1446 2029 Lusitanis,
1468 1949 1551 2016 nihil

378 2057 504 2124 homini
524 2058 676 2140 cuiquam
700 2057 837 2143 injuriae
857 2073 915 2124 aut
931 2058 1118 2125 detrimenti
1139 2058 1300 2127 intulisse.
1324 2060 1436 2144 Hujus
1451 2059 1551 2144 igitur

375 2171 471 2255 jussu
494 2170 606 2249 navis,
628 2169 817 2253 Traiectum
841 2169 998 2249 nomine,
1030 2170 1238 2251 Ambonam,
1272 2169 1349 2234 inde
1381 2171 1551 2237 Moluccas

377 2281 472 2348 adiit:
497 2281 553 2347 ubi
570 2295 740 2360 vectores,
772 2279 973 2364 gravissimis
996 2280 1130 2348 exerciti
1154 2281 1259 2365 gentis
1290 2279 1439 2346 inimicae
1462 2280 1549 2366 inju-

378 2391 434 2457 riis
458 2390 630 2475 (Tidorim
652 2390 737 2457 enim
758 2390 910 2457 Lusitani
932 2391 1160 2458 Moluccarum
1183 2411 1280 2458 unam
1302 2394 1454 2477 tenent),
1473 2412 1550 2457 mox
1578 2447 1587 2458 .

380 2517 412 2570 et
434 2503 517 2568 illud
549 2503 759 2586 intelligunt,
782 2501 900 2568 missos
923 2501 1101 2568 Malaccam
1125 2516 1158 2568 et
1181 2502 1214 2566 in
1238 2501 1460 2586 Philippinas,
1492 2504 1550 2586 qui

378 2613 498 2680 auxilia
531 2613 721 2696 concirent,
753 2613 796 2679 ad
817 2613 957 2680 Batavos
981 2613 1129 2695 undique
1151 2613 1414 2696 proturbandos,
1438 2615 1551 2696 prolri-
1576 2613 1579 2620 ’

380 2725 572 2808 bendosque
602 2724 635 2790 in
667 2738 834 2807 posterum
867 2724 987 2792 aditus.
1034 2725 1098 2790 Sed
1128 2726 1236 2791 elusae
1266 2723 1411 2791 discessu
1434 2724 1550 2791 minae.

222 2843 291 2888 Atto
316 2846 366 2887 1⁶0¹
381 2835 468 2902 Cum
491 2857 570 2904 vero
593 2836 726 2904 relictus
749 2857 766 2903 a
789 2836 919 2903 Neckio
940 2837 1117 2904 Cornelius
1141 2835 1399 2903 Hemskerckius
1422 2837 1550 2903 duabus

217 2895 343 2955 principio.

236 3683 315 3739 Mago.

380 2968 454 3014 cum
489 2948 628 3016 navibus
660 2948 702 3015 ad
732 2948 918 3014 Ambonam
945 2962 1150 3027 moraretur,
1186 2946 1235 3012 illi
1266 2962 1380 3014 noctes
1415 2948 1550 3030 diesque

380 3060 576 3127 Batavorum
610 3058 738 3141 scaphis
779 3074 812 3123 et
842 3059 965 3144 cymbis
998 3059 1222 3125 imminebant.
1280 3059 1327 3125 Et
1358 3074 1435 3142 post
1461 3063 1573 3126 leves,

378 3170 581 3254 aliquamdiu
614 3186 776 3250 conatus,
811 3172 983 3236 caracollas
1015 3186 1216 3238 armaverant
1241 3169 1367 3255 'viginti
1399 3170 1478 3237 duas
1519 3185 1551 3236 et

379 3282 484 3349 iustas
517 3297 593 3350 tres.
628 3281 701 3347 Sed
735 3301 775 3348 ne
798 3281 845 3346 sic
869 3281 1002 3363 quidem
1035 3282 1106 3348 ausi
1136 3280 1435 3368 oppugnationem,
1460 3295 1551 3347 tene·

379 3395 509 3460 brarum
533 3392 693 3459 beneficio
727 3408 786 3459 aut
816 3393 977 3476 superatis
1000 3395 1136 3460 latenter
1164 3391 1396 3476 promontoriis
1421 3391 1551 3458 fraudes

381 3519 413 3570 et
436 3505 583 3571 incendia
613 3504 804 3584 struebant,
829 3525 913 3586 quac
936 3504 1067 3588 providi
1095 3525 1133 3570 ac
1154 3505 1329 3590 pervigiles
1351 3503 1445 3572 facile
1466 3503 1551 3570 vita·

235 3630 305 3694 Anao
319 3627 367 3676 eod·
381 3630 510 3682 verunt.
551 3616 654 3681 Paulo
675 3630 751 3698 post
772 3615 913 3696 accidit,
939 3630 977 3681 ut
994 3617 1034 3682 ab
1058 3616 1206 3682 Adriano
1229 3616 1339 3682 Venio
1362 3616 1404 3684 ad
1427 3616 1552 3683 Come-

379 3728 460 3794 lium
481 3728 779 3810 Hemskerckium,
802 3728 912 3794 Banda
932 3726 1058 3794 scilicet
1079 3727 1287 3809 Ambonam,
1310 3742 1377 3795 tres
1401 3727 1550 3795 homines

380 3859 479 3923 prava
518 3840 629 3906 Indica
663 3854 753 3905 trans
787 3860 873 3906 mare
907 3839 1140 3919 mitterentur,
1186 3858 1329 3919 quorum
1363 3858 1449 3905 unus
1484 3839 1552 3921 erat

376 3953 542 4037 Jacobus,
572 3952 765 4038 cognomine
790 3951 1067 4031 Watermannus,
1092 3949 1231 4016 artificio
1255 3949 1440 4033 chirurgus.
1488 3948 1551 4014 Su·

379 4064 577 4146 perveniunt
608 4063 760 4131 Lusitani
794 4065 905 4146 plures
927 4064 1032 4127 multo
1056 4081 1092 4126 ac
1114 4060 1314 4141 validiores,
1339 4073 1371 4124 et
1390 4059 1551 4125 adversus

380 4194 465 4257 quos
488 4175 565 4260 fuga
585 4188 710 4240 tantum
731 4188 876 4241 restaret.
925 4174 1003 4239 Duo
1029 4172 1085 4240 alii
1108 4174 1246 4258 dejectis
1269 4172 1303 4237 in
1325 4190 1411 4236 mare
1435 4189 1551 4254 corpo-

378 4286 470 4351 ribus
502 4285 583 4351 enisi
615 4285 649 4350 in
682 4286 883 4369 adiacentem
916 4284 1054 4350 insulam
1090 4297 1336 4368 pervenerunt,
1369 4281 1484 4365 ibique
1517 4280 1551 4346 in

378 4397 556 4463 solitudine
577 4398 730 4482 degentes
749 4411 782 4460 et
809 4395 892 4461 inter
912 4395 1018 4477 feras,
1047 4395 1266 4474 mansuetiora
1289 4407 1397 4460 tamen
1419 4392 1550 4474 omnia,

379 4529 474 4590 quam
500 4508 679 4575 Lusitanos
692 4507 900 4575 invenerunt.
927 4506 1063 4572 Tertius
1076 4506 1131 4572 ille
1141 4507 1286 4591 Jacobus
1297 4506 1396 4574 nandi
1410 4506 1551 4573 insciens
