3536 5692
363 651 425 713 324
664 648 710 694 DE
733 648 827 713 JURE
854 647 1037 694 PRAEDAE.
1062 648 1141 695 cnt‘.
1165 650 1226 694 XV.

361 803 451 869 aliud
481 816 596 884 orant,
631 821 729 884 quarn
758 815 797 866 ut
825 800 976 868 Lusitani
995 801 1118 886 junctis
1150 803 1277 869 viribus
1308 802 1531 869 invadantur?

361 914 431 978 lmo
457 913 552 978 etiam
576 927 690 997 rogant
713 912 853 978 batavos
876 932 964 978 arces
987 927 1025 978 ut
1047 927 1174 978 struant
1193 932 1254 979 suo
1275 912 1308 978 in
1331 916 1422 979 solo:
1442 929 1533 980 tanta

363 1024 439 1091 fidei
472 1023 591 1089 fiducia
614 1038 675 1088 est.
721 1023 868 1088 Suadent
886 1021 970 1088 freta
992 1023 1095 1089 teneri
1120 1024 1329 1091 Malaccense
1353 1039 1385 1089 et
1405 1025 1534 1090 Sunda-

361 1155 450 1202 num.
498 1134 568 1200 Alii
600 1148 800 1199 commeatus
833 1132 978 1199 offerunt
1011 1134 1052 1200 ad
1081 1134 1291 1200 obsidendam
1326 1134 1532 1214 Malaccam,

361 1246 469 1312 sedem
503 1246 605 1328 ipsam
638 1245 831 1324 servitutis,
865 1245 1003 1328 ejusque
1034 1244 1079 1309 rei
1113 1245 1184 1311 vias
1207 1259 1384 1312 ostentant.
1431 1245 1534 1331 Quod

362 1358 501 1440 amplius
526 1371 575 1424 est
597 1357 794 1423 Batavorum
819 1355 960 1420 amicitia
982 1355 1070 1437 ipsos
1092 1355 1177 1420 inter
1197 1376 1230 1421 se
1253 1355 1419 1422 conciliat.
1460 1354 1533 1439 Jam

362 1468 447 1534 inter
482 1466 701 1551 Taprobanen
734 1481 767 1532 et
802 1467 960 1532 Celonem
994 1465 1131 1532 insulam
1164 1465 1295 1531 foedera
1328 1480 1534 1546 commeant,

364 1578 509 1644 Candiae
533 1592 566 1643 et
586 1577 710 1643 Achini
732 1577 863 1662 regibus
883 1577 916 1641 in
937 1576 1117 1642 Lusitanos
1138 1577 1399 1661 conjurantibus·
1444 1577 1533 1642 Idem

362 1710 418 1756 rex
451 1689 654 1755 Achinensis
677 1704 787 1754 vetera
811 1689 844 1753 in
863 1688 1032 1773 Jorensem
1057 1687 1132 1754 odia
1160 1688 1401 1753 Hollandorum
1434 1688 1535 1772 gratia

362 1799 523 1888 remittit,
548 1819 717 1880 unumque
748 1800 909 1866 intereos
932 1815 1093 1865 certamen
1117 1815 1189 1879 est,
1213 1815 1286 1866 uter
1308 1802 1383 1883 plus
1402 1800 1535 1865 Batavis

363 1925 517 1994 praestet.
572 1910 677 1976 Multi
707 1909 763 1976 alii
785 1930 878 1994 reges
908 1924 1016 1994 aperte
1037 1910 1230 1995 jamdudum
1255 1911 1287 1976 in
1320 1930 1449 1977 causam
1478 1911 1536 1977 de-

364 2022 577 2103 scenderent,
591 2021 655 2086 nisi
679 2021 870 2087 viderentur
892 2021 1006 2087 Batavi
1027 2020 1068 2085 ad
1088 2021 1211 2086 bellum
1234 2021 1462 2088 Lusitanicum
1484 2042 1535 2089 re-

363 2133 539 2199 missiores.
586 2132 679 2218 Quid
709 2131 837 2216 igitur?
872 2133 1004 2198 Haecne
1036 2133 1218 2198 animorum
1242 2133 1410 2199 inclinatio
1433 2134 1536 2218 proji-

364 2245 477 2310 cienda
507 2243 580 2310 est?
614 2243 695 2308 Non
725 2242 829 2308 dicam
861 2243 895 2308 id
926 2257 1039 2308 contra
1061 2243 1236 2309 utilitatem
1260 2265 1329 2309 esse
1351 2243 1534 2327 publicam:

363 2375 404 2422 ne
438 2355 601 2438 integrum
635 2353 768 2436 quidem
802 2369 873 2436 est,
906 2375 946 2420 ex
978 2375 1045 2437 quo
1078 2355 1208 2421 illorum
1236 2357 1336 2422 urbes
1358 2358 1535 2437 obsessae,

365 2466 433 2550 agri
462 2466 604 2547 vastati,
628 2465 703 2550 pagi
728 2465 916 2531 inflammati
939 2482 1017 2531 sunt
1040 2487 1058 2531 a
1080 2467 1251 2533 Lusitanis
1274 2467 1470 2534 Batavorum
1492 2469 1536 2533 ob

365 2577 549 2643 amicitiam.
608 2576 739 2663 Quodsi
772 2577 905 2642 omnino
948 2577 1121 2644 societates
1152 2578 1233 2644 istae
1267 2598 1334 2644 non
1374 2577 1536 2644 fovendae

365 2689 488 2769 mode,
513 2688 570 2753 sed
601 2686 790 2754 excitandae
813 2687 907 2753 etiam
933 2689 1164 2773 augendaeque
1193 2704 1271 2754 sunt
1302 2691 1356 2774 (et
1389 2689 1535 2771 alioquin

365 2819 442 2866 sane
467 2799 563 2866 etiam
587 2799 656 2882 ipsa
675 2814 854 2864 mercatura
877 2799 1081 2884 amittitur),
1106 2801 1198 2881 quod
1218 2801 1369 2885 gentibus
1395 2801 1537 2867 externis

364 2911 508 2996 pignus,
533 2911 624 2993 quod
651 2909 728 2975 lidei
751 2909 922 2978 vinculum
947 2910 1034 2978 erit?
1058 2911 1098 2976 Id
1117 2911 1295 2992 nimirum,
1319 2913 1411 2994 quod
1433 2933 1535 2978 unum

365 3036 546 3106 appetunt,
580 3037 618 3086 ut
650 3021 855 3102 Lusitanos,
886 3042 1028 3103 quorum
1051 3043 1086 3088 se
1108 3024 1220 3090 hostes
1243 3022 1356 3089 Batavi
1379 3023 1537 3105 profiten-

364 3148 441 3213 tur,
465 3133 625 3215 intrepide
647 3133 876 3218 aggrediantur
899 3148 1060 3216 agantque
1084 3153 1158 3199 cum
1171 3133 1236 3200 illis
1247 3134 1424 3200 hostiliter.
1449 3133 1533 3199 Nam

365 3245 453 3310 sicut
481 3263 540 3327 pro
572 3245 697 3312 meritis
724 3244 758 3309 in
780 3243 855 3310 illos
876 3242 1043 3310 vindicare
1064 3246 1190 3330 justum
1215 3260 1246 3310 et
1267 3246 1467 3325 honestum,
1491 3244 1537 3310 ita

366 3355 485 3421 eisdem
524 3375 655 3437 parcere
694 3355 778 3421 inter
817 3355 998 3438 suspiciosa
1034 3355 1172 3421 maxime
1214 3356 1369 3422 Indorum
1408 3353 1536 3440 ingenia

365 3466 586 3549 periculosum
620 3482 679 3534 est.
733 3467 818 3551 Ejus
847 3466 893 3532 rei
926 3486 1036 3532 recens
1069 3482 1296 3551 argumentum
1319 3467 1417 3533 dabo.
1463 3468 1537 3532 Rex

368 3578 515 3644 Candiae
536 3578 569 3643 in
591 3578 716 3644 Celone
738 3579 867 3658 insula,
891 3598 965 3644 cum
988 3598 1026 3644 eo
1049 3578 1193 3646 venisset
1214 3599 1253 3643 ex
1275 3579 1431 3645 Zelandia
1450 3578 1538 3661 Spil-

368 3691 509 3774 bergus,
522 3705 648 3756 tanturn
662 3691 695 3756 in
714 3709 765 3756 res
788 3690 925 3755 batavos
946 3689 1092 3756 studium
1115 3690 1371 3771 demonstravit,
1394 3706 1433 3756 ut
1450 3705 1540 3757 totos

368 3802 438 3868 dies
469 3802 554 3868 nihil
587 3803 700 3883 aliud,
724 3802 789 3869 nisi
813 3801 853 3866 de
876 3801 1013 3868 historia
1036 3801 1114 3866 belli
1137 3801 1233 3868 istius
1264 3801 1460 3868 nobilissimi
1489 3801 1539 3867 in·

369 3912 535 3994 quireret,
1052 3972 1055 3978 .

425 4025 545 4090 Multa
566 4041 665 4112 super
688 4024 827 4089 Priamo
852 4028 1028 4110 rogitans,
1050 4039 1149 4110 super
1171 4025 1313 4090 Hectore
1335 4024 1443 4090 multa
1464 4031 1484 4090 ¹.

414 4137 534 4218 Neque
555 4135 762 4202 invictissimi
781 4134 946 4218 Principis·
964 4135 1115 4201 Mauritii
1138 4135 1297 4219 effigiem,
1321 4155 1429 4218 neque
1449 4137 1540 4202 Neo-

368 4247 497 4331 portani
518 4247 632 4330 praelii
654 4247 813 4330 picturam
837 4247 1042 4330 inspiciendo
1064 4266 1218 4328 umquam
1242 4247 1428 4313 satiabatur.
1469 4247 1538 4331 Jam

369 4414 555 4425 m·-

404 4483 411 4514 ¹
433 4482 514 4544 [Vitg.
533 4486 597 4529 Aen.
620 4495 639 4528 r.
657 4495 694 4530 vs.
711 4482 780 4541 750.]
