3546 5654
563 674 610 720 DE
634 675 728 740 JURE
753 673 939 720 PRAEDAE·
966 673 1045 720 CAP.
1070 675 1119 719 xl.
1353 673 1412 737 199

242 843 367 894 caetera
398 829 470 913 eius
492 826 627 894 ditionis
651 827 773 910 oppida
796 828 1006 893 munimentis
1029 827 1195 907 invalida,
1220 841 1288 891 tum
1313 847 1413 912 pagos

242 959 355 1006 omncs
388 939 574 1022 irrumpunt
612 953 822 1021 vastantque.
878 940 916 1004 In
951 938 1099 1004 homines
1134 937 1243 1001 eadem
1278 937 1414 1004 saevitia

228 1065 399 1134 ¹usurpata
432 1065 501 1133 est,
544 1071 640 1133 quarn
682 1070 777 1132 saepe
811 1049 963 1116 civitates
997 1049 1146 1134 Belgicae
1180 1047 1220 1112 ab
1255 1048 1413 1131 Hispanis
1508 1135 1510 1142 y

242 1181 411 1244 perpessae
442 1176 531 1227 sunt.
577 1161 614 1226 ln
647 1159 803 1226 caedibus
834 1180 901 1227 non
936 1180 1033 1227 sexus
1058 1162 1187 1240 ullum,
1210 1178 1276 1226 non
1300 1160 1414 1226 aetatis

242 1271 434 1350 discrimen,
468 1271 570 1338 occisi
602 1271 723 1354 passim
748 1286 781 1338 et
803 1269 945 1337 infantes
969 1285 1002 1336 et
1025 1271 1184 1338 feminae:
1220 1291 1279 1337 nec
1314 1270 1414 1335 occisi

243 1397 389 1448 tantum:
423 1383 478 1448 alii
510 1397 640 1448 teneros
672 1396 761 1448 artus
792 1397 963 1466 parentum
996 1397 1071 1448 ante
1103 1402 1161 1448 ora
1192 1381 1413 1460 dissecabant,

244 1493 299 1558 alii
333 1493 582 1579 praegnantium
619 1496 711 1560 alvos
743 1509 776 1559 et
807 1493 1005 1559 certissimae
1039 1492 1245 1559 innocentiae
1279 1512 1416 1575 corpora

244 1604 359 1688 gladiis
390 1604 633 1671 scrutabantur.
680 1605 769 1670 Haec
801 1619 878 1688 post
901 1606 1047 1687 exempla
1070 1625 1142 1686 pars
1165 1603 1414 1688 indigenarum,

245 1715 366 1797 quibus
399 1714 554 1798 temporis
586 1715 792 1800 indulgentia
823 1714 934 1800 fugam
969 1715 1188 1800 largiebatur,
1212 1715 1335 1781 relictis
1359 1735 1415 1798 pe·

239 1826 374 1903 natibus
397 1825 605 1908 fortunisque
628 1825 750 1907 avitis,
782 1826 815 1893 in
840 1829 912 1892 loca
935 1827 1063 1892 deserta
1087 1840 1120 1892 et
1141 1842 1198 1892 aut
1221 1827 1314 1892 silvis
1337 1827 1414 1891 hor·

244 1937 364 2017 rentia,
397 1953 453 2004 aut
485 1939 655 2004 montibus
684 1939 820 2021 abrupta
844 1958 878 2004 se
900 1937 1094 2004 conferunt:
1119 1957 1193 2020 pars
1216 1937 1249 2002 in
1272 1937 1413 2003 vicinam

245 2045 383 2112 insulam
418 2047 535 2112 Ceram
570 2062 751 2113 transeunt.
796 2047 923 2114 Eodem
961 2046 1049 2113 forte
1083 2048 1235 2114 Batauam
1270 2050 1413 2124 celocem

246 2156 473 2240 Wolphardus
496 2158 646 2224 miserat:
671 2158 740 2240 ipse
764 2178 802 2222 eo
826 2173 971 2240 tempore
994 2159 1082 2241 apud
1103 2159 1246 2224 Bandam
1269 2160 1419 2244 moraba5

243 2281 307 2332 tur.
352 2267 470 2352 Legati
503 2267 767 2334 Ambonensium
801 2269 897 2350 laeti,
930 2284 969 2333 ut
1001 2269 1087 2334 inter
1117 2283 1223 2333 tantas
1246 2269 1415 2348 miseriaS,

245 2375 377 2442 inventa
399 2398 475 2443 cum
499 2381 609 2444 celoce
632 2378 773 2444 Bandam
797 2377 1063 2460 proficiscuntur.
1086 2377 1234 2443 Admissi
1258 2379 1298 2443 ad
1324 2399 1415 2462 prae-

244 2484 375 2552 fectum
391 2507 430 2554 eo
450 2490 571 2569 vultu,
594 2509 692 2570 quem
724 2507 876 2572 praesens
908 2487 1039 2554 fortuna
1068 2487 1207 2570 fecerat,
1242 2488 1414 2556 interrum-

244 2597 398 2679 pentibus
425 2599 520 2664 etiam
540 2599 699 2681 lacrimis,
724 2619 807 2681 quae
835 2599 899 2666 sibi
928 2599 1122 2668 accidissent
1150 2617 1414 2667 commemorant.

244 2707 406 2789 Addunt,
431 2710 523 2790 quod
545 2710 623 2777 satis
648 2711 840 2792 constabat,
866 2711 1013 2777 evenisse
1036 2711 1116 2776 haec
1138 2711 1222 2792 sibi,
1248 2711 1327 2792 quia
1354 2712 1416 2776 Ba·

244 2832 340 2885 tavos
362 2820 564 2886 commerciis
596 2820 786 2887 coluissent.
834 2820 978 2886 Orabant
999 2821 1101 2907 igitur
1123 2842 1179 2904 per
1200 2821 1331 2902 Deum,
1356 2822 1414 2903 qui

245 2945 309 2994 tam
346 2929 454 2996 felices
476 2923 589 2996 oceani
613 2951 752 3014 cursus,
777 2931 836 3013 qui
859 2946 924 2997 tam
946 2932 1094 3016 egregios
1117 2933 1183 2996 illis
1205 2953 1244 2996 ex
1266 2931 1415 3014 Hispano

244 3041 430 3124 triumphos
461 3041 657 3126 largiretur,
690 3063 748 3125 per
768 3041 931 3127 justitiam
956 3043 1196 3108 Hollandorum
1221 3043 1415 3127 negotiatio·

245 3149 343 3216 nibus
364 3152 549 3238 cognitam,
582 3174 640 3236 per
671 3153 758 3218 illam
784 3153 901 3235 fidem,
926 3174 1023 3235 quam
1044 3154 1172 3238 judicio
1198 3154 1302 3219 secuti
1326 3173 1413 3220 nunc

245 3263 395 3328 ultimum
430 3264 586 3330 haberent
619 3264 718 3330 rebus
750 3265 888 3348 perditis
921 3264 1129 3346 subsidium,
1168 3286 1209 3331 ne
1243 3285 1278 3331 se
1310 3267 1415 3350 patria

246 3389 390 3440 extorres
432 3390 630 3458 egentesque
669 3372 775 3440 rerum
817 3375 985 3456 omnium,
1021 3375 1248 3444 crudelissimo
1284 3377 1416 3460 insuper

246 3485 333 3552 hosti
353 3485 533 3551 ludibrium
553 3487 669 3552 debere
687 3502 885 3570 paterentur.
908 3487 1069 3575 Quemvis
1090 3488 1272 3568 hominem,
1296 3489 1415 3554 nedum

247 3597 472 3678 Hollandbm‚
505 3599 569 3663 hoc
599 3613 648 3664 est
670 3597 780 3665 mitem
813 3614 928 3664 natura
951 3619 987 3664 ac
1010 3598 1252 3666 misericordem
1285 3621 1416 3666 movere

247 3709 326 3774 haec
360 3708 471 3790 potuit
500 3708 624 3784 oratio:
658 3728 718 3775 nec
750 3709 866 3776 leviter
898 3729 973 3776 sane
1007 3710 1191 3798 indoluerat
1213 3710 1416 3794 praefectus:

246 3820 304 3884 sed
325 3817 460 3885 videbat
482 3837 548 3884 non
570 3839 667 3902 posse
690 3819 821 3885 illorum
834 3839 930 3885 causa
943 3819 1051 3885 omitti
1063 3822 1245 3886 mandatam
1258 3822 1416 3904 imprimis

244 3929 511 4014 negotiationem.
535 3930 582 3994 Et
601 3930 677 3994 anni
695 3945 826 4013 tempus
845 3930 1009 3996 mercandi
1028 3930 1230 4014 diligentiam
1249 3933 1415 4014 poscebat.

247 4041 395 4108 Excusat
427 4040 529 4126 igitur
562 4059 622 4121 se,
658 4054 690 4105 et
722 4060 849 4123 sperare
884 4040 929 4106 ait
963 4041 1121 4107 ultionem
1155 4042 1415 4121 Ambonensium

246 4152 392 4236 Principi
416 4152 529 4234 reique
550 4152 702 4234 publicae
726 4150 921 4218 Batavorum
945 4153 1037 4219 cordi
1060 4151 1139 4218 fore.
1186 4153 1288 4239 Quod
1313 4175 1414 4222 unum

247 4264 329 4329 ratio
353 4264 508 4348 temporis
526 4263 755 4347 permittebat,
780 4264 951 4346 captiVOS,
977 4283 1062 4347 quos
1087 4265 1210 4347 praelio
1233 4265 1265 4329 in
1286 4265 1415 4335 Sundac

247 4374 406 4457 angustiis
428 4375 602 4462 commisso
625 4389 740 4441 nactus
762 4373 890 4457 fuerat,
916 4375 1090 4459 ipsumque
1111 4375 1196 4441 inter
1217 4375 1292 4442 illos
1315 4379 1415 4444 Fran-

246 4484 367 4551 ciscum
391 4486 547 4569 Sousam,
560 4486 630 4553 sine
642 4487 748 4570 pretio
772 4487 893 4554 liberos
913 4487 944 4552 in
968 4489 1153 4553 Ambonam
1175 4481 1215 4553 ad
1235 4488 1414 4556 Lusitanos
