3536 5692
506 693 670 760 DE¹JURE
695 693 884 739 PRAEDAE·
910 691 993 738 CAP·
1019 692 1095 738 XIV.
1322 689 1384 752 309

215 876 275 931 re,
308 869 346 919 ut
378 852 519 940 singulis
550 851 734 917 hominibus
758 872 797 914 ne
821 848 965 935 amplius
989 870 1088 933 quam
1119 848 1270 934 singulas
1292 860 1384 912 artes

215 987 303 1032 nosse
335 966 445 1032 liccat.
491 965 626 1052 Quanto
659 964 761 1048 igitur
793 963 894 1046 magis
919 962 952 1028 id
984 963 1188 1046 probandum
1213 977 1285 1042 est,
1309 982 1383 1027 cum

215 1098 264 1142 ars
288 1080 387 1143 altera
410 1092 458 1143 est
479 1077 518 1141 ab
541 1077 723 1158 electione,
749 1078 847 1141 altera
860 1096 877 1140 a
891 1076 1082 1140 necessitate
1099 1075 1275 1141 assumitur
1288 1089 1385 1156 atque

216 1189 261 1254 ita
282 1203 464 1271 comparata
484 1203 553 1269 est,
577 1202 615 1252 ut
637 1189 737 1270 priori
759 1188 937 1274 inserviat,
963 1187 1054 1270 quod
1076 1186 1146 1251 sine
1169 1187 1229 1251 hac
1252 1185 1306 1251 illa
1328 1187 1385 1250 ob·

214 1300 311 1366 tineri
343 1319 410 1366 non
443 1299 574 1383 possit‘.2
608 1301 729 1381 Neque
765 1319 844 1365 vero
875 1299 1136 1365 Atheniensibus
1168 1312 1315 1379 tantum,
1348 1312 1387 1364 ut

215 1412 370 1477 historiae
407 1430 469 1476 nos
504 1411 645 1491 docent,
681 1427 737 1476 aut
779 1411 1105 1495 Carthaginiensibus
1147 1409 1313 1491 hodieque
1355 1424 1387 1475 et

215 1523 398 1606 antiquitus
422 1521 502 1606 ipsis
526 1523 696 1588 Lusitanis
719 1523 966 1590 usitatissimum
982 1521 1045 1589 fuit
1057 1536 1268 1588 mercaturam
1290 1521 1385 1586 armis

216 1635 365 1715 munite,
399 1636 456 1700 sed
487 1649 519 1699 et
547 1648 674 1701 veteres
696 1635 832 1717 batavi,
856 1635 1051 1700 sanctissimi
1072 1648 1104 1699 et
1127 1632 1386 1702 innocentissimi

216 1747 279 1813 viri
312 1762 344 1812 et
374 1767 459 1828 quos
492 1746 610 1812 imitari
630 1767 726 1831 posse
758 1769 817 1830 pro
847 1768 973 1815 summa
1000 1748 1123 1813 virtute
1145 1761 1216 1827 est,
1242 1747 1387 1827 exempla

216 1859 355 1942 posteris
378 1859 449 1942 ejtrs
471 1858 518 1923 rei
539 1858 679 1942 insignia
700 1860 921 1943 reliquerunt:
947 1880 1086 1943 quorum
1109 1880 1125 1924 e
1148 1858 1260 1925 multis
1284 1877 1386 1922 unum

216 1969 363 2037 referam.
412 1969 501 2034 Olim
525 1969 702 2036 maritimae
726 1971 963 2039 Germanorum
988 1971 1159 2053 civitates,
1177 1970 1471 2053 quonomineAnno
1486 1975 1547 2029 1⁴³8·

216 2082 355 2147 veniunt
386 2081 562 2162 Lubecea,
598 2082 847 2167 Hamburgum,
886 2083 1085 2165 Gedanum,
1123 2083 1385 2166 Lunoburgum,
1435 2059 1439 2068 ¹

218 2193 429 2274 Vismarum,
465 2193 708 2270 Rostochium,
744 2195 862 2259 Zunda
894 2210 926 2259 et
955 2195 1059 2275 aliae,
1084 2195 1206 2276 quibus
1229 2193 1388 2258 Prutheni

218 2319 422 2370 accesserant
445 2319 477 2369 et
501 2303 640 2386 Hispani
663 2305 850 2386 Venetique
874 2289 966 2388 (nam
991 2321 1024 2370 et
1045 2305 1079 2370 hi
1102 2320 1173 2370 tum
1196 2304 1390 2388 septentrio-

218 2438 290 2483 nem
315 2415 556 2500 navigabant),
582 2430 758 2499 aucupatae
771 2416 980 2482 dissidiorum
994 2435 1131 2497 causas,
1154 2436 1291 2498 quarum
1305 2416 1389 2481 inter

218 2530 415 2594 aemulantes
448 2541 646 2593 mercaturae
679 2547 776 2592 causa
794 2547 971 2610 numquam
994 2528 1129 2611 penuria
1153 2543 1224 2610 est,
1249 2515 1389 2594 Batavos

218 2642 311 2706 nullo
344 2639 422 2705 belli
452 2654 568 2722 paratu
600 2639 697 2704 maria
723 2653 925 2721 permeantes
947 2655 1126 2723 coeperunt
1146 2640 1309 2723 spoliare,
1334 2661 1389 2705 oc-

217 2752 321 2818 cidere
340 2767 395 2817 aut
419 2753 451 2816 in
478 2751 682 2818 durissimam
707 2751 929 2834 captivitatem
954 2753 1127 2817 abducere.
1175 2752 1221 2816 At
1244 2751 1386 2835 illi,qui
1428 2805 1431 2811 ,

218 2864 418 2949 'gravissimis
441 2863 549 2929 vexati
572 2863 701 2947 injuriis
721 2878 839 2929 cuncta
863 2878 970 2928 tamen
993 2879 1067 2928 ante
1088 2863 1154 2928 vim
1178 2865 1312 2929 mallent
1335 2883 1388 2927 ex·

217 2975 338 3058 periri,
363 2975 502 3040 decretis
533 2975 755 3058 legationibus
778 2995 830 3041 res
852 2989 1006 3058 repetunt
1028 2996 1063 3040 ae
1089 2975 1208 3059 jubent
1230 2993 1283 3039 eas
1307 2995 1390 3056 quas

219 3086 287 3151 dixi
311 3085 485 3168 civitates,
510 3085 573 3152 nisi
596 3105 700 3151 noxae
722 3086 976 3152 aestimationem
995 3089 1240 3170 persolverent,
1253 3086 1389 3170 privatis

218 3197 397 3264 latrociniis
420 3195 576 3262 absistere
596 3212 628 3261 et
651 3212 761 3280 aperto
782 3198 814 3262 in
836 3213 1002 3282 posterum
1015 3200 1124 3264 Marte
1136 3218 1245 3264 secum
1258 3214 1388 3264 certare.

219 3310 305 3375 Cum
325 3329 403 3375 vero
428 3307 611 3374 Germanos
633 3324 671 3374 ut
691 3325 807 3393 sponte
837 3311 904 3395 juri
937 3325 1087 3394 parerent
1110 3310 1273 3376 adducere
1297 3313 1389 3376 nullo

218 3422 315 3487 modo
346 3421 556 3504 potuissent,
590 3441 723 3487 assensu
754 3423 916 3505 Principis
949 3423 1037 3505 (erat
1069 3422 1097 3487 is
1122 3436 1192 3487 tum
1215 3422 1389 3505 Philippus
1432 3455 1439 3464 ·

218 3532 490 3616 Burgundionum
513 3532 658 3617 primus)
682 3534 808 3599 cunctis
832 3535 864 3600 in
889 3534 1026 3600 urbibus
1049 3549 1173 3599 armant
1189 3535 1389 3618 impleatque

220 3664 342 3725 naves,
366 3644 488 3726 quibus
511 3665 587 3710 mox
611 3645 643 3709 in
663 3647 790 3711 hostem
804 3645 925 3712 invecti
937 3646 1151 3730 promulgatis
1164 3646 1389 3728 utplurimum

220 3756 351 3839 praeliis
384 3755 525 3822 feliciter
552 3776 618 3822 non
642 3757 756 3822 minus
774 3777 871 3839 quam
902 3756 1032 3822 fortiter
1061 3757 1312 3841 depugnarunt,
1345 3757 1390 3821 ita

221 3867 368 3933 utbrevi
388 3870 496 3933 nullae
516 3867 549 3932 in
569 3888 691 3934 oceano
716 3888 816 3935 naves
837 3883 963 3951 praeter
975 3868 1143 3935 Batavicas
1163 3867 1389 3950 conspiceren-

221 3993 296 4061 tur,
322 4000 405 4062 quae
429 3979 461 4043 in
484 3979 583 4044 decus
603 3980 794 4063 multiplicis
816 3979 972 4045 victoriae
994 3979 1210 4045 everriculum
1232 3978 1390 4062 praefere-

225 4093 303 4158 bant
314 4141 325 4174 ,
338 4091 468 4176 purgati
481 4091 576 4157 maris
597 4091 743 4176 insigne:
761 4092 883 4175 Captae
903 4111 970 4157 uno
989 4091 1111 4174 praelio
1123 4091 1241 4176 viginti
1258 4111 1391 4175 magnae

225 4201 467 4268 Germanorum
500 4223 622 4284 naves,
655 4203 871 4269 Pruthenicae
902 4218 990 4283 treS,
1026 4223 1155 4267 caracea
1177 4203 1305 4269 Veneta
1328 4221 1391 4267 una

230 4314 347 4380 referta
372 4315 514 4399 opibus,
540 4335 624 4396 quae
648 4315 732 4380 inter
753 4316 824 4381 illas
835 4315 1041 4381 versabatur:
1066 4315 1145 4379 haec
1157 4315 1189 4380 in
1204 4315 1392 4380 Zelandiam

231 4413 345 4492 auecta
368 4441 427 4492 est.
474 4428 591 4492 Altero
619 4427 737 4492 deinde
768 4428 922 4493 conflictu
947 4442 1012 4494 tres
1034 4427 1115 4493 aliae
1138 4446 1237 4492 naves
1260 4446 1393 4509 magnae

232 4539 329 4604 molis
361 4538 394 4604 in
425 4553 616 4628 potestatem
651 4554 820 4605 venerunt.
868 4539 1002 4621 Captivi
1035 4538 1263 4605 honestissime
1296 4523 1415 4603 habe·¹
