3546 5654
358 639 422 680 220
660 635 705 680 DE
729 633 823 699 JURE
850 630 1033 677 PRAEDAE.
1058 630 1137 676 CAP.
1162 630 1226 674 ΧΠ.

355 789 442 871 apud
476 787 683 853 Athenaeum
715 785 911 854 convivator
942 804 1028 850 mate
1060 802 1233 849 commune
1265 802 1335 850 esse
1369 785 1472 867 dicit,
1497 800 1531 850 at

354 899 463 981 pisces
496 897 697 981 capientium
731 896 815 964 fieri.
862 897 908 962 Et
943 881 992 962 in'
1010 895 1162 961 Plautina
1190 894 1345 961 Rudente
1367 899 1376 933 ¹
1396 898 1529 962 servulo

355 1007 502 1091 dicenti,
534 1009 639 1077 Mare
672 1008 803 1095 quidem
827 1027 993 1072 commune
1015 1020 1105 1071 certo
1130 1019 1177 1071 est
1200 1006 1371 1086 omnibus,
1395 1007 1531 1073 assentit

355 1120 518 1203 piscator:
552 1119 686 1186 addenti
717 1133 847 1198 autem,
879 1118 921 1182 In
953 1121 1045 1182 mari
1073 1121 1242 1185 inventum
1273 1132 1343 1198 cst,
1365 1139 1531 1183 commune

355 1243 428 1309 cst,
451 1245 538 1296 recte
562 1229 725 1297 occurrit:

464 1340 579 1405 Meum
604 1339 693 1424 qnod
713 1353 785 1406 rete
807 1354 909 1426 atque
931 1341 1023 1404 hami
1047 1341 1141 1403 nacti
1163 1351 1265 1418 sunt,
1289 1359 1393 1403 meum

912 1452 1121 1536 potissimum
1145 1462 1203 1513 est.

399 1560 494 1625 Mare
525 1559 628 1644 igitur
660 1560 829 1643 proprium
863 1560 997 1626 omnino
1030 1559 1171 1644 alicujus
1203 1559 1273 1624 lieri
1306 1578 1373 1625 non
1396 1575 1530 1643 potest,

357 1670 435 1753 quia
464 1686 580 1737 natura
612 1690 784 1736 commune
818 1673 881 1737 hoc
915 1691 985 1739 esse
1014 1689 1081 1738 non
1103 1670 1284 1753 permittit,
1307 1671 1366 1736 sed
1385 1673 1481 1756 jubet
1499 1669 1530 1736 ¹:

356 1781 422 1845 imo
453 1799 494 1846 ne
528 1779 623 1846 littus
647 1781 805 1863 quidem,
830 1781 892 1848 nisi
917 1782 1008 1863 quod
1031 1783 1111 1847 haec
1135 1781 1283 1848 addenda
1303 1796 1352 1846 cst
1374 1782 1530 1864 interpre-

357 1890 458 1956 tatio:
493 1904 530 1956 ut
554 1890 581 1956 si
606 1891 688 1972 quid
711 1912 820 1958 earum
843 1913 951 1958 rerum
975 1913 1032 1975 per
1053 1907 1200 1959 naturam
1224 1892 1379 1975 occupari
1401 1893 1531 1975 possit,

357 2003 391 2068 id
414 2017 547 2068 eatenus
571 2003 767 2086 occupantis
791 2003 870 2084 fiat,
895 2019 1055 2086 quatenus
1079 2025 1116 2070 ea
1139 2004 1355 2086 occupatione
1378 2023 1458 2068 usus
1476 2004 1531 2068 ille

357 2113 566 2196 promiscuus
598 2133 665 2180 non
696 2114 849 2182 laeditur.
894 2114 998 2201 Quod
1026 2115 1141 2181 merito
1170 2129 1335 2197 receptum
1366 2129 1433 2180 est:
1457 2133 1531 2180 nam

357 2243 433 2290 cum
464 2225 509 2288 ita
538 2243 571 2288 se
600 2243 653 2290 res
681 2225 799 2305 habet,
832 2241 936 2291 cessat
967 2241 1108 2308 utraque
1141 2225 1314 2308 exceptio,
1348 2245 1407 2307 per
1434 2246 1531 2308 quam

359 2333 510 2402 evenisse
532 2335 699 2416 diximus,
723 2356 764 2401 ne
783 2336 892 2402 omnia
911 2336 944 2402 in
962 2338 1017 2421 jus
1037 2337 1206 2419 proprium
1229 2337 1531 2402 transcriberentur.

361 2446 527 2534 Quoniam
547 2445 648 2531 igitur
668 2447 886 2513 inaedificatio
907 2449 1033 2530 species
1046 2463 1095 2514 est
1106 2447 1354 2531 occupationis,
1379 2448 1412 2512 in
1423 2448 1532 2514 littore

360 2557 473 2623 licebit
500 2557 669 2623 aedificare
688 2559 723 2638 ³,
757 2560 783 2624 si
812 2559 846 2625 id
868 2558 940 2624 fieri
962 2573 1074 2642 potest
1096 2559 1166 2626 sine
1186 2572 1387 2624 caeterorum
1408 2559 1532 2624 incom-

357 2669 479 2749 modo,
513 2683 550 2734 ut
577 2669 779 2752 Pomponius
809 2671 978 2753 loquitur:
1004 2670 1096 2753 quod
1114 2691 1154 2734 ex
1176 2669 1335 2736 Scaevola
1354 2670 1533 2753 explicabi-

357 2799 456 2860 mus,
480 2779 543 2847 nisi
576 2800 657 2847 usus
687 2782 864 2865 publicus,
897 2785 961 2848 hoc
996 2796 1045 2848 est
1076 2781 1281 2861 communis,
1309 2781 1532 2864 impediretur.

357 2891 404 2958 Et
423 2892 481 2974 qui
500 2891 722 2958 aedificaverit
740 2893 803 2959 soli
822 2894 975 2960 dominus
994 2893 1065 2972 fiet,
1087 2891 1165 2974 quia
1184 2892 1219 2957 id
1237 2894 1342 2958 solum
1362 2913 1421 2957 nec
1434 2892 1533 2958 ullius

355 3003 544 3086 proprium,
577 3022 638 3070 nec
666 3003 707 3069 ad
734 3025 830 3070 usum
859 3024 1064 3070 communem
1093 3003 1311 3068 necessarium
1340 3002 1416 3070 fnit.
1472 3005 1535 3070 Est

358 3114 458 3198 igitur
486 3113 700 3196 occupantis,
732 3115 874 3182 sednon
898 3115 1048 3196 diutius,
1073 3135 1170 3198 quam
1190 3116 1286 3181 durat
1305 3115 1479 3199 occupatio
1498 3121 1533 3196 ⁴,

358 3225 436 3306 quia
460 3225 612 3290 reluctari
643 3245 729 3290 mare
747 3226 949 3308 possessioni
967 3227 1122 3310 videtur,
1147 3230 1296 3310 exemplo
1316 3230 1424 3309 ferae,
1449 3246 1533 3308 quae

358 3336 386 3400 si
406 3336 440 3400 in
459 3338 638 3404 naturalem
658 3357 693 3402 se
713 3338 896 3404 libertatern
916 3338 1095 3420 receperit,
1120 3357 1187 3403 non
1205 3339 1292 3403 ultra
1311 3338 1454 3420 capturis
1473 3352 1533 3403 est.

357 3450 406 3514 Ita
427 3463 459 3514 et
477 3448 572 3514 littus
590 3448 798 3531 postliminio
818 3449 898 3514 mari
919 3449 1015 3515 redit.
1040 3449 1217 3537 Quidquid
1239 3463 1348 3515 autem
1367 3449 1532 3532 privatum

359 3559 430 3626 fieri
449 3561 666 3642 occupando,
691 3560 776 3625 idem
797 3575 829 3625 et
848 3560 1042 3642 publicum,
1066 3561 1130 3626 hoc
1152 3574 1202 3626 est
1212 3559 1330 3643 populi
1340 3561 1533 3644 proprium,

358 3691 454 3754 posse
474 3670 687 3738 ostendimus.
730 3671 785 3738 Sic
806 3671 900 3737 littus
920 3671 1047 3755 imperii
1068 3672 1209 3738 Romani
1229 3671 1351 3738 linibus
1370 3672 1533 3738 inclusum

363 3875 552 3884 ----,-.-.

295 4023 298 4028 ·
394 4005 401 4037 ¹
421 4019 520 4067 actu4.
538 4019 573 4054 sc.
592 4007 660 4054 Heus
679 4021 759 4055 mane.
780 4005 831 4069 [vs.
849 4019 906 4070 975.
926 4021 980 4066 sqq.
999 4018 1024 4054 ct
1043 4019 1079 4054 vs.
1098 4005 1169 4070 985.]
1205 4001 1215 4036 ²
1233 4007 1263 4052 V.
1280 4006 1382 4052 Doncll.
1402 4006 1419 4050 1.
1436 4017 1460 4063 4.
1479 4017 1502 4051 c.
1514 4017 1536 4051 2.

359 4096 450 4145 ’Inst
468 4098 498 4145 de
517 4111 565 4144 rer.
584 4097 636 4145 div.
654 4097 675 4158 ᾗ.
694 4098 817 4145 littorum.
838 4099 870 4160 [Ι.
890 4111 912 4145 a.
935 4111 954 4144 1.
973 4098 993 4158 §.
1013 4097 1048 4158 5.]
1069 4099 1086 4144 1.
1104 4096 1223 4156 riparum.
1243 4100 1263 4154 5.
1286 4109 1306 4144 1.
1324 4095 1349 4144 ff.
1370 4096 1400 4143 de
1417 4108 1467 4142 rer.
1484 4093 1537 4142 div.

362 4186 405 4250 [D.
426 4201 446 4235 1.
465 4189 488 4234 8.
512 4187 547 4248 5.]
573 4189 589 4233 l.
615 4187 754 4236 fluminum.
772 4187 800 4235 ff.
818 4189 849 4236 dc
869 4191 959 4236 damno
978 4184 1023 4236 inf.
1044 4186 1087 4250 [D.
1108 4201 1147 4250 39.
1166 4201 1189 4235 a.
1209 4187 1261 4250 24]
1282 4189 1299 4234 l.
1317 4186 1441 4246 quamvis.
1460 4184 1485 4232 ff.
1504 4186 1536 4233 de

359 4293 414 4338 aeq.
433 4280 500 4326 dom.
521 4277 563 4340 [D.
582 4291 623 4339 41.
645 4291 665 4325 1.
685 4277 737 4342 so]
758 4280 775 4325 l.
793 4279 819 4326 in
838 4278 934 4327 littore.
953 4278 977 4326 ff.
996 4292 1027 4325 ne
1046 4278 1107 4338 qnid
1126 4279 1152 4326 in
1171 4281 1222 4326 loc.
1243 4278 1314 4338 publ.
1336 4276 1379 4339 [D.
1397 4271 1480 4337 43.‘8.
1498 4275 1535 4336 4.]

358 4368 368 4400 ⁴
387 4371 403 4416 l.
422 4367 517 4416 Aristo.
535 4367 561 4415 ff.
581 4369 612 4416 de
630 4382 679 4416 rer.
699 4368 774 4417 divis.
794 4367 839 4431 [D.
862 4383 883 4418 1.
903 4373 925 4417 8.
947 4369 997 4429 10.]
1018 4371 1033 4416 l.
1053 4371 1123 4428 quod
1140 4370 1166 4417 in
1185 4369 1280 4417 littore.
1300 4368 1325 4416 ff.
1344 4370 1375 4416 dc
1394 4381 1449 4427 aeq.
1470 4369 1537 4415 dom.

362 4460 405 4521 [D·
423 4473 464 4519 41·
485 4471 507 4507 1·
528 4457 579 4521 14]
