3552 5654
552 629 598 678 uu
621 629 714 696 June
740 628 926 676 ernnust.
952 629 1034 676 cnr.
1059 630 1095 674 x.
1372 624 1432 690 155
1532 631 1534 639 ·

264 784 344 852 liato
366 784 433 850 civi
455 784 495 850 ad
518 785 752 866 reparationem
777 785 923 868 jacturae
945 783 1093 869 obligari.
1140 783 1205 850 Sed
1232 783 1296 849 hoc
1323 783 1434 850 subla·

264 909 333 961 tum
366 908 438 975 est,
471 909 541 960 tum
572 916 612 962 ne
646 895 803 962 aerarium
834 895 912 960 belli
940 895 1126 977 praesertim
1157 909 1304 978 tempore
1324 893 1433 960 nimiis

264 1005 507 1090 erogationibus
540 1007 785 1088 exhauriretur,
809 1021 941 1072 tumne
969 1006 1044 1088 quis
1069 1026 1105 1070 ea
1127 1005 1281 1072 facilitate
1304 1005 1434 1070 illectus

262 1136 313 1182 res
331 1135 407 1183 suas
425 1117 535 1184 minus
555 1116 685 1184 fortiter
706 1116 911 1184 defendendo
929 1117 1073 1182 hostium
1091 1136 1169 1200 opes
1182 1130 1324 1201 augeret.
1348 1115 1434 1180 Mox

261 1229 440 1294 nonnullae
468 1228 593 1311 speeies
622 1242 859 1309 occurrerunt,
879 1227 913 1293 in
944 1228 1067 1310 quibus
1091 1226 1230 1310 aequius
1251 1226 1434 1308 utiliusque

262 1337 370 1402 visum
391 1353 439 1405 est
460 1340 696 1422 rempublicam
716 1341 790 1424 jure
813 1357 875 1405 suo
897 1354 1029 1406 eatenus
1051 1341 1186 1419 cedere,
1206 1352 1244 1404 ut
1262 1337 1434 1403 sinedam-

261 1466 305 1513 no
324 1467 387 1516 suo
410 1449 532 1515 civium
553 1449 677 1515 damnis
701 1452 908 1534 consuleret,
931 1454 994 1518 boc
1018 1466 1087 1530 est,
1110 1463 1147 1515 ut
1168 1469 1219 1515 res
1230 1469 1270 1513 ex
1282 1448 1434 1514 hostibus

261 1573 406 1642 receptas
437 1560 477 1626 ad
507 1575 634 1626 veteres
658 1561 808 1632 dominos
831 1561 935 1628 redire
955 1575 1130 1644 pateretur.
1176 1559 1264 1626 Hinc
1285 1559 1339 1643 jus
1361 1557 1579 1657 nas-[wli

262 1668 346 1734 citur
361 1670 563 1754 postliminii
582 1671 615 1736 in
636 1671 765 1756 legibus
777 1671 932 1740 Romanis
949 1671 1180 1751 notissimum,
1197 1669 1306 1736 minus
1326 1684 1434 1735 tamen

260 1781 374 1862 primis
394 1780 461 1847 illis
481 1780 715 1864 interpretibus
737 1782 954 1852 intellectum.
988 1782 1040 1846 De
1063 1802 1102 1849 eo
1124 1781 1216 1863 quod
1239 1780 1279 1845 ad
1297 1780 1433 1862 praedae

260 1891 553 1958 considerationem
578 1892 656 1960 satis
676 1893 720 1959 sit
739 1893 918 1960 videamus.
962 1893 1049 1960 Nam
1074 1893 1113 1958 de
1133 1891 1336 1974 postliminio
1349 1891 1434 1956 inter

261 2015 385 2068 exteras
422 2002 570 2068 nationes
611 2005 716 2087 deque
748 2005 962 2086 hominibus,
1003 2004 1061 2086 qui
1091 2019 1148 2070 aut
1177 2003 1264 2068 bello
1296 2002 1433 2068 redeunt

259 2126 316 2177 aut
346 2113 568 2196 recipiuntur,
598 2116 695 2198 longa
725 2129 758 2180 et
788 2117 828 2180 ab
857 2115 1009 2180 instituto
1037 2114 1141 2179 aliena
1161 2113 1205 2180 sit
1227 2112 1431 2194 disceptatio.

258 2220 398 2288 Romani
421 2243 515 2308 agros
538 2225 740 2306 postliminio
761 2225 868 2291 redire
889 2226 1068 2292 voluerunt
1091 2226 1111 2289 ¹.
1156 2223 1243 2288 Nam
1267 2242 1341 2288 cum
1362 2223 1431 2288 sine
1443 2220 1562 2321 {25:12ss

259 2351 385 2398 annona
415 2353 468 2398 res
500 2335 618 2400 bellica
646 2335 801 2400 sustineri
826 2353 894 2402 non
917 2349 1029 2417 posset
1051 2348 1082 2399 et
1108 2333 1256 2417 plerique
1277 2333 1433 2416 periculis

259 2442 404 2507 deterriti
435 2463 544 2508 curam
575 2463 726 2528 agrorum
758 2445 982 2527 deponerent,
1006 2444 1180 2528 praecipue
1207 2444 1235 2510 si
1262 2445 1352 2509 nulla
1374 2463 1434 2510 sua

258 2553 456 2636 negligentia
488 2555 545 2622 sed
568 2554 602 2621 vi
626 2554 772 2622 hostium
795 2556 917 2639 maJ'ore
941 2555 1053 2640 (quod
1071 2556 1248 2638 plurimum
1279 2555 1312 2622 in
1335 2556 1432 2620 rebus

259 2663 322 2729 soli
355 2664 485 2749 evenit)
516 2666 665 2748 expulsi,
689 2685 745 2748 spe
769 2667 857 2731 omni
882 2666 914 2730 in
937 2681 1106 2749 posterum
1136 2666 1347 2748 recuperandi
1378 2667 1433 2732 de-

259 2773 495 2857 stituerentur,
514 2775 735 2842 indemnitatis
754 2777 896 2860 quodam
915 2791 1011 2860 pacto
1024 2777 1185 2842 excitandi
1198 2777 1347 2842 homines
1359 2775 1433 2842 fue·

258 2899 358 2967 runt,
381 2901 419 2951 ut
434 2886 608 2968 'possidere
630 2886 751 2954 fundos
770 2902 803 2953 et
826 2888 932 2952 colere
955 2889 1089 2954 vellent.
1128 2887 1165 2953 In
1186 2888 1284 2953 rebus
1302 2886 1434 2952 mobili-

257 2996 320 3063 bus
344 3013 410 3063 non
431 2996 516 3063 idem
549 3001 744 3064 observatur
761 2995 793 3063 ¹:
825 3017 891 3065 non
918 2998 1020 3064 modo
1051 2998 1131 3080 quia
1158 3018 1267 3064 earum
1291 2996 1433 3064 difficilis

258 3121 306 3172 est
335 3106 524 3192 indagatio,
558 3109 615 3174 sed
645 3109 803 3190 quoniam
833 3109 943 3177 dubiis
976 3110 1178 3192 temporibus
1212 3109 1297 3174 illud
1330 3127 1433 3193 genus

257 3217 476 3298 possessionis
498 3220 588 3286 oneri
609 3219 719 3285 verius
743 3240 841 3302 quam
861 3221 938 3288 usui
958 3236 1027 3300 est,
1051 3221 1250 3302 timidosque
1269 3220 1432 3286 interdum

259 3341 291 3392 et
313 3327 461 3396 imbelles
483 3328 582 3410 facit,
606 3330 650 3396 ita
674 3346 711 3397 ut
734 3331 966 3414 impedimenta
991 3351 1057 3398 non
1080 3331 1219 3400 absurde
1242 3330 1339 3398 iidem
1365 3330 1432 3396 tao-

258 3438 344 3504 mani
366 3441 610 3522 appellaverint.
655 3441 776 3524 Excipi
797 3445 808 3480 ³
828 3457 934 3508 tamen
957 3443 1141 3508 debuerunt
1162 3462 1378 3525 quaecunque
1398 3442 1432 3509 in

257 3550 344 3616 bello
368 3570 463 3617 usum
487 3553 627 3633 babent,
651 3567 690 3619 ut
711 3574 810 3620 naves
834 3556 951 3638 longae
976 3569 1007 3620 et
1029 3556 1214 3636 onerariae,
1237 3574 1305 3620 non
1324 3569 1431 3620 autem

256 3661 449 3744 piscatoriae
473 3676 505 3742 et
528 3683 611 3745 quae
634 3665 814 3748 voluptatis
844 3685 940 3732 causa
962 3679 1141 3747 parantur,
1165 3685 1269 3746 equus
1293 3679 1324 3730 et
1348 3685 1432 3748 equa

256 3790 321 3837 non
346 3772 470 3853 omnis,
491 3773 551 3838 sed
568 3773 650 3840 freni
669 3775 817 3856 patiens,
842 3777 952 3840 molus
972 3775 1066 3841 etiarn
1088 3776 1310 3842 clitellarius⁴.
1334 3775 1431 3841 Nihil

256 3883 341 3948 enim
365 3883 481 3950 utilius
503 3899 552 3950 est
576 3905 672 3966 quam
696 3886 814 3949 habere
838 3886 879 3950 ad
896 3905 1027 3950 manum
1047 3887 1174 3968 copiam
1194 3905 1303 3950 earum
1322 3905 1430 3950 rerum

254 3993 443 4075 maximam,
468 4009 550 4077 quas
572 3995 682 4061 subita
705 4014 801 4078 saepe
823 3995 1004 4080 indigentia
1026 3996 1104 4061 belli
1127 3996 1288 4078 requirit:
1312 3996 1353 4060 ad
1377 4015 1428 4062 eas

255 4101 356 4188 igitur
386 4106 617 4188 comparandas
649 4106 783 4172 invitari
816 4107 904 4174 cives
936 4106 1107 4189 oportuit,
1141 4106 1330 4190 praesertim
1355 4126 1429 4172 cum

255 4253 453 4270 *uu—ann.

287 4324 333 4373 ¹1.
358 4327 379 4374 si
404 4327 529 4388 captivus.
552 4332 575 4387 5.
603 4342 624 4376 r.
649 4328 675 4376 is.
700 4329 731 4376 de
756 4340 823 4388 capt.
847 4326 892 4392 [D.
909 4342 952 4391 49.
973 4340 1010 4384 15.
1030 4328 1084 4392 am]
1121 4327 1172 4376 ἐ.
1191 4341 1214 4386 3.
1248 4327 1294 4377 ⁸1.
1312 4343 1336 4378 2.
1353 4328 1379 4377 ff.
1397 4331 1429 4378 de

253 4427 319 4476 capt.
339 4417 384 4478 [D.
401 4431 442 4480 49.
463 4418 512 4483 rs.]
534 4419 590 4468 Cic.
608 4419 634 4468 in
652 4419 757 4480 topicis.
775 4421 879 4480 Festus,
898 4434 930 4470 ex
948 4420 1024 4470 Aelio
1044 4422 1132 4480 Gallo,
1151 4421 1176 4469 in
1195 4436 1221 4470 v.
1231 4419 1429 4470 Postliminium.

255 4507 315 4557 av.
333 4509 351 4555 l.
368 4508 562 4569 postliminium.
580 4510 607 4559 in
625 4509 685 4559 fine.
703 4511 728 4559 ff.
747 4513 779 4560 de
797 4523 866 4572 capt.
888 4510 931 4574 [D.
947 4526 989 4574 49.
1011 4523 1049 4568 15·
1071 4510 1120 4575 19.]
