3536 5692
431 669 496 727 desa
525 667 632 726 achten
667 665 761 726 Theils
790 666 842 725 der
874 665 1107 726 Orientalischan
1135 667 1247 725 Indica.
1268 664 1457 741 Franckfurt
1477 687 1525 727 am

431 772 537 846 Mayn.
562 772 647 833 1606.
669 773 746 830 Sunt
767 775 798 830 in
819 773 921 830 altera
943 769 1028 847 hujus
1049 773 1121 830 libri
1135 769 1345 848 praefatione,
1364 791 1441 846 quae
1460 778 1525 849 agit

430 875 611 950 Belaugendt
630 875 677 935 die
702 873 853 934 Ursachen
873 876 927 932 der
948 874 1406 951 Hollcinderdieseraeitgelegene
1419 877 1524 936 omer

372 1044 376 1053 ,
431 978 624 1050 auersuchen,
644 980 726 1038 unnd
741 978 801 1038 sich
819 978 924 1038 wieder
933 978 979 1037 die
991 978 1207 1055 Spanierundd
1214 981 1390 1055 Portugesen
1400 981 1527 1040 daselbst

429 1080 587 1156 feindtlich
608 1089 797 1158 aueraer'gen,
814 1085 948 1159 gerrellet
968 1081 1060 1142 durch
1081 1084 1117 1141 B.
1137 1085 1172 1142 P.
1193 1083 1229 1141 B.
1250 1083 1297 1143 M.
1316 1085 1357 1142 D.
1372 1097 1405 1161 p.
1430 1101 1526 1158 11.sq.

475 1186 574 1246 Verrio
596 1187 710 1247 Latina
730 1187 959 1246 documentorum
979 1205 1000 1246 a
1021 1205 1064 1245 me
1083 1183 1217 1260 confecta
1237 1200 1290 1246 est.

840 1357 1037 1367 ...η-*ι

924 1453 961 1552 Ι.

619 1670 770 1728 Eorcrum
803 1669 960 1727 Onurnum
992 1685 1258 1728 roauunarouum.

796 1773 833 1830 A.
858 1787 943 1846 1599.
965 1771 1042 1831 Aen.
1061 1790 1089 1830 2.

856 1926 1035 1935 ———---——.

395 2021 540 2101 Quoniam
576 2021 709 2080 omnibus
739 2020 904 2079 hominibus
934 2021 963 2077 in
1001 2019 1076 2078 diem
1105 2023 1192 2095 magis
1223 2032 1338 2080 constat
1366 2017 1440 2080 hanc
1469 2039 1528 2081 esse

355 2136 479 2184 mentem
502 2125 698 2198 Hispanorum
720 2125 829 2198 quique
847 2125 916 2198 ipsis
934 2123 1043 2183 addicti
1063 2136 1131 2184 suut
1151 2136 1180 2183 et
1200 2125 1235 2182 ab
1254 2126 1379 2199 ipsorum
1396 2126 1527 2200 partibus

355 2240 449 2300 stant,
478 2240 512 2287 ut
543 2247 601 2287 non
630 2227 717 2287 modo
739 2229 869 2302 Belgicas
891 2229 1021 2303 regiones
1042 2245 1108 2286 cum
1130 2229 1233 2287 incolis
1255 2230 1286 2287 vi
1307 2240 1337 2287 et
1358 2229 1461 2288 fraude
1482 2248 1528 2288 su·

355 2333 447 2406 perbo
467 2350 520 2392 suo
540 2344 569 2391 et
593 2333 748 2407 tyrannico
770 2333 893 2405 imperio
912 2332 1055 2406 subjicere
1071 2333 1185 2404 velint,
1206 2331 1255 2390 sed
1277 2333 1321 2390 his
1340 2335 1420 2391 annis
1442 2335 1528 2392 etiam

356 2438 449 2511 copiis
489 2436 663 2495 militaribus
702 2447 789 2509 atque
828 2434 938 2494 insidiis
970 2436 1093 2494 Galliam
1120 2447 1150 2493 et
1179 2437 1358 2494 Britanniam
1397 2437 1528 2510 subigere

354 2551 516 2610 conentur,
542 2551 629 2614 atque
649 2538 721 2598 adeo
741 2556 808 2597 cum
827 2537 857 2597 id
879 2555 908 2597 se
929 2539 1024 2597 facere
1044 2555 1103 2596 non
1124 2555 1207 2612 posse
1231 2538 1386 2610 viderent,
1415 2541 1527 2597 vicinos

355 2645 505 2702 Electores
533 2654 563 2701 et
590 2645 660 2701 alios
689 2644 805 2717 Imperii
837 2643 1003 2700 Germanici
1036 2643 1189 2716 Principes
1214 2643 1292 2701 bello
1314 2645 1453 2718 petierint
1475 2660 1528 2701 nec

355 2748 443 2805 veriti
470 2749 528 2805 sint
558 2747 644 2806 urbes
675 2763 775 2805 eorum
806 2744 938 2804 obsidere
965 2757 995 2804 et
1022 2748 1174 2805 tormentis
1203 2763 1386 2820 expugnare,
1414 2764 1527 2821 magnas

354 2851 390 2908 ab
417 2852 452 2909 iis
479 2852 615 2925 pecunias
641 2852 777 2925 exigere,
796 2867 878 2925 agros
897 2851 984 2908 etiam
1012 2852 1164 2924 populari,
1185 2863 1329 2909 matronas
1347 2862 1378 2910 et
1400 2852 1527 2925 virgines

355 2956 481 3026 violare,
505 2956 602 3013 omnia
629 2953 753 3028 denique
781 2953 933 3025 caedibus,
953 2952 1095 3012 incendiis
1115 2966 1145 3012 et
1167 2956 1274 3028 rapinis
1292 2955 1429 3029 implere:
1451 2971 1525 3029 quae

355 3075 421 3116 cum
452 3070 669 3132 perpetrarent,-
699 3075 735 3117 ne
765 3057 978 3132 Principalibus
1005 3056 1121 3131 quidem
1143 3056 1277 3116 domibus
1304 3061 1351 3117 vel
1379 3060 1528 3118 Comitum

355 3163 536 3236 aliorumque
562 3162 705 3221 nobilium
737 3163 852 3220 familiis
880 3172 1093 3236 pepercerunt,
1123 3173 1156 3220 ut
1184 3173 1266 3236 paret
1287 3178 1304 3220 e
1324 3162 1529 3221 crudelissimis

355 3266 548 3336 facinoribus,
579 3266 684 3339 quibus
712 3267 756 3324 his
788 3265 889 3324 diebus
912 3266 1112 3324 Electoratum
1144 3265 1304 3336 Coloniae,
1330 3266 1529 3339 Principatum

356 3368 521 3426 Clivensem
553 3379 582 3427 et
612 3370 801 3442 Bergensem,
831 3371 1040 3443 Episcopatum
1069 3369 1242 3430 Monosterii
1264 3380 1294 3427 et
1314 3371 1427 3427 vicinos
1447 3373 1529 3428 locos

356 3471 527 3530 foedarunt:
549 3473 619 3530 haec
640 3489 705 3531 cum
728 3474 767 3531 ita
789 3475 847 3532 sint
868 3483 898 3531 et
919 3474 1038 3547 insuper
1059 3484 1173 3532 constet
1194 3474 1341 3531 ministros
1368 3472 1529 3548 tyrannidis

358 3578 503 3650 Hispanae
525 3577 692 3650 importune
710 3578 828 3650 gloriari
851 3593 909 3634 non
932 3587 1093 3636 cessaturos
1115 3575 1345 3651 necquidquam
1364 3578 1531 3636 remissurus

357 3679 394 3737 de
422 3678 601 3754 cupiditate,
630 3679 803 3740 crudelitate
831 3692 861 3739 et
890 3678 1060 3738 dominandi
1082 3678 1221 3755 libidine,
1243 3682 1272 3738 in
1294 3697 1343 3739 eos
1364 3682 1530 3755 praesertim

357 3785 524 3859 Electores‚
556 3785 722 3858 Principes,
752 3785 900 3854 Comites,
927 3785 1057 3858 aliosque
1085 3783 1217 3842 dominos
1246 3796 1277 3843 et
1306 3784 1453 3860 subditos,
1479 3785 1529 3859 qui

358 3887 425 3946 fidei
454 3889 624 3947 Catholicae
650 3887 759 3947 addicti
781 3905 840 3946 non
862 3889 936 3958 sint,
956 3886 1051 3946 donec
1072 3904 1170 3946 omnes
1192 3888 1244 3947 sub
1264 3888 1364 3962 jugum
1386 3889 1531 3963 Hispano-

357 4009 421 4050 rum
444 3991 608 4066 redegerint
623 4004 653 4051 et
671 4009 768 4051 veram
787 3991 871 4051 fidem
891 3993 1086 4050 Christianam
1105 3991 1285 4050 deleverinta
1301 4009 1428 4066 cumque
1444 3994 1530 4051 etiam

357 4098 387 4154 in
409 4097 578 4159 civitatibus
598 4107 628 4155 et
650 4094 771 4154 diversis
792 4097 959 4171 regionibus
981 4097 1098 4170 Imperii
1121 4097 1287 4154 Germanici
1309 4095 1394 4154 fidem
1412 4108 1442 4155 et
1459 4098 1531 4171 reip.

358 4201 478 4258 formam
507 4202 599 4275 palam
625 4202 655 4258 vi
677 4212 707 4258 et
726 4201 811 4258 minis
832 4201 974 4259 mutarint
995 4217 1028 4258 ac
1049 4198 1173 4274 gaudere
1195 4216 1224 4257 se
1244 4198 1431 4274 praedicent,
1452 4200 1532 4274 quod

358 4306 507 4363 Electores
535 4305 643 4378 aliique
673 4304 823 4378 Principes
851 4316 881 4363 et
913 4304 1025 4362 nobiles
1057 4302 1194 4362 adversus
1227 4320 1256 4360 se
1286 4319 1362 4362 arma
1383 4306 1532 4378 ceperint,

358 4409 493 4481 quoniam
523 4409 563 4465 ita
590 4424 619 4466 se
645 4410 745 4466 melius
767 4409 949 4483 propositum
971 4419 1154 4466 assecuturos
1175 4419 1309 4480 sperent:
1331 4424 1456 4482 cumque
1480 4424 1531 4466 rex

359 4513 515 4587 Hispaniae
546 4523 575 4570 et
606 4513 678 4587 regii
700 4513 813 4585 generis
841 4513 993 4586 Principes
1014 4523 1043 4570 et
1062 4523 1176 4570 senatus
1200 4511 1398 4585 Hispaniensis
1420 4523 1477 4569 tarn
1500 4511 1529 4567 in
