3536 5692
359 669 417 729 354
841 674 1050 718 oocunruurn.

358 857 387 903 et
418 846 534 918 insuper
565 860 624 902 eam
656 844 772 917 publica
802 847 938 906 auctione
969 846 1056 907 vendi
1089 847 1210 917 debere,
1240 860 1274 909 ut
1295 851 1436 923 pecunia,
1458 864 1530 924 quae

359 928 426 1005 inde
446 946 561 1015 redeat,
583 945 734 1005 dividatur
755 964 792 1005 ex
814 946 913 1007 edicto
936 948 1081 1008 Ordiuum
1105 950 1329 1010 foederatorum.

400 1051 549 1109 sententia
569 1048 647 1108 dicta
668 1061 710 1108 est
732 1052 761 1108 in
783 1053 908 1125 collegio
931 1051 1160 1125 Admiralitatis,
1181 1057 1218 1113 D.
1239 1073 1269 1127 9.
1293 1057 1372 1132 Sept.
1391 1059 1428 1116 Α.
1444 1058 1534 1132 1604.

842 1279 1042 1290 ——a-—o--a—a-n

899 1448 990 1546 IV.

492 1703 570 1759 Pares
593 1703 766 1760 Eutsrousu
788 1703 931 1759 Earscoar
955 1702 1180 1761 Mnr.nccuusrs
1204 1719 1244 1760 nu
1266 1704 1395 1762 Renum.

787 1806 823 1862 Α.
849 1806 933 1863 1600.
955 1807 1032 1863 Aen.
1055 1821 1102 1876 30.

857 2037 1045 2044 -—-———-0-..-..

403 2198 534 2256 Litterae
561 2199 684 2272 scriptae
709 2198 745 2255 ab
766 2197 930 2257 hominibus
952 2196 1036 2271 fidis,
1057 2215 1130 2271 quae
1151 2197 1187 2256 ad
1207 2215 1260 2256 nos
1281 2202 1406 2273 perlatae
1428 2211 1494 2258 sunt
1516 2217 1531 2257 e

362 2317 452 2375 reguo
485 2302 614 2371 Sinensi,
645 2302 792 2370 Malacca,
823 2300 945 2359 Maluco
970 2302 1090 2374 aliisque
1112 2302 1183 2359 locis
1204 2300 1368 2360 meridianis
1390 2299 1532 2379 (scriptae

362 2417 445 2462 erant
473 2421 568 2462 mense
597 2405 708 2462 Martio
728 2405 795 2462 anni
821 2401 916 2482 1600)
938 2403 1110 2463 confirmant
1131 2423 1208 2463 anno
1230 2407 1377 2479 superiore
1402 2421 1477 2480 1599
1497 2406 1532 2464 ad

363 2519 452 2566 terras
473 2524 572 2566 versus
597 2506 745 2565 meridiem
767 2509 833 2565 sitas
854 2509 966 2565 venisse
987 2525 1073 2566 naves
1094 2506 1247 2566 duodecim
1269 2527 1306 2567 ex
1328 2509 1484 2568 Hollaudia
1505 2523 1534 2568 et

363 2608 534 2684 Zeelandia,
556 2626 677 2683 quarum
699 2608 796 2668 decern
821 2608 947 2668 Sundam
969 2612 1025 2668 iter
1036 2613 1199 2680 verterint,
1221 2610 1293 2670 duae
1304 2629 1403 2671 versus
1415 2631 1533 2686 regnum

364 2714 488 2786 Achini;
519 2715 568 2770 has
588 2724 684 2772 autem
707 2730 793 2771 naves
816 2715 871 2772 iter
892 2731 929 2772 ex
952 2712 1109 2772 Hollaudia
1131 2716 1286 2788 suscepisse
1307 2733 1383 2773 anno
1409 2720 1482 2789 1598
1506 2729 1534 2774 et

363 2818 499 2875 hiemasse
530 2817 560 2874 in
593 2818 685 2874 insula
718 2817 772 2875 Sti.
802 2816 972 2875 Laurentii:
1005 2817 1040 2874 ab
1072 2818 1158 2874 initio
1179 2817 1265 2876 fuisse
1286 2836 1373 2877 naves
1395 2819 1534 2886 sedecim,

363 2921 457 2994 copiis
476 2920 648 2978 militaribus
668 2921 743 2978 bene
763 2922 936 2988 instructas,
958 2918 1007 2978 sed
1028 2937 1096 2980 mox
1117 2921 1268 2993 naufragio
1290 2923 1412 2980 amisisse
1433 2940 1533 2981 navem

363 3025 553 3099 praetoriam:
576 3034 632 3081 tres
652 3025 721 3082 alias
742 3041 828 3082 naves
850 3025 905 3083 iter
926 3026 1046 3082 vertisse
1066 3023 1102 3082 ad
1123 3026 1266 3082 Guineam
1288 3026 1326 3082 ob
1343 3037 1534 3100 tempestates.

363 3127 434 3186 Non
462 3126 571 3186 dicitur
600 3144 739 3200 quorsum
768 3139 827 3186 tres
848 3130 914 3186 illae
936 3144 1022 3186 naves
1043 3126 1109 3186 dein
1132 3145 1160 3186 se
1181 3130 1378 3187 contulerint:
1400 3127 1534 3187 adhunc

364 3228 440 3288 diem
462 3232 534 3288 nihil
556 3229 592 3288 de
614 3232 670 3288 illis
693 3232 723 3288 in
744 3232 792 3289 has
809 3247 873 3288 oras
894 3232 1040 3305 pervenit.

404 3335 449 3391 De
480 3333 601 3392 navibus
633 3331 748 3401 decern,
779 3349 853 3406 quae
886 3333 1011 3392 Sundam
1043 3348 1256 3408 pervenerunt,
1289 3337 1383 3394 statim
1410 3349 1534 3409 quatuor

365 3436 465 3510 pipere
486 3449 516 3494 et
536 3437 669 3494 aromatis
690 3442 810 3494 onustae
833 3435 949 3494 domum
971 3448 1173 3508 reverterunt,
1194 3455 1289 3496 mense
1311 3439 1446 3511 Januario
1467 3442 1534 3497 anni

368 3555 460 3616 1599,
491 3541 565 3597 nihil
597 3541 664 3597 mali
695 3538 838 3614 indigenis
865 3541 1036 3609 inferentes,
1057 3542 1150 3600 minus
1171 3544 1255 3600 etiam
1277 3543 1441 3614 Lusitanis;
1462 3544 1534 3601 nulli

365 3641 492 3717 denique
512 3643 624 3702 nationi
645 3641 801 3715 quidquam
823 3655 959 3701 crearunt
980 3645 1136 3703 molestiae.
1168 3645 1254 3718 Piper
1275 3647 1310 3704 ab
1332 3646 1366 3704 iis
1388 3647 1535 3705 emebatur

367 3748 487 3821 triginta
518 3746 681 3820 regalibus,
710 3747 799 3804 macis
831 3761 902 3804 vero
933 3758 963 3804 et
995 3748 1175 3822 caryophylli
1207 3759 1236 3806 et
1264 3765 1351 3806 nuces
1372 3752 1535 3824 myristicae

366 3852 519 3924 octoginta
549 3852 597 3908 vel
628 3851 785 3923 nonaginta
817 3849 975 3923 regalibus:
1009 3867 1044 3907 ne
1065 3848 1156 3907 dicam
1179 3849 1215 3908 de
1236 3852 1297 3908 aliis
1319 3853 1479 3920 mercibus,
1500 3851 1535 3910 de

366 3971 487 4026 quarum
519 3955 614 4027 pretio
645 3953 715 4010 mihi
747 3970 806 4010 non
839 3965 971 4010 constat:
1003 3953 1061 4011 hoc
1093 3971 1185 4011 unum
1216 3955 1350 4014 novimus
1370 3973 1418 4012 eos
1439 3957 1535 4014 omnia

366 4058 497 4114 maximis
518 4058 618 4131 pretiis
640 4057 739 4114 emisse
761 4067 790 4114 et
811 4054 935 4114 fideliter
957 4057 1083 4114 solvisse.
1119 4057 1221 4130 ltaque
1242 4059 1358 4131 accepti
1379 4057 1535 4116 admodum

367 4172 396 4219 et
417 4161 491 4233 grati
524 4158 666 4232 indigenis
697 4171 796 4230 erant,
827 4161 963 4232 quonlam
991 4159 1066 4232 justa
1087 4162 1257 4219 commercia
1278 4162 1454 4220 exercebant
1474 4164 1535 4220 sine

366 4265 397 4321 vi
418 4275 508 4338 atque
529 4263 645 4336 injuria.
686 4263 782 4320 Etiam
802 4264 895 4320 varias
910 4264 1138 4320 merceseterris
1150 4265 1208 4321 suis
1219 4267 1393 4334 attulerant,
1414 4282 1535 4338 quarum

368 4369 540 4435 nonnullas,
572 4382 644 4440 quae
676 4363 819 4438 indigenis
840 4366 904 4424 usui
926 4382 985 4423 esse
1005 4377 1156 4440 poterant,
1177 4365 1344 4425 vendidere.
1387 4368 1536 4426 Praeterea

368 4479 512 4530 armorum
544 4487 671 4544 magnam
704 4471 763 4526 vim
790 4471 883 4527 omnis
911 4470 1022 4542 generis
1044 4485 1138 4530 secum
1159 4470 1319 4540 habebant,
1340 4487 1413 4543 quae
1434 4489 1536 4544 magno
