3530 5656
363 653 404 716 62
678 671 724 720 or
748 672 842 738 June
868 669 1055 720 nnnrurr.
1080 671 1163 720 cnr.
1187 675 1238 722 vr.

363 863 440 914 sunt
452 849 587 931 quidam
599 869 638 916 eo
650 848 796 934 ingenio,
815 865 853 915 ur
871 849 949 932 ipsis
969 848 1119 932 expediat
1139 849 1246 916 alieno
1269 852 1382 934 potius
1402 853 1540 937 imperio

363 959 431 1045 regi
461 980 558 1042 quam
589 967 688 1027 suo¹.
741 961 855 1048 Quare
890 959 1011 1026 familia
1043 961 1137 1043 quasi
1160 961 1339 1030 multitudo
1365 984 1539 1048 corporum

364 1085 438 1152 est,
462 1091 545 1154 quae
564 1073 604 1137 ab
626 1091 694 1137 uno
717 1071 825 1138 animo
844 1086 1030 1138 moventur.
1062 1070 1106 1137 Et
1128 1073 1234 1139 omnis
1246 1073 1380 1140 omnino
1393 1075 1540 1142 minister

362 1181 612 1249 instrumentum
645 1197 714 1250 est:
749 1182 834 1248 unde
871 1196 904 1248 et
922 1202 1001 1264 eos,
1025 1202 1167 1265 quorum
1189 1202 1250 1250 nos
1269 1203 1365 1267 opera
1391 1187 1540 1267 utimur,

244 1307 347 1354 sartor.
361 1313 490 1359 manum
523 1309 665 1360 nostram
694 1293 845 1360 dicimus.
890 1294 963 1360 Hos
1005 1293 1107 1379 igitur
1137 1313 1250 1361 omnes
1272 1295 1425 1362 subditos
1442 1316 1539 1364 voce·

230 1420 306 1486 confr.
320 1421 443 1472 ramus.
489 1405 674 1472 Secundum
706 1406 785 1471 haec
818 1424 894 1488 ergo
918 1424 1002 1487 quae
1025 1404 1189 1487 diximus,
1213 1405 1332 1472 bellum
1360 1409 1538 1492 priuatum

228 1475 334 1520 'mal'
361 1516 453 1600 (nam
485 1515 526 1581 de
555 1535 594 1582 eo
621 1516 711 1598 prius
745 1515 904 1600 agendum
926 1517 995 1600 est)
1019 1517 1113 1601 juste
1130 1519 1223 1602 gerit
1251 1519 1476 1603 unusquisque
1506 1532 1539 1586 rt

359 1647 431 1690 cum
464 1630 558 1690 sociis
586 1639 618 1692 et
640 1641 704 1713 per
735 1626 891 1692 subditos.
937 1625 1053 1692 Baldi¹
1075 1627 1141 1693 huc
1164 1627 1247 1694 illud
1274 1625 1385 1692 referri
1409 1642 1536 1710 potest:

360 1735 517 1820 quosdam
552 1757 679 1804 mouere
711 1736 830 1802 bellum
859 1751 924 1823 per
956 1759 988 1802 se
1019 1758 1082 1802 non
1108 1751 1172 1822 per
1203 1737 1330 1817 alium,
1363 1741 1441 1804 item
1472 1753 1538 1823 ρνν

359 1868 391 1912 se
421 1868 494 1911 cum
526 1847 617 1912 alio:
649 1846 804 1932 quosdam
832 1847 1023 1934 paralium
1048 1869 1111 1912 non
1127 1861 1192 1933 ριν
1213 1869 1264 1920 se:
1288 1847 1444 1934 quosdam
1473 1863 1538 1935 per

359 1957 465 2022 alium
494 1972 526 2023 cr
543 1973 608 2044 per
629 1980 673 2024 se.
720 1959 785 2026 Sed
807 1959 893 2039 tria,
916 1978 1001 2041 quae
1027 1957 1192 2040 diximus,
1226 1959 1260 2024 in
1293 1977 1357 2025 una
1389 1959 1536 2042 conspici

358 2084 498 2151 possunt
528 2069 703 2136 Abrahami
722 2077 734 2114 ⁸
756 2069 914 2152 historia,
947 2069 1005 2136 ubi
1036 2089 1101 2136 non
1131 2069 1200 2153 ipse
1229 2069 1385 2136 duntaxat
1413 2071 1535 2137 bellum

359 2181 467 2268 gerit,
501 2183 559 2248 sed
594 2181 724 2260 Haner,
753 2181 873 2248 Esehel
904 2197 937 2247 et
965 2180 1103 2248 Mamres
1134 2180 1271 2248 federati
1306 2195 1535 2264 praetereaque

357 2293 478 2360 familia
517 2292 621 2376 ipsius
653 2293 830 2359 Abrahaml
862 2295 1057 2372 vernacula,
1093 2292 1151 2374 qui
1181 2291 1275 2375 pueri
1307 2292 1375 2358 illic
1412 2312 1535 2360 vocen-

358 2421 421 2471 tur.
488 2405 660 2473 Neminem
699 2419 806 2470 autem
841 2403 894 2468 hic
938 2403 1087 2486 excipio:
1131 2403 1209 2485 quia
1252 2403 1280 2470 si
1317 2403 1370 2469 cui
1411 2403 1533 2472 bellurn

360 2536 468 2600 gerere
483 2534 550 2582 non
572 2515 662 2595 licet,
686 2515 720 2580 id
740 2533 807 2581 non
827 2513 910 2580 vitio
933 2514 1094 2600 contingit
1111 2533 1266 2597 personne
1286 2514 1346 2580 sed
1363 2513 1533 2594 ordinis⁴,

360 2627 403 2692 ob
425 2630 528 2711 legem
552 2625 676 2694 scilicet
697 2644 838 2705 nonam,
862 2625 901 2690 de
920 2626 1014 2709 cujus
1036 2625 1070 2691 vi
1091 2625 1168 2690 alibi
1191 2625 1252 2691 erit
1279 2625 1394 2709 agendi
1426 2626 1530 2691 locus.

360 2738 406 2803 Et
434 2738 481 2806 sic
514 2737 651 2822 intelligi
669 2737 767 2803 debet
783 2733 987 2822 Augustini⁸
1011 2735 1107 2801 illud:
1131 2751 1170 2800 ut
1191 2735 1282 2802 nihil
1293 2737 1409 2821 justus
1422 2751 1526 2821 prae-

358 2855 454 2937 cipue
464 2853 584 2936 cogitet
594 2854 631 2915 r'n
654 2850 705 2914 Iris
729 2849 839 2930 rebus,
864 2852 930 2914 nisi
952 2863 990 2914 ut
1014 2847 1133 2913 bellum
1157 2851 1317 2934 suscipiat
1334 2851 1390 2912 cui
1403 2848 1527 2912 bellare

340 2961 508 3049 forest:
533 2963 704 3024 nonenim
721 2959 781 3043 fas
805 2973 852 3024 est
876 2961 1034 3025 omnibus.
1080 2958 1276 3040 Plerumque
1304 2959 1388 3024 enim
1421 2973 1533 3024 aucto·

360 3091 411 3138 res
432 3072 554 3136 bellum
583 3089 656 3135 cum
691 3068 807 3135 dicunt
835 3088 901 3135 non
932 3069 1095 3153 privatum
1126 3071 1184 3136 sed
1212 3070 1382 3152 publicum
1414 3069 1532 3135 intelli-

361 3195 467 3264 gunt.
501 3182 596 3266 cujus
627 3179 832 3262 frequentior
858 3179 1075 3247 consideratio
1095 3196 1144 3248 est
1159 3178 1182 3246 ⁸.
1227 3180 1278 3246 De
1301 3200 1369 3262 quo
1401 3195 1434 3246 et
1473 3200 1532 3245 nos

359 3291 540 3359 videamus.
596 3291 690 3358 Sicut
717 3291 869 3374 privatim
902 3292 980 3358 belli
1015 3293 1147 3376 gerendi
1167 3312 1266 3376 penes
1289 3293 1455 3383 singulos,
1479 3292 1524 3357 ita

359 3402 489 3486 publice
509 3404 651 3469 bellandi
678 3419 823 3487 potestas
840 3403 945 3485 primo
969 3419 1018 3469 est
1045 3422 1144 3486 penes
1161 3403 1392 3485 rempublicam
1405 3401 1438 3484 ⁷,
1459 3403 1529 3468 sive

359 3513 393 3578 id
425 3533 492 3598 quo
522 3514 561 3579 de
590 3513 700 3598 agitur
720 3515 760 3579 ab
779 3513 873 3579 initio
898 3515 1067 3596 publicum
1089 3513 1179 3595 fuit,
1203 3514 1272 3580 sive
1294 3533 1352 3596 per
1372 3513 1531 3598 judicium

259 3638 348 3738 mu·
361 3645 400 3690 ex
421 3624 548 3708 privato
569 3625 693 3694 factum
716 3640 765 3690 est
785 3625 954 3708 publicum
967 3623 989 3690 ⁸.
1035 3625 1235 3709 Respublica
1259 3639 1366 3690 autem
1394 3623 1531 3708 intelligi

360 3735 480 3818 debet,
499 3756 583 3817 quae
604 3750 653 3804 est
670 3738 834 3819 αὐταρκής,
846 3737 1079 3822 sufficienssibi
1101 3749 1132 3802 er
1145 3750 1249 3800 totum
1260 3734 1400 3820 aliquod
1403 3750 1467 3819 per
1477 3757 1531 3802 se:

361 3867 445 3930 quae
474 3861 523 3912 est
545 3849 719 3930 αὐτόνομος,
751 3848 917 3921 adridente,
941 3849 1123 3924 adversarie,
1148 3862 1185 3911 ut
1207 3845 1418 3930 Thucydides
1445 3845 1531 3910 dice·

393 4102 401 4138 ¹
421 4106 492 4152 Plato
511 4106 542 4153 de
559 4117 613 4163 rep.
632 4105 648 4150 l.
666 4117 690 4164 9.
709 4102 747 4164 [p.
765 4115 821 4165 590.
838 4103 876 4164 d.]
912 4099 922 4134 ²
940 4104 1005 4152 adl.
1024 4116 1047 4150 a.
1065 4104 1095 4151 C.
1114 4105 1145 4152 de
1162 4073 1232 4152 serv:
1248 4115 1352 4162 eraque.
1372 4101 1415 4166 [C.
1434 4115 1457 4160 3.
1475 4100 1529 4164 34]

358 4192 369 4226 ³
391 4196 453 4242 Gen.
469 4209 490 4242 e.
511 4208 541 4255 14
556 4207 608 4242 uss.
628 4205 667 4250 1³·
685 4206 724 4254 14.
743 4206 784 4253 24.
817 4191 828 4223 ⁴
846 4194 877 4241 V.
893 4196 1002 4254 exempl.
1021 4192 1046 4240 in
1065 4194 1157 4254 explic.
1175 4196 1192 4240 l.
1212 4206 1250 4250 13.
1284 4192 1295 4223 ⁵
1313 4206 1389 4256 super
1406 4194 1459 4256 Jos.
1474 4194 1490 4238 l.
1507 4192 1531 4240 6.

358 4298 385 4343 q.
404 4297 441 4331 10.
467 4283 559 4334 citatur
584 4283 609 4330 in
636 4296 658 4330 c.
676 4281 808 4330 Dominus.
836 4280 925 4345 [Decr.
948 4285 1015 4330 Grae.
1039 4297 1065 4344 p.
1092 4297 1115 4332 e.
1142 4297 1182 4340 23·
1201 4298 1223 4332 2.
1240 4283 1276 4347 2.]
1311 4281 1371 4331 ⁸V.
1388 4285 1405 4330 l.
1423 4295 1446 4340 7.
1465 4294 1490 4329 et
1508 4285 1531 4328 8.

359 4371 371 4405 ⁷
390 4373 519 4422 Convenit
533 4386 587 4421 eam
596 4373 661 4420 Viet.
680 4374 711 4421 de
728 4371 783 4429 jure
802 4373 863 4420 belli
881 4387 905 4422 n.
925 4385 947 4429 5.
966 4385 990 4421 et
1010 4374 1090 4422 Caiet.
1108 4377 1138 4422 ad
1157 4375 1248 4422 Thoen.
1266 4388 1288 4422 2.
1305 4387 1327 4421 e.
1343 4388 1368 4434 q.
1385 4387 1426 4433 40.
1444 4383 1490 4420 art.
1510 4385 1532 4419 1.

359 4474 383 4512 et
403 4463 429 4510 in
448 4477 536 4512 summ.
554 4477 622 4524 pecc.
640 4465 736 4512 Bellum
755 4461 884 4520 iniustum.
918 4462 997 4512 ⁸Bnl.
1022 4478 1091 4512 cons.
1115 4467 1132 4512 l.
1154 4477 1178 4525 4.
1205 4465 1259 4512 106.
1277 4467 1342 4512 Bart.
1367 4466 1398 4512 de
1424 4475 1531 4522 repress.

359 4553 524 4612 mmmm
