3546 5654
337 688 398 752 190
640 686 687 732 nu
713 686 804 751 Juau
832 685 1018 732 rabenna.
1044 685 1113 731 cnr>
1147 687 1199 732 xr.

333 840 522 907 Lusitanice
551 842 741 922 loquentem
773 841 876 906 multa
905 838 1207 924 interrogarentur,
1232 837 1415 924 ignorantia
1438 861 1505 907 ser·

333 954 461 1033 monis,
485 951 571 1019 forte
590 966 622 1017 et
641 972 783 1034 pavore,
807 966 847 1017 ut
866 950 1014 1034 elingues
1031 952 1192 1035 jacebant.
1234 951 1379 1036 Jubente
1398 955 1505 1036 legato

249 1089 254 1100 ·
333 1066 374 1130 ad
395 1064 630 1130 Lusitanorum
653 1063 879 1129 accusationes
902 1061 1117 1144 responderi,
1151 1061 1208 1144 qui
1232 1062 1368 1130 miseros
1391 1079 1507 1130 nautas

333 1175 486 1259 piraticae
518 1173 659 1240 feritatis
690 1193 763 1240 reos
795 1174 955 1258 agebant,
990 1193 1065 1237 curn
1098 1172 1139 1238 ad
1162 1173 1240 1238 haec
1264 1194 1400 1256 quoque
1423 1174 1508 1241 nihil

333 1301 468 1371 possent
490 1285 647 1365 reddere,
678 1284 842 1350 instabant
864 1283 1018 1350 Lusitani
1042 1297 1080 1348 ut
1102 1283 1269 1349 silentium
1294 1304 1354 1366 pro
1379 1285 1508 1351 confes-

333 1399 425 1465 sione
457 1397 666 1480 reciperetur.
713 1395 881 1461 Credibile
916 1409 965 1460 est
987 1394 1162 1462 accessisse
1186 1409 1218 1458 et
1241 1395 1446 1476 mercedem,
1471 1411 1510 1462 ut

334 1509 473 1593 captivis
495 1509 529 1574 in
554 1509 684 1574 illorum
704 1521 867 1590 potestate
888 1505 1036 1588 relictis,
1057 1507 1152 1571 velut
1160 1526 1195 1572 re
1205 1505 1326 1572 infecta
1336 1506 1508 1573 rediretur.

296 1623 301 1632 '
334 1619 520 1688 Praefectus
551 1639 629 1685 sane
663 1617 882 1686 Cantonensis
918 1616 1102 1701 indignari,
1127 1619 1255 1688 elusum
1280 1636 1314 1682 se
1338 1617 1436 1702 legati
1460 1617 1509 1701 ig-

334 1733 451 1814 navia,
484 1746 517 1797 et
546 1731 611 1816 jam
641 1728 743 1796 ferme
777 1729 869 1812 quod
900 1748 951 1792 res
984 1742 1052 1793 erat
1084 1729 1272 1812 conjicere,
1297 1743 1335 1793 ut
1358 1747 1437 1812 gens
1460 1743 1509 1794 est

334 1842 568 1924 solertissima,
592 1842 656 1907 hoc
680 1841 731 1925 agi
756 1855 795 1906 ut
816 1856 959 1905 caeterae
981 1831 1133 1906 nationes
1157 1839 1289 1906 Sinensi
1311 1840 1508 1907 commercio

336 1969 571 2021 averterentur.
621 1953 707 2018 Cum
742 1971 829 2018 nova
853 1949 1037 2016 immineret
1059 1950 1202 2034 legatio,
1228 1969 1312 2032 quae
1336 1950 1411 2016 dedi
1434 1971 1509 2034 cap-

334 2067 423 2134 tivos
454 2066 523 2134 sine
547 2062 738 2147 exceptione
761 2064 964 2145 postularet,
988 2076 1217 2144 procuratores
1241 2062 1507 2141 Lusitanorum,

336 2177 394 2260 qui
419 2176 560 2242 Cantoni
578 2176 810 2254 morabantur,
835 2173 907 2257 ejus
931 2173 977 2238 rei
1001 2173 1153 2238 nuntium
1179 2174 1220 2237 ad
1243 2173 1510 2262 suosMacaunta

335 2287 569 2371 praemittunt,
600 2300 637 2352 ut
658 2300 783 2351 mature
806 2286 903 2350 rebus
926 2284 996 2350 suis
1020 2285 1249 2364 consulerent,
1274 2283 1404 2350 fraudes
1428 2285 1510 2350 alio·

336 2399 417 2482 quin
437 2413 618 2481 erupturas.
643 2396 835 2478 Numquam
860 2395 939 2461 alias
962 2394 1199 2460 Lusitanorum
1226 2409 1315 2460 tanta
1336 2395 1509 2478 trepidatio

335 2510 419 2576 fuit:
446 2509 600 2575 videbant
620 2507 705 2574 enim
725 2527 785 2573 nec
804 2507 1004 2572 deditionem
1026 2508 1094 2571 ullo
1116 2506 1214 2571 modo
1234 2506 1376 2572 recusari
1395 2526 1509 2589 posse,

337 2637 370 2688 et
392 2621 420 2686 si
444 2619 535 2686 fieret
566 2619 691 2685 deditio
723 2620 878 2701 patebat,
913 2637 995 2700 quas
1029 2617 1062 2682 in
1090 2636 1125 2682 se
1148 2616 1378 2699 suspiciones,
1412 2638 1509 2700 quam

337 2731 499 2799 infamiam
513 2730 720 2798 excitassent.
745 2731 795 2795 Re
808 2728 944 2811 ancipiti
957 2727 1155 2811 praesidium
1169 2748 1186 2793 a
1198 2729 1318 2795 scelere
1331 2743 1363 2795 et
1375 2728 1511 2794 audacia

337 2858 551 2924 mutuantur,
575 2861 734 2907 memores
748 2841 899 2921 scilicet,
923 2839 1061 2907 stultum
1075 2860 1143 2906 esse
1156 2839 1189 2906 in
1201 2839 1366 2922 peccando
1376 2819 1509 2906 modum

337 2975 474 3021 servare.
522 2953 708 3019 Consilium
738 2967 826 3034 erat,
851 2973 892 3016 ne
917 2951 1063 3016 exhiberi
1087 2965 1246 3034 possent,
1271 2969 1384 3016 omnes
1412 2951 1509 3016 inter-

338 3065 433 3131 ficere
451 3064 546 3147 quasi
566 3063 710 3146 judicio:
739 3064 796 3128 sed
817 3064 939 3128 Paulus
961 3062 1147 3146 praefectus
1169 3062 1329 3145 (dandum
1354 3076 1404 3127 est
1425 3063 1509 3126 enim

338 3176 561 3258 qualicunque
586 3161 790 3250 innocentiae
809 3173 1056 3258 testimonium)
1077 3174 1135 3238 diu
1148 3174 1376 3239 cunctabatur.
1409 3172 1512 3260 Quod

305 3285 319 3312 '
338 3287 424 3352 enim
449 3285 534 3350 illud
553 3284 717 3368 judicium
739 3283 808 3349 fore
833 3285 865 3348 in
890 3285 970 3349 urbe
992 3303 1059 3350 non
1083 3303 1162 3366 sua,
1188 3284 1221 3349 in
1246 3284 1394 3350 homines
1419 3303 1512 3365 pere-

338 3397 450 3482 grinos
474 3411 507 3461 et
530 3395 630 3461 libera
664 3395 797 3478 capita?
831 3415 898 3461 non
928 3395 1166 3478 Ulyssiponem
1190 3415 1285 3475 reos,
1308 3414 1374 3460 non
1398 3395 1511 3460 saltem

338 3510 379 3575 ad
397 3507 576 3590 praesidem
596 3507 709 3572 mitti?
748 3505 818 3570 Vix
838 3506 984 3588 perpulit
1003 3506 1192 3586 quaesitor,
1217 3521 1255 3594 ut
1277 3525 1394 3570 nomen
1416 3525 1511 3571 suum

338 3618 516 3687 sententiae
549 3617 688 3683 adscribi
721 3631 896 3700 pateretur.
943 3619 992 3682 Ita
1013 3637 1069 3681 sex
1093 3617 1242 3682 homines
1267 3616 1447 3696 Hollandi,
1472 3617 1512 3700 (o

338 3731 464 3813 patria,
489 3749 509 3795 o
530 3730 604 3813 jura
637 3743 669 3794 et
692 3731 801 3812 leges,
835 3743 867 3792 et
890 3727 1013 3793 frusta
1036 3727 1124 3793 domi
1148 3726 1279 3793 defensa
1302 3727 1455 3811 libertas)
1478 3727 1511 3791 in

339 3861 439 3926 regno
463 3840 638 3921 Sinarum,
672 3840 762 3920 quod
787 3838 945 3904 Hollandi
968 3837 1070 3904 tantis
1093 3837 1282 3918 laboribus,
1306 3838 1406 3904 'tarrtis
1427 3837 1513 3920 peri·

339 3954 423 4020 culis
444 3951 630 4034 quaesitum
661 3951 809 4032 iverant,
843 3949 902 4016 ubi
932 3949 995 4032 ipsi
1019 3947 1164 4016 vicissim
1189 3949 1447 4032 expetebantur,
1472 3948 1512 4011 ab

338 4063 510 4146 inquilinis
531 4062 702 4128 Lusitanis
724 4061 951 4127 crudelissimo
972 4060 1206 4142 teterrimoque
1225 4059 1391 4143 supplicio
1412 4060 1512 4123 latro·

338 4195 417 4240 num
442 4189 474 4240 et
496 4173 670 4256 piratarum
704 4173 901 4238 afficiuntur.
947 4172 1146 4254 Spectabant
1179 4173 1257 4236 haec
1292 4168 1512 4235 miserabundi

249 4354 254 4362 ,
340 4285 492 4350 Sinenses
517 4299 548 4349 et
576 4303 653 4348 mox
682 4303 796 4350 averso
823 4285 919 4348 vultu
939 4285 1097 4363 orabant,
1123 4297 1159 4348 ut
1179 4302 1396 4364 quaecunque
1417 4299 1512 4364 gens,

340 4414 558 4478 quaecunque
581 4409 738 4461 terrarum
763 4415 820 4467 ora
842 4394 876 4461 in
899 4414 995 4459 suum
1017 4413 1174 4460 oceanum
1191 4394 1339 4476 hospites
1350 4412 1513 4473 suumque

340 4507 434 4572 littus
452 4505 616 4586 misisset,
639 4505 666 4570 si
678 4505 847 4587 quodillis
858 4524 1001 4584 numen,
1025 4505 1052 4570 si
1066 4525 1131 4586 qua
1142 4505 1269 4588 patria,
1294 4525 1334 4571 ne
1347 4518 1514 4572 manerent
