3552 5654
528 705 575 751 Dr.
597 705 691 772 JURE
717 703 902 751 PRAEDAE·
927 705 1009 750 CAP·
1034 705 1116 752 VIII.
1317 734 1319 738 ·
1366 693 1408 770 85

240 877 299 923 seu
319 859 428 942 legum
449 859 607 940 quaedam
628 857 721 954 inter*
734 876 769 923 se
787 857 962 924 harmonia.
986 858 1071 942 Ejus
1083 873 1190 924 autem
1203 859 1405 940 harmoniae,

241 982 278 1033 ut
297 967 342 1034 ita
360 968 482 1049 dicam,
501 985 695 1035 concentum
716 967 800 1054 regit
819 970 871 1034 lex
889 969 1013 1035 decima
1031 969 1136 1035 tertia.
1171 970 1295 1035 Bellum
1318 989 1408 1036 exse·

241 1078 403 1146 cutionem
425 1100 493 1147 esse
512 1080 663 1146 diximus.
709 1081 766 1145 Ad
787 1100 854 1145 eam
886 1079 947 1145 rite
967 1079 1225 1146 constituendam
1248 1082 1300 1145 lex
1323 1100 1409 1145 nona

241 1203 274 1255 et
291 1191 344 1255 lex
373 1191 565 1257 duodecima
591 1192 747 1257 duntaxat
773 1189 944 1273 pertinent
990 1190 1086 1256 Prius
1104 1168 1209 1256 autem
1230 1205 1278 1256 est
1297 1190 1408 1256 videre

242 1299 282 1364 de
301 1321 339 1366 eo
360 1302 447 1367 bello
471 1304 562 1384 quod
582 1323 600 1368 a
619 1301 756 1385 privatis
779 1301 978 1386 suscipitur,
1006 1301 1129 1384 inquo
1151 1301 1321 1367 difficultas
1346 1315 1409 1367 sta-

201 1423 203 1429 ·
241 1410 300 1476 tim
331 1432 457 1479 senon
488 1413 570 1480 levis
595 1412 748 1480 ostendit.
793 1414 834 1478 In
863 1413 991 1497 privato
1023 1412 1108 1479 enim
1137 1413 1223 1478 bello
1249 1411 1408 1496 Judicium

242 1525 433 1605 praecedere
461 1545 527 1590 non
550 1538 677 1608 potest:
694 1543 768 1590 cunr
787 1523 871 1589 enim
889 1524 1012 1610 [udicia
1033 1524 1098 1589 sint
1117 1542 1216 1606 penes
1234 1522 1410 1605 rempubli-

243 1654 335 1716 cam,
370 1635 542 1702 accedente
566 1637 636 1721 ejus
666 1635 857 1702 auctoritate
877 1635 997 1701 bellum
1016 1634 1175 1702 desineret
1204 1653 1273 1701 esse
1301 1633 1409 1717 priva-

240 1760 311 1811 tum
336 1749 361 1811 ¹.
408 1747 585 1833 Quomodo
606 1747 707 1832 igitur
724 1749 844 1832 Justam
865 1747 982 1812 habere
1000 1745 1140 1828 speciem
1162 1758 1271 1828 potest
1287 1745 1410 1811 bellum

243 1857 335 1938 quod
362 1858 524 1941 privatum
557 1873 629 1940 est,
660 1877 734 1924 cum
762 1861 815 1923 lex
843 1877 927 1948 nqna
951 1871 982 1922 et
1002 1857 1194 1923 duodecima
1215 1857 1410 1940 praecedens

240 1969 401 2053 judicium
422 1969 613 2052 requirant?
636 1969 738 2056 Quod
758 1990 791 2033 m
811 1968 947 2054 singulis
971 1969 1065 2034 etiam
1078 1969 1209 2034 casibus
1220 1968 1411 2034 auctoritate

243 2080 423 2163 sapientum
440 2080 589 2165 jurisque
610 2080 718 2146 civilis
739 2081 978 2162 comprobatur.
1001 2079 1134 2145 Nemini
1156 2080 1240 2144 enim
1260 2079 1411 2162 Principe

243 2190 429 2258 inconsulto
448 2191 543 2257 datur
561 2211 722 2258 armorum
745 2192 978 2257 movendorum
1000 2189 1093 2273 copia
1105 2190 1135 2254 ²:
1154 2205 1240 2256 esset
1251 2190 1335 2256 enim
1348 2192 1411 2256 hoc

242 2323 309 2369 non
326 2304 451 2388 justum
475 2305 617 2384 bellum,
641 2305 697 2370 sed
718 2304 881 2387 privatum
899 2303 1107 2369 latrocinium
1127 2303 1159 2366 ³:
1181 2302 1268 2367 unde
1288 2303 1315 2367 si
1337 2301 1412 2383 quis

244 2412 371 2497 injussu
402 2414 517 2497 populi
548 2428 604 2482 aut
636 2415 796 2498 Principis
824 2415 946 2481 bellum
970 2412 1103 2499 gesserit
1133 2414 1335 2479 deiectumve
1355 2413 1412 2477 ba-

244 2522 352 2589 buerit
373 2539 430 2590 aut
454 2524 630 2590 exercitum
652 2525 905 2608 comparaverit,
923 2526 993 2609 lege
1010 2522 1098 2609 Julia
1116 2538 1245 2610 tenetur
1262 2525 1412 2608 majesta-

244 2633 287 2698 tis
308 2641 329 2700 4.
362 2635 531 2722 Quorsum
551 2633 650 2718 igitur
667 2636 824 2718 praesidia
844 2636 878 2701 in
898 2635 1032 2719 publico
1053 2635 1232 2718 disposita.
1255 2654 1411 2716 quorsum

245 2743 416 2810 interdicta
435 2759 467 2811 et
486 2745 653 2811 cautiones
675 2745 714 2810 de
734 2766 800 2812 non
821 2745 1015 2812 offendendo
1030 2746 1063 2811 in
1078 2747 1151 2830 jure
1165 2744 1412 2826 proditae‚nisi

147 2902 149 2906 ψ
245 2871 283 2922 ut
300 2857 444 2939 privatae
464 2855 643 2923 defensioni
669 2877 736 2923 non
755 2873 840 2923 esset
856 2861 950 2924 locus
968 2857 1007 2921 ⁵?
1030 2856 1086 2921 Ad
1103 2875 1180 2922 suae
1202 2855 1248 2920 rei
1265 2854 1414 2920 vindrca-

245 2967 367 3032 tionem
397 2967 488 3049 quod
516 2968 631 3034 attinet
660 2982 817 3035 statutum
846 2967 991 3047 scimus,
1011 2967 1038 3033 si
1062 2965 1213 3033 dominus
1235 2965 1414 3049 possessio-

245 3098 317 3143 nem
346 3093 423 3162 ante
452 3079 627 3145 adventum
657 3080 822 3164 judicialis
855 3078 978 3144 arbitrii
1006 3079 1165 3144 violenter
1186 3077 1358 3155 invaserit,
1382 3092 1414 3143 et

242 3188 483 3272 possessionem
516 3190 633 3256 debere
661 3191 789 3258 restitui
811 3204 844 3255 et
866 3189 1045 3256 dominium
1067 3189 1172 3254 amitti
1189 3185 1211 3255 ‘.
1258 3188 1414 3254 Similiter

246 3299 279 3364 in
292 3300 404 3366 debito
415 3301 469 3368 vis
488 3319 558 3367 esse
579 3301 716 3382 dicitur,
736 3302 868 3383 quoties
889 3301 964 3384 quis
985 3300 1020 3366 id
1040 3301 1131 3384 quod
1149 3300 1258 3367 deberi
1277 3299 1340 3366 sibi
1352 3320 1414 3382 pu·

245 3426 293 3477 tat
314 3431 380 3478 non
401 3431 457 3494 per
477 3412 620 3497 judicem
639 3413 806 3496 reposcit,
830 3427 862 3478 et
881 3413 935 3498 jus
958 3412 1073 3479 crediti
1093 3410 1142 3478 illi
1159 3412 1264 3494 perire
1285 3410 1344 3494 qui
1360 3412 1414 3495 jus

246 3522 325 3615 sibi
341 3522 458 3588 dixerit
475 3525 500 3590 ⁷.
545 3522 667 3590 Delicti
698 3543 796 3590 causa
825 3524 921 3589 etiam
952 3523 1112 3606 apertior:
1142 3528 1184 3606 pl
1206 3527 1324 3599 ἑαυτοὺς
1343 3527 1415 3591 ἐκδι-

246 3640 378 3710 κοῦντες,
410 3655 474 3698 non
502 3639 728 3720 vosmetipsos
759 3635 971 3714 ulciscentes,
995 3634 1105 3716 inquit
1126 3634 1310 3716 Apostolus
1329 3639 1360 3697 ⁸:
1384 3648 1416 3697 et

249 3743 370 3809 Seneca
392 3749 423 3809 ⁰:
453 3746 671 3810 inhumanam
694 3747 829 3814 verbum
851 3759 898 3810 est
918 3759 949 3809 ct
970 3745 1099 3830 qnidam
1115 3759 1180 3830 pro
1191 3747 1286 3832 Justo
1307 3759 1416 3829 recep-

250 3933 442 3943 -—

282 4050 336 4100 lin
363 4062 408 4099 art.
432 4064 454 4099 a.
471 4053 555 4099 concl.
572 4062 594 4106 5.
611 4049 672 4098 Silv.
689 4049 716 4098 in
733 4065 758 4100 v.
773 4053 870 4100 Bellum
891 4065 916 4098 n.
935 4063 958 4108 3.
976 4050 1012 4098 ibi
1030 4051 1122 4111 primo.
1155 4047 1206 4099 ²c.
1224 4051 1286 4110 quid
1301 4054 1417 4112 culpatur

251 4143 339 4204 [Decr.
359 4143 427 4190 Grat.
442 4156 467 4202 p.
485 4155 508 4189 a.
525 4153 564 4198 2³·
582 4155 603 4190 r.
621 4142 657 4203 4.]
678 4143 707 4189 C.
724 4153 751 4190 ut
767 4155 893 4190 armorum
906 4154 974 4190 usus.
991 4152 1038 4188 tot.
1060 4141 1100 4189 tit.
1121 4141 1164 4202 [C.
1186 4155 1224 4191 11.
1244 4142 1298 4203 47.]
1333 4140 1417 4192 ⁸Liv.

249 4234 266 4279 l.
280 4235 320 4289 ³8·
338 4233 374 4295 [c.
389 4231 443 4294 45.]
478 4230 524 4279 ⁴l.
541 4245 564 4288 3.
587 4231 612 4279 ff.
638 4234 668 4281 ad
686 4231 808 4294 l.Juliam
823 4229 919 4288 majest.
942 4232 986 4293 [D.
1005 4234 1045 4293 48.
1066 4232 1102 4293 4.]
1138 4231 1275 4281 ⁵V.Bart.
1291 4233 1317 4280 in
1334 4235 1351 4280 l.
1373 4234 1417 4293 qul

248 4322 316 4370 bona
325 4321 384 4371 lide.
399 4326 421 4381 ξ.
437 4321 458 4392 si
473 4323 530 4383 quis
543 4322 605 4382 quid
618 4335 642 4370 n.
661 4335 681 4370 r.
700 4322 725 4370 ff.
742 4323 772 4372 de
790 4324 871 4372 damn.
882 4313 928 4371 inf.
947 4323 990 4384 [D.
1003 4336 1043 4385 39.
1061 4326 1169 4382 a.1s.§.
1186 4324 1236 4384 tr.]
1271 4323 1282 4355 ⁶
1299 4326 1315 4371 l.
1329 4324 1417 4384 siquis

248 4411 275 4459 in
290 4422 391 4460 tantam.
410 4414 439 4460 C.
451 4415 518 4462 unde
537 4413 573 4461 vi.
592 4413 635 4474 [C.
656 4416 679 4461 8.
691 4428 714 4475 4.
736 4415 772 4476 7.]
806 4411 852 4462 ⁷1.
872 4428 895 4462 a.
913 4418 935 4473 ς.
951 4415 998 4462 bac
1019 4413 1120 4462 actione
1135 4413 1160 4461 ff.
1173 4414 1200 4462 vi
1215 4413 1276 4461 bon.
1293 4426 1355 4476 rapt.
1374 4417 1417 4478 [D.

141 4531 144 4536 -
249 4513 291 4563 47.
303 4504 326 4549 8.
343 4515 366 4549 a.
384 4503 404 4563 ς.
423 4499 473 4566 i8.]
494 4505 511 4550 l.
529 4517 561 4551 err
579 4515 626 4552 tot.
642 4505 668 4551 n.
688 4507 758 4565 quod
778 4516 853 4554 metu.
874 4507 918 4568 [D.
937 4519 962 4567 4.
982 4519 1016 4578 αυ
1029 4505 1079 4565 ra]
1098 4506 1115 4552 l.
1133 4505 1282 4554 creditores.
1302 4517 1326 4553 et
1343 4508 1359 4555 l.
1373 4510 1409 4556 ult

249 4591 320 4641 died
337 4594 354 4641 l.
371 4593 421 4656 JuL
436 4595 468 4642 de
486 4593 513 4642 vi
531 4594 598 4654 priv.
619 4595 662 4656 [D.
678 4599 718 4657 48.
733 4609 756 4654 7.
772 4609 795 4654 7.
811 4608 836 4645 et
852 4597 890 4660 8.]
917 4595 1077 4645 ⁸Rom.1t.
1097 4608 1135 4658 19.
1160 4593 1417 4655 ⁹deiral.2.c.3a.
