3530 5656
575 691 748 761 -m-Juttn
770 693 957 777 PbeEDAE·
979 693 1061 742 GAP.
1084 693 1126 740 11.
1402 690 1442 756 15

263 849 480 916 -Gaomctrom
519 847 629 931 dixit,
672 869 770 931 quam
803 847 880 931 quit
909 849 963 933 jus
998 863 1030 912 et
1061 866 1201 930 aequum
1229 845 1442 930 proportione

268 961 408 1043 quadam
436 960 640 1060 administray
660 963 693 1038 ¹,
727 974 765 1024 ut
798 960 868 1043 ipse
894 960 928 1025 in
950 958 1077 1044 Gorgia
1097 958 1342 1042 intorpretatur:
1365 977 1443 1043 geo·

269 1087 390 1142 metrae
423 1072 508 1137 enirn
540 1071 615 1136 finis
643 1085 692 1136 est
725 1070 833 1136 omnia
863 1071 904 1136 ad
924 1070 1153 1152 aequalitatem
1176 1069 1340 1136 reducere.
1385 1071 1442 1134 Al-

269 1197 336 1247 tera
369 1196 476 1254 autem
509 1180 660 1267 iustitia,
694 1200 793 1264 quam
822 1200 909 1250 nunc
940 1181 1228 1264 compensanicem
1255 1182 1360 1263 placet
1392 1179 1443 1245 di·

268 1313 365 1375 cere,
399 1312 467 1359 non
500 1294 534 1359 in
567 1293 798 1360 communibus
825 1292 882 1359 sed
912 1292 945 1357 in
980 1292 1121 1377 propriis
1151 1292 1313 1377 cujusque
1334 1309 1443 1357 versa-

270 1421 347 1486 tur,
382 1403 524 1487 ideoque
555 1419 662 1488 partes
693 1404 735 1469 ad
765 1419 872 1470 totum
904 1423 971 1470 non
1003 1403 1120 1486 refert,
1152 1406 1216 1470 hoe
1249 1418 1297 1472 est
1329 1423 1379 1469 res
1412 1415 1445 1468 et

269 1517 415 1582 actiones
443 1514 588 1598 seposito
609 1535 819 1599 personarum
854 1529 1005 1599 respectu
1035 1515 1208 1582 examinat.
1255 1514 1350 1599 Opus
1372 1515 1443 1598 eius

269 1627 414 1710 duplex,
447 1627 533 1693 circa
563 1629 685 1694 bonum
709 1627 863 1710 quidem,
888 1647 1036 1706 servare3
1065 1627 1151 1692 circa
1169 1628 1288 1694 malum
1308 1642 1442 1709 autem,

268 1756 392 1804 sanare.
439 1739 485 1804 Et
511 1743 598 1825 leges
630 1739 732 1824 igitur
758 1740 861 1806 duae:
892 1757 980 1822 una,
1004 1723 1196 1824 Malofacto
1218 1737 1442 1825 corrigenda:
1456 1739 1507 1785 tex
1520 1738 1547 1786 V·

157 1866 160 1870 ·
269 1852 386 1928 altera,
420 1850 602 1935 Benefaota
631 1851 836 1938 repensanda
850 1872 862 1917 :
907 1851 1035 1920 Graece
1075 1855 1298 1931 dormrornre'oo.
1341 1850 1443 1916 Nam·
1456 1853 1505 1899 tex
1521 1852 1562 1898 V!-

270 1982 336 2043 que
370 1963 448 2027 haec
477 1963 616 2044 partium
649 1964 733 2030 inter
766 1983 800 2028 se
833 1963 949 2029 relatio
983 1964 1075 2030 velut
1105 1963 1207 2028 mixta
1229 1976 1283 2052 est·
1300 1979 1339 2026 ex
1362 1962 1444 2026 rela-

270 2072 359 2138 tione
392 2073 574 2157 reciproca,
607 2095 691 2157 quae
722 2075 819 2160 primi
848 2075 972 2146 ordinis
1003 2077 1090 2160 leges
1117 2073 1312 2156 constituit,
1340 2087 1373 2139 et
1391 2072 1444 2140 fo-

268 2203 320 2250 ras
349 2184 575 2268 prominente,
611 2204 695 2268 quae
728 2187 883 2254 secundi:
918 2189 988 2271 lpsa
1016 2205 1096 2254 vero
1129 2200 1243 2252 mutua
1269 2200 1302 2251 et
1322 2187 1444 2251 alterna

271 2309 336 2378 est:
370 2296 458 2366 unde
491 2298 636 2363 nascitur
667 2299 772 2381 tolio,
806 2305 839 2370 rb
860 2302 1083 2380 correptorie,
1108 2300 1278 2364 restitutio
1299 2296 1444 2363 scholas·

270 2406 369 2488 ticis,
398 2427 482 2490 opus
510 2407 657 2492 justitiae
689 2411 962 2494 compensanicis.
1007 2391 1082 2475 Per*
1096 2410 1180 2476 hanc
1214 2423 1247 2473 et
1275 2407 1334 2490 qui
1367 2409 1442 2490 plus

271 2519 368 2584 habet
388 2519 520 2586 alterius
539 2519 729 2604 benefact0,
763 2522 797 2587 id
826 2524 932 2605 ipsum
958 2521 1159 2588 benefactori
1181 2520 1289 2586 minus
1310 2518 1443 2585 habenti

272 2630 403 2710 reddit,
436 2644 468 2696 et
501 2631 560 2712 qui
582 2632 690 2700 minus
718 2633 817 2699 habet
848 2634 980 2700 alterius
1011 2631 1197 2712 malefacto,
1231 2631 1264 2697 id
1295 2630 1444 2714 ipsuma

271 2741 475 2808 malefactore
509 2744 584 2824 plus
617 2744 757 2809 habente
790 2744 916 2827 recipit.
963 2743 1060 2810 Unde
1089 2743 1239 2824 sequitur
1271 2742 1445 2826 obligatio·

271 2873 349 2920 num
373 2873 489 2938 genera
512 2873 581 2920 esse
604 2853 692 2934 duo,
724 2854 931 2938 philosophis
955 2853 967 2888 ¹
987 2857 1108 2924 {odoro
1138 2854 1187 2924 nbi
1216 2858 1367 2936 ἀκούσιον,
1391 2873 1445 2920 νο-

272 2964 460 3032 luntariam
493 2980 525 3031 et
556 2987 613 3030 noc
632 2965 888 3048 uoluntariam,
917 2964 1218 3050 jurisprudentibus
1251 2965 1263 2999 ⁸
1298 2984 1339 3028 ott
1371 2985 1445 3028 con-

272 3091 389 3142 tracto
419 3092 451 3142 et
472 3077 601 3144 delicto.
645 3077 784 3144 Utrovis
812 3077 936 3160 modo,
969 3078 1027 3160 qui
1048 3079 1123 3161 plus
1144 3076 1267 3158 habet,
1292 3074 1445 3157 debitor,

272 3189 331 3270 qui
359 3187 481 3267 minus,
517 3187 657 3254 creditor
682 3188 824 3272 dicitur,
860 3188 1128 3271 tantumdemque
1160 3187 1252 3254 alteri
1276 3199 1445 3269 superest,

273 3314 431 3380 quantum
463 3300 554 3365 alteri
582 3300 673 3367 deest
692 3306 723 3364 ⁴:
759 3300 850 3383 quod
882 3301 910 3365 si
936 3300 984 3366 illi
1008 3300 1152 3367 demtum
1183 3298 1261 3365 huic
1292 3297 1445 3379 additur,

274 3430 310 3475 ea
340 3430 418 3478 vera
442 3410 571 3494 justitia
597 3427 658 3478 est.
705 3412 795 3478 Haec
828 3414 973 3496 postulat
1001 3431 1067 3477 rem
1099 3409 1190 3476 reddi
1213 3424 1277 3476 tam
1301 3409 1334 3476 in
1355 3407 1447 3474 furto

273 3540 370 3603 quam
403 3521 436 3588 in
468 3523 699 3606 commodato,
736 3538 840 3606 utque
871 3543 911 3589 ex
943 3537 1029 3589 emto
1060 3522 1225 3606 pretium,
1270 3541 1309 3586 ex
1340 3522 1447 3586 locato

214 3637 219 3644 “
272 3633 450 3699 mercedem
485 3635 606 3718 pendi,
641 3636 686 3701 ita
717 3635 869 3701 damnum
903 3622 1014 3700 datum
1050 3633 1199 3716 exsolvi,
1233 3652 1293 3717 pro
1327 3631 1447 3718 injuria

272 3743 433 3812 satisfieri.
479 3745 533 3813 Fit
554 3761 660 3814 autem
684 3767 954 3830 nonnumquam,
985 3761 1023 3812 ut
1046 3767 1083 3812 ea
1106 3767 1189 3828 quae
1210 3759 1287 3811 sunt
1307 3744 1447 3828 partium

272 3856 403 3940 propria
434 3857 481 3922 ad,
506 3871 636 3935 totum,
671 3877 737 3923 non
760 3873 867 3924 tamen
889 3872 928 3922 ut
953 3871 1083 3939 totum,
1108 3857 1307 3940 dirigantur:
1340 3874 1448 3936 neque

273 3982 342 4034 tum
373 3985 584 4051 personarum
614 3967 750 4050 merita,
784 3968 843 4035 sed
868 3987 973 4033 rerum
995 3982 1051 4036 aut
1070 3967 1236 4032 actionum
1268 3968 1361 4032 valor
1392 3983 1447 4030 ex-

271 4079 369 4162 pendi
401 4079 511 4145 debet.
556 4077 644 4144 Hinc
668 4078 809 4162 praemia
827 4097 1018 4163 poenaeque
1036 4077 1252 4146 descendunt.
1298 4075 1386 4142 Nam
1416 4089 1448 4140 et

274 4284 468 4296 nonu-auum·-

309 4413 362 4464 ¹v.
382 4415 446 4463 Plut.
472 4428 548 4465 conv.
575 4417 593 4462 1.
617 4416 639 4461 8.
658 4426 680 4461 c.
699 4427 721 4461 2.
742 4411 792 4477 [p.
811 4425 868 4476 719·
886 4413 910 4461 b.
928 4424 952 4462 et
970 4412 1005 4477 c.]
1042 4410 1146 4462 ’Arist
1165 4414 1196 4462 de
1211 4425 1275 4461 mor.
1293 4414 1325 4461 ad
1342 4409 1445 4461 Nicom.

274 4503 371 4562 l.5.c.
395 4517 417 4560 5·
445 4505 574 4566 [munt.
595 4503 720 4564 nus-n]
755 4501 1231 4566 ⁸1.1.ffdeob1ig.[o.44.7.1.]
1266 4501 1446 4552 *adradi

302 4601 325 4644 5.
344 4589 368 4637 6.
383 4601 409 4637 et
422 4603 475 4650 seq.
492 4590 530 4651 [p.
551 4603 620 4647 1130.
641 4605 662 4648 i·
676 4605 715 4646 us,
731 4605 755 4654 9.
770 4593 854 4656 seqq]
