3530 5656
564 637 612 683 DE
636 637 731 706 JURE
757 637 939 685 Pannona.
965 635 1046 684 CAP.
1070 637 1109 686 11.
1383 641 1423 704 23

252 810 349 858 sensu
371 791 587 874 approbatur,
611 795 693 875 uiues
716 797 775 878 pap
797 801 852 861 reis
871 796 959 881 φύσει
976 801 1126 862 πολιτικῶν
1137 795 1212 881 ζώων
1222 797 1423 879 boussenois,

254 903 307 968 lex
338 906 423 967 enim
450 917 584 988 praeses
616 907 840 969 animantium
870 918 940 984 est,
975 925 1061 990 quae
1082 909 1135 970 sui
1157 918 1286 970 nature
1308 905 1425 973 ciuilio

254 1028 331 1078 suot
354 1009 395 1096 ¹,·
410 1015 504 1098 juxta
534 1015 776 1100 Chrysippum:
798 1030 926 1082 constat
957 1017 1100 1099 denique
1123 1016 1325 1101 singulorum
1346 1037 1425 1084 con·

253 1125 407 1191 ventione
438 1141 537 1208 atque
567 1129 707 1211 placito,
732 1148 799 1210 quo
823 1142 972 1210 respectu
990 1133 1063 1207 usui
1086 1131 1195 1205 eriasus
1217 1132 1336 1208 συνθήκη
1356 1129 1376 1194 i.
1397 1150 1423 1194 e.

253 1241 430 1302 eommunis
443 1243 557 1324 pactio
579 1243 729 1308 ciuitatis
748 1239 962 1305 Demostheni
982 1253 1015 1304 et
1036 1237 1165 1304 Platoni
1188 1221 1357 1305 interdum*
1369 1261 1425 1324 ap-

254 1350 393 1431 pellatur
404 1345 426 1414 ¹.
450 1349 503 1414 Ex
525 1351 689 1433 prioribus
712 1350 812 1436 igitur
834 1351 955 1436 regulis
974 1366 1007 1416 et
1025 1350 1087 1418 ista
1107 1350 1294 1418 descendit:
1321 1349 1425 1434 Quid·
1438 1371 1579 1432 usgasaw.

255 1460 338 1548 quid
357 1461 543 1547 respublica
569 1484 600 1527 se
621 1463 704 1531 uelle
727 1461 945 1549 significauit,
969 1461 1008 1528 id
1027 1467 1063 1527 in
1086 1466 1170 1531 ciues
1192 1465 1425 1550 uniuersosjus

255 1584 311 1636 est.
358 1569 445 1634 Hinc
469 1571 573 1637 oritur
592 1574 647 1658 jus
667 1572 749 1638 illud
770 1571 860 1654 quod
890 1573 996 1642 dsrsudo
1026 1571 1096 1638 sive
1119 1574 1228 1655 νομικόν
1251 1588 1308 1638 aut
1331 1573 1571 1654 enimam-1..

252 1685 317 1750 arev
328 1681 535 1764 philosophi,
557 1682 640 1768 juris
663 1698 811 1749 auctores
833 1683 930 1750 ciuile
948 1698 1089 1750 vocant:
1113 1683 1204 1765 quod
1222 1703 1288 1749 non
1307 1700 1356 1752 est
1372 1686 1427 1771 jus

254 1812 312 1874 per
330 1813 381 1874 se,
404 1794 462 1858 sed
485 1814 523 1858 ex
543 1794 606 1859 alio
626 1800 650 1860 ³.
695 1794 979 1887 Quemadmodum
999 1794 1025 1860 si
1046 1795 1105 1860 bos
1123 1814 1198 1861 cum
1216 1816 1278 1862 ove
1297 1817 1426 1879 111111111-

255 1917 360 1984 tetur,
383 1924 448 1969 non
468 1920 546 1971 sunt
564 1905 697 1987 quidem
713 1907 793 1971 haec
816 1928 873 1991 per
888 1927 922 1973 se
939 1907 1104 1991 aequalia,
1128 1907 1186 1973 sed
1204 1907 1282 1990 quia
1299 1925 1426 1975 contra-

255 2016 408 2082 hentibus
431 2016 476 2080 ita
499 2017 634 2100 placuit.
681 2018 777 2083 Nihil
795 2039 871 2103 ergo
889 2019 1006 2084 mirum
1025 2034 1092 2102 est,
1117 2019 1208 2102 quod
1224 2019 1371 2102 alioquin
1388 2020 1427 2092 il.

255 2127 380 2192 licitum
410 2148 475 2193 non
505 2126 590 2195 foret
618 2131 677 2195 hac
708 2130 832 2198 ratione
860 2130 1010 2196 illicitum
1034 2131 1104 2196 fieri
1128 2138 1158 2214 ⁴,
1181 2144 1238 2196 aut
1260 2151 1334 2196 cum
1354 2133 1427 2216 jura

254 2239 427 2316 naturalia,
451 2255 489 2305 ut
512 2262 595 2322 quae
611 2262 739 2308 causam
764 2243 905 2310 habeant
920 2258 1128 2326 perpetuam,
1157 2241 1226 2326 ipsa
1243 2244 1336 2309 etiam
1355 2265 1427 2327 per·

255 2366 355 2434 petuo
378 2352 512 2434 durent,
537 2351 598 2418 ista
617 2355 690 2439 jura
711 2354 829 2418 mutari
853 2374 925 2420 curn
949 2374 1006 2420 sua
1030 2374 1127 2422 causa
1149 2360 1179 2437 ⁸,
1204 2355 1267 2418 hoc
1287 2371 1335 2422 est
1353 2375 1426 2422 cum

256 2463 423 2528 hominum
446 2465 633 2546 voluntate,
657 2479 714 2530 aut
737 2464 798 2530 alia
822 2465 898 2530 alibi
922 2485 1009 2548 esse,
1034 2465 1112 2548 quia
1135 2466 1260 2536 scilicet
1275 2468 1360 2533 bona
1379 2488 1427 2533 re·

255 2575 529 2658 rumpublicarum
549 2590 626 2642 sunt
648 2575 785 2644 diversa.
831 2575 995 2644 Voluntas
1016 2577 1242 2648 universorum
1260 2580 1300 2648 ad
1316 2579 1427 2666 singu·
1435 2598 1561 2656 71111...

255 2688 305 2752 los
328 2685 448 2751 directa
471 2685 549 2751 boni
572 2686 697 2770 publici
717 2687 840 2753 intuitu
846 2687 1016 2772 judicium
1038 2703 1098 2755 est.
1130 2689 1217 2754 Nam
1232 2709 1306 2756 cum
1322 2691 1428 2758 homi-

255 2817 312 2864 nes
327 2799 450 2882 abrepti
466 2818 561 2882 saepe
576 2817 642 2864 non
658 2819 737 2866 vero
754 2800 812 2865 sed
828 2798 909 2866 falso
925 2815 1023 2882 atque
1040 2799 1224 2867 inordinato
1238 2800 1290 2866 sui
1302 2821 1426 2876 amore,

256 2911 314 2993 qui
337 2910 411 2976 mali
432 2908 537 2976 omnis
560 2930 657 2979 causa
677 2925 744 2993 est,
769 2911 803 2976 id
821 2911 912 2993 quod
926 2932 1037 2979 revera
1053 2927 1119 2981 erat
1133 2915 1207 2996 plus
1221 2912 1340 2978 habere
1357 2933 1428 2978 cre-

257 3023 369 3094 derent
387 3021 612 3103 aequalitatem
631 3041 699 3088 esse
719 3036 752 3087 et
770 3022 847 3088 hinc
864 3022 997 3089 dissidia
1016 3043 1052 3088 ac
1072 3025 1233 3093 tumultus
1248 3023 1426 3106 orirentur,

256 3153 339 3216 quae
358 3135 440 3199 mala
458 3133 554 3198 vitari
574 3133 765 3199 concordiae
787 3149 818 3198 et
833 3134 1078 3218 tranquillitatis
1093 3135 1243 3219 publicae
1260 3135 1427 3214 intererat,

255 3245 360 3311 media
383 3244 467 3310 inter
489 3244 721 3311 contendentes
740 3246 924 3329 respublica
947 3247 1039 3328 quasi
1059 3247 1339 3330 compromissaria
1357 3269 1429 3336 par-

169 3348 174 3358 ’
256 3372 305 3423 tes
337 3357 466 3425 diremit
487 3377 591 3438 aequa
614 3355 786 3424 divisione.
831 3357 905 3424 Hoc
930 3373 979 3424 est
1001 3358 1093 3440 quod
1115 3358 1237 3432 indicat
1259 3357 1428 3434 Democri-

256 3484 309 3534 tus
331 3467 364 3532 ⁰:
387 3475 437 3538 otiu
459 3471 495 3538 deu
512 3474 633 3537 ἐκώλυον
654 3473 678 3538 oi
702 3471 778 3552 νόμοι
799 3471 851 3546 τὴν
871 3471 994 3538 ἑκάστου
1015 3471 1154 3548 uur'iiiuu
1175 3473 1317 3552 stavelus,
1341 3477 1365 3543 ei
1385 3477 1427 3554 uis

254 3581 344 3664 ἕτερος
376 3579 467 3663 ἕτερον
499 3582 679 3663 ἐλυμαίνετο.
721 3583 822 3668 φθόνος
854 3585 914 3666 γὰρ
946 3584 1062 3656 στάσιος
1096 3587 1189 3668 ἀρχὴν
1216 3587 1426 3674 ἀπεργάζεται.

258 3691 336 3756 Non
354 3691 601 3778 prohibuissent
625 3695 740 3777 utique
763 3691 845 3778 leges
869 3713 924 3756 suo
948 3712 1105 3778 quemque
1127 3695 1273 3759 arbitrio
1296 3699 1427 3776 uiuere,

255 3891 462 3914 *A

290 4011 298 4043 ¹
317 4013 404 4059 eadem
421 4013 438 4058 l.
458 4024 480 4058 2.
514 4005 524 4040 ¹
542 4012 629 4058 eadem
645 4012 663 4058 l.
681 4024 704 4058 2.
722 4013 778 4059 etl.
797 4024 818 4059 1.
837 4011 915 4060 Arist.
929 4011 1005 4058 Rhet.
1019 4012 1036 4058 l.
1058 4024 1079 4058 1.
1094 4023 1116 4058 1.
1134 4023 1172 4066 15.
1184 4013 1221 4074 [p.
1232 4012 1303 4070 1376.
1312 4025 1334 4060 2.
1342 4026 1381 4062 vs.
1389 4013 1426 4074 9.]

257 4114 282 4150 et
296 4105 326 4150 de
342 4115 395 4161 rep.
409 4103 425 4148 l.
447 4114 467 4148 1.
485 4115 508 4149 c.
523 4102 546 4150 6.
565 4102 603 4162 [p.
621 4113 692 4157 1155.
710 4115 731 4149 1.
745 4115 784 4150 vs.
799 4101 835 4163 6.]
856 4103 886 4148 V.
903 4103 979 4161 Vasq.
996 4099 1083 4150 Contr.
1097 4101 1135 4148 ill.
1150 4114 1173 4148 c.
1188 4115 1229 4163 44.
1243 4116 1268 4149 n.
1279 4114 1302 4159 5.
1318 4106 1427 4152 11118.

255 4205 280 4240 11.
297 4206 334 4240 11.
368 4191 378 4223 ³
396 4191 474 4239 Arist.
485 4192 516 4240 de
528 4188 592 4239 mor.
606 4193 637 4239 ad
655 4191 757 4240 Nicom.
773 4194 790 4240 1.
806 4204 828 4248 5.
845 4206 867 4241 c.
886 4206 924 4241 ιο.
943 4193 980 4254 [p.
998 4205 1070 4252 1134.
1086 4206 1109 4241 1.
1122 4205 1160 4242 vs.
1178 4193 1228 4255 1,8.]
1247 4195 1322 4241 Rhet.
1336 4196 1353 4241 1.
1367 4208 1388 4242 1.
1405 4208 1428 4242 1.

260 4295 297 4340 15.
315 4284 351 4345 [p.
362 4295 433 4340 1573.
448 4295 471 4332 o.
486 4295 525 4332 vs.
541 4282 578 4344 4.]
594 4283 685 4330 Thom.
700 4297 722 4331 2.
740 4297 763 4331 1.
772 4298 796 4344 q.
814 4295 853 4342 57.
869 4295 914 4332 art.
928 4297 951 4334 1.
964 4283 990 4331 ln
1004 4293 1070 4344 resp.
1095 4283 1138 4332 ⁴1.
1150 4284 1321 4344 promerens
1333 4284 1428 4334 effide

257 4389 300 4435 op.
312 4387 374 4422 nov.
385 4385 455 4422 nunt.
474 4375 517 4436 [D.
531 4387 570 4436 39.
589 4388 610 4422 1.
625 4374 677 4438 1ο.]
692 4377 709 4422 l.
726 4388 748 4424 1.
766 4379 778 4433 5
792 4375 859 4424 idem
872 4375 1035 4436 Pomponius.
1044 4375 1070 4424 ff.
1080 4377 1150 4435 quod
1156 4375 1221 4424 falso
1230 4384 1323 4424 tutore.
1334 4376 1378 4439 [D.
1389 4388 1429 4434 17.

257 4466 280 4514 6.
298 4469 347 4523 1.'§
368 4465 402 4526 5.]
439 4463 528 4512 ‘Insa
550 4466 581 4513 de
601 4463 649 4521 jur.
670 4477 720 4513 nat.
736 4469 749 4525 ξ
764 4479 823 4527 pen.
840 4467 872 4528 [Ι.
892 4477 951 4514 1.1.
968 4470 981 4524 ξ
999 4466 1050 4529 11.]
1068 4478 1093 4515 et
1111 4466 1148 4514 lbi
1165 4466 1331 4528 Theophilus.
1350 4468 1428 4516 Arist.

257 4558 287 4604 de
300 4569 354 4615 rep.
370 4557 388 4602 l.
405 4567 428 4612 5.
443 4568 465 4602 1.
483 4567 507 4616 9.
523 4554 561 4616 [p.
579 4557 650 4603 1280.
667 4569 688 4602 1.
704 4569 741 4605 vs.
760 4570 797 4605 11.
813 4557 881 4618 sqq.]
916 4555 927 4588 ⁸
947 4557 999 4619 [ap.
1015 4558 1084 4606 stob.
1102 4558 1128 4606 in
1143 4558 1218 4607 floril.
1234 4559 1410 4621 1381157]
