3552 5654
537 665 584 714 nc
607 666 700 735 June
729 668 910 730 nnnnpnn.
935 666 1014 714 can.
1039 665 1119 714 vm.
1372 663 1415 732 95

243 821 314 888 Hae
342 822 486 889 rationes
507 821 745 903 persuadebant
774 822 843 888 fieri
876 839 996 905 posse,
1020 840 1216 904 quamquam
1236 839 1307 887 raro
1330 819 1414 888 forte

241 936 284 1000 ob
308 933 565 1001 imbecillitatem
597 947 729 999 naturae
758 934 941 1014 humanae,
965 948 1003 999 ut
1024 932 1170 1017 privatus
1192 933 1262 1000 sine
1280 947 1414 1017 peccato

241 1045 382 1126 aliquem
414 1044 530 1128 puniat
558 1064 597 1108 ex
629 1059 762 1110 naturae
792 1047 884 1128 lege,
915 1044 1039 1128 fiatque
1072 1044 1314 1126 quodammodo
1334 1047 1415 1111 alter

241 1156 373 1222 alterius
405 1155 634 1241 magistratus,
676 1156 753 1221 dum
788 1171 894 1222 tamen
928 1155 962 1221 in
996 1175 1033 1221 ea
1064 1175 1199 1242 quoque
1241 1155 1413 1238 punitione

238 1267 359 1352 judicis
387 1267 540 1333 adhibeat
569 1266 780 1352 religionem:
813 1267 905 1349 quod
930 1266 1043 1333 multis
1066 1267 1265 1352 argumentis
1288 1266 1414 1331 firmare

243 1377 449 1444 Castrensem
472 1384 481 1417 ¹
501 1377 613 1444 video,
667 1379 810 1446 Intenta
836 1382 920 1443 enim
932 1379 1023 1463 jura
1044 1393 1082 1443 at
1097 1377 1326 1464 provideant,
1350 1399 1414 1442 non

242 1501 280 1553 at
312 1501 449 1554 noceant
472 1489 666 1554 horninibus.
711 1488 830 1573 Neque
861 1487 900 1554 td
919 1488 1008 1574 quod
1025 1487 1342 1554 extraordinariam
1364 1501 1411 1554 est

242 1597 422 1664 ordinaria
441 1600 563 1665 habere
582 1598 756 1665 subsidia:
778 1621 834 1664 nec
858 1618 1053 1685 quemqnam
1076 1603 1112 1664 in
1128 1599 1279 1685 periculo
1298 1602 1412 1668 netart'
1515 1579 1516 1584 ἵ

241 1710 305 1775 sibe·
325 1710 467 1796 aliisque
486 1710 677 1793 consulare,
697 1724 736 1775 ut
757 1715 787 1775 si
798 1732 820 1775 a
832 1713 946 1775 nautis
967 1714 1004 1775 e'n
1024 1709 1230 1798 naufragio,
1249 1714 1286 1774 in
1301 1710 1411 1775 morbo

241 1842 263 1885 a
283 1820 414 1886 medicis
437 1820 657 1888 destituatur.
691 1821 750 1886 En
770 1825 963 1886 necessitate
981 1833 1012 1885 et
1035 1843 1074 1886 ne
1087 1821 1148 1905 jas
1169 1834 1318 1886 nostrum
1333 1836 1412 1907 per-

241 1946 295 1997 eat
322 1932 429 1998 multa
453 1936 626 2018 permitti,
650 1953 736 2018 quae
758 1931 846 1997 alias
871 1953 934 1996 nan
952 1935 1257 2017 permitterentur,
1280 1953 1412 2018 unaque

241 2061 278 2107 re
298 2040 465 2126 deficiente
479 2043 689 2109 nal-alteram
709 2046 857 2108 recurri.
881 2043 955 2107 Nec
977 2041 1069 2108 aliter
1091 2042 1231 2108 sensisse
1250 2042 1407 2110 videntur

240 2153 305 2218 viri
338 2154 558 2236 undequaque
591 2153 792 2234 doctissimi,
825 2153 1038 2232 Connanus,
1069 2152 1261 2235 Vasquius,
1295 2154 1412 2220 Petrus

241 2264 366 2347 Faber,
402 2265 525 2348 quibus
557 2265 655 2351 adjici
686 2280 795 2348 potest
826 2264 954 2349 Ayala,
989 2263 1147 2329 socinum
1178 2263 1343 2345 Nepotem
1377 2265 1410 2329 in

241 2376 324 2440 hanc
346 2395 413 2441 rem
436 2377 578 2459 allegans
598 2376 620 2440 ².
656 2376 805 2441 Collecta
823 2374 866 2439 sit
883 2375 984 2459 igitur
1002 2376 1084 2440 haec
1103 2374 1281 2440 sententia:
1306 2375 1412 2440 Eate-
1423 2386 1501 2486 352¹·
1510 2384 1570 2484 [Vll

241 2506 303 2549 nas
317 2485 411 2566 juste
434 2486 553 2551 bellurn
570 2489 747 2571 privatum
767 2488 970 2571 suscipitur,
995 2497 1158 2570 quatenns
1168 2484 1337 2567 judicium
1358 2487 1412 2553 de·
1488 2472 1495 2486 ⁸
1524 2472 1532 2485 ⁰

235 2592 321 2677 ficit.
376 2595 502 2661 Bellum
532 2616 610 2662 vero
642 2596 811 2679 publicum
845 2595 1008 2688 interdum
1042 2617 1082 2662 ex
1114 2596 1244 2664 defectu
1271 2597 1412 2682 ludicii,

240 2704 404 2772 interdum
425 2726 465 2772 ex
492 2705 618 2792 judicio
638 2705 676 2772 lit
697 2716 723 2772 ³.
769 2707 822 2771 Ex
839 2706 969 2773 deiectu
987 2706 1185 2791 iudiciorum
1207 2708 1321 2774 eodem
1343 2729 1411 2791 quo

238 2816 403 2900 privatum
422 2818 532 2884 modo.
579 2816 716 2884 Accidit
736 2831 844 2883 autem
864 2818 928 2882 hoc
949 2818 1099 2900 quoties,
1123 2831 1160 2883 ut
1181 2819 1298 2884 Cicero
1318 2819 1330 2856 ⁴
1349 2820 1411 2913 ait,

239 2931 270 2991 ei
298 2931 358 3013 qui
386 2943 563 3017 expectare
593 2929 674 2998 nelit'
697 2941 776 2994 ante
799 2929 929 3014 injusta
946 2944 1054 3016 poena
1076 2927 1199 2994 luenda
1221 2933 1288 3009 sit,
1311 2949 1410 3014 quam

231 3040 333 3124 justa
357 3040 561 3126 repetenda,
600 3055 632 3107 et
664 3039 798 3107 omnino
834 3061 908 3106 cum
942 3059 993 3106 res
1026 3060 1147 3106 moram
1177 3058 1244 3105 non
1276 3040 1410 3123 patitur.

238 3150 337 3216 Unde
368 3151 475 3233 liquet
505 3141 663 3236 inJ'ustum
694 3153 816 3218 bellum
839 3150 989 3217 inferenti
1009 3151 1138 3235 justum·
1158 3151 1280 3217 bellum
1300 3150 1409 3218 referri

240 3261 309 3327 sine
327 3261 452 3346 judicio
471 3264 592 3343 ullo'⁸,
625 3283 733 3345 neque
762 3263 833 3346 eius
864 3262 942 3328 belli
962 3261 1241 3328 denuntiationem
1262 3262 1409 3344 requiri,

239 3387 277 3438 ut
298 3371 429 3439 feciales
450 3371 591 3441 Romani
612 3372 646 3439 in
668 3373 807 3439 Aetolos
829 3373 1042 3440 decreverunt
1059 3380 1083 3439 ⁸.
1128 3372 1238 3457 Nam,
1263 3374 1350 3440 sicut
1370 3393 1409 3440 ex

239 3483 374 3550 Platone
406 3485 566 3551 Aelianus
600 3483 718 3566 refert,
752 3484 846 3572 ¹quod
876 3484 915 3549 ad
949 3486 1200 3568 propulsandam
1228 3486 1408 3552 necessario
1444 3535 1449 3552 .

238 3593 389 3679 iniuriam
417 3596 538 3662 bellum
565 3595 767 3678 suscipitur,
797 3594 832 3661 id
860 3615 926 3662 non
950 3615 968 3661 a
990 3612 1150 3679 praecone
1173 3612 1230 3663 aut
1251 3598 1408 3664 caducea-

237 3721 330 3788 tore,
364 3707 420 3772 sed
451 3707 490 3772 ab
511 3705 582 3789 ipsa
602 3717 718 3772 natura
738 3705 894 3773 indicitur
916 3706 1068 3790 idemque
1091 3709 1289 3775 censendum
1311 3724 1360 3774 est
1379 3709 1407 3774 si

237 3816 335 3901 legati
362 3816 501 3896 violati,
532 3816 662 3882 aliudve
692 3817 774 3898 quid
804 3816 927 3882 factum
959 3838 1027 3899 quo
1050 3818 1194 3902 gentium
1215 3819 1407 3885 commercia

237 3927 473 3993 dirimerentur.
519 3926 639 4008 Neque
661 3927 746 3992 enim
765 3927 925 4012 judicium
953 3927 1064 3993 haberi
1084 3942 1193 4010 potest
1217 3929 1256 3993 ab
1280 3929 1346 3994 illis
1366 3929 1407 3994 ad

237 4057 323 4118 quos
341 4053 415 4104 tuto
437 4036 558 4103 nemini
581 4037 677 4104 datur
702 4057 894 4105 commeare.
941 4037 1028 4104 Illud
1050 4037 1180 4104 interim
1202 4039 1405 4123 notandum,

269 4283 368 4333 ¹cons·
387 4297 444 4346 399·
478 4281 588 4332 ²c0nn.
615 4295 707 4332 comm.
733 4286 750 4332 l.
776 4298 797 4333 1.
817 4286 841 4334 6.
858 4287 933 4346 Vasq.
955 4287 1081 4335 controv.
1100 4297 1168 4346 post.
1182 4287 1199 4334 1.
1214 4297 1238 4346 4.
1255 4298 1277 4333 c.
1294 4287 1317 4334 8.
1334 4285 1407 4335 Fabr.

237 4375 300 4421 sem.
313 4376 331 4421 l.
348 4387 371 4422 2.
387 4387 407 4423 e.
420 4389 443 4423 a.
458 4374 484 4423 in
502 4373 560 4424 fine.
579 4377 658 4438 Ayala
674 4377 690 4422 l.
708 4389 729 4424 ι.
746 4389 770 4424 c.
786 4389 809 4424 a.
822 4390 847 4424 n.
863 4389 926 4439 9.et
944 4391 964 4425 e.
983 4388 1005 4433 s.
1022 4390 1047 4425 n.
1068 4389 1089 4425 1.
1107 4379 1164 4424 soc.
1178 4387 1239 4424 tom.
1250 4388 1273 4434 ³·
1285 4378 1406 4426 cons.68.
1472 4439 1474 4445 Ι

236 4459 290 4510 ⁸v.
306 4461 363 4511 Alb.
381 4465 456 4513 Gent.
473 4463 567 4522 dejure
580 4465 651 4515 belli.
669 4467 686 4514 l.
703 4480 726 4514 a.
743 4481 763 4515 e.
785 4480 806 4516 1.
825 4479 849 4516 et
866 4481 889 4515 a.
922 4464 999 4528 ⁴pro
1014 4467 1072 4516 Mil.
1087 4465 1122 4531 [c.
1139 4480 1164 4528 4.
1182 4470 1203 4526 ς.
1223 4465 1274 4530 ιο.]
1309 4465 1407 4518 ‘Bald

237 4564 307 4599 cons.
325 4554 342 4599 l.
361 4565 384 4609 a.
403 4556 442 4609 ⁵8·
461 4555 564 4604 Gabriel
580 4570 636 4616 sup.
653 4567 716 4606 sent.
733 4570 758 4618 4.
775 4556 833 4606 dist.
852 4569 890 4612 ts·
906 4571 930 4618 q.
948 4570 972 4618 4
990 4570 1057 4607 casu.
1074 4571 1097 4604 e.
1130 4555 1214 4607 ‘Lim
1229 4559 1247 4607 1.
1262 4558 1302 4615 ³6.
1319 4557 1354 4622 [e.
1368 4559 1405 4623 3.]
