3536 5692
718 683 926 727 nocumenti.
1351 689 1404 746 351

235 855 371 925 navium,
400 871 474 930 quae
504 854 540 915 ad
573 853 683 915 Indiam
716 857 894 917 Orientalem
920 859 1152 934 navigaverunt,
1172 877 1207 920 ac
1229 861 1407 935 praefectum

235 975 332 1018 earum
363 960 503 1033 Jacobum
532 961 790 1031 Hemskerckium,
811 979 909 1020 omnes
931 965 1088 1037 petitores,
1108 975 1137 1023 et
1158 965 1194 1023 ab
1215 968 1305 1023 altera
1326 977 1408 1039 parte

236 1079 301 1133 eos,
331 1065 382 1136 qui
413 1064 489 1122 bona
509 1075 539 1123 et
560 1081 705 1123 caraccam
729 1066 757 1124 S.
780 1067 966 1125 Catharinam
987 1065 1125 1126 adversus
1147 1070 1287 1142 petitores
1308 1067 1407 1127 defen·

236 1164 327 1237 dunt,
358 1168 410 1241 qui
442 1178 536 1226 tamen
569 1169 651 1226 citati
684 1185 742 1227 non
775 1169 989 1244 responderunt
1021 1182 1109 1245 atque
1130 1169 1196 1230 ideo
1219 1184 1407 1232 contumaces

236 1269 371 1329 censendi
403 1283 490 1343 sunt,
520 1274 660 1346 petitores
691 1274 775 1331 nobis
805 1273 1058 1346 demonstrarunt,
1081 1275 1253 1334 Societatem
1276 1274 1406 1334 Indicam

235 1392 311 1432 anno
346 1376 417 1434 1601
453 1393 539 1434 naves
569 1388 639 1434 octo
659 1379 784 1446 misisse,
805 1378 911 1452 quibus
933 1378 1057 1452 Jacobus
1080 1380 1304 1437 Hemslterckius
1325 1395 1407 1454 prae·

235 1480 345 1552 positus
367 1479 441 1548 fuit,
461 1491 495 1538 ut
516 1481 546 1537 in
569 1479 651 1538 India
673 1482 816 1539 Orientali
837 1484 938 1541 aliisve
959 1484 1047 1550 locis,
1069 1483 1091 1540 si
1114 1487 1244 1540 locorum
1262 1481 1405 1557 praesides

235 1594 421 1656 paterentur,
452 1584 679 1658 negotiationem
710 1597 897 1656 exercerent,
929 1601 1033 1659 eosque
1059 1603 1075 1642 a
1097 1585 1233 1660 Principe
1262 1586 1407 1644 Mauritio

235 1686 388 1745 codicillos
422 1687 599 1758 obtinuisse,
636 1705 688 1762 per
725 1706 797 1762 quos
836 1706 894 1747 non
932 1691 1024 1748 solum
1056 1691 1126 1748 licet
1157 1690 1325 1763 praefecto,
1357 1688 1405 1748 sed

234 1791 320 1848 etiam
340 1790 458 1864 jubetur
478 1790 633 1850 defendere
653 1807 682 1850 se
703 1790 838 1851 adversus
858 1809 974 1864 omnes,
994 1795 1045 1866 qui
1074 1795 1104 1850 in
1131 1795 1236 1852 itinere
1262 1796 1405 1853 molestias

234 1906 335 1952 creent
354 1898 401 1952 vel
433 1907 576 1965 noceant,
606 1907 636 1953 et
658 1906 783 1969 potestas
804 1895 910 1966 datur,
941 1909 975 1956 ut
997 1898 1020 1954 si
1041 1895 1113 1970 quid
1135 1897 1231 1956 damni
1252 1899 1325 1973 passi
1347 1900 1405 1957 sint

234 2000 449 2058 restitutionem
480 2011 630 2073 quaerant.
671 2000 749 2058 Cum
780 2011 875 2059 autem
906 2002 1069 2075 praefectus
1097 2018 1163 2059 cum
1185 2002 1263 2060 hisce
1284 2003 1406 2060 navibus

235 2103 292 2161 suis
314 2103 419 2161 insulas
449 2104 586 2162 Canariae
612 2115 831 2178 praetervectus
852 2105 907 2178 jam
929 2115 1020 2173 esset,
1040 2107 1170 2163 occurrit
1191 2108 1218 2163 ei
1239 2104 1405 2178 quindecim

234 2208 350 2265 navium
372 2209 468 2265 classis
490 2209 663 2282 Hispanica,
683 2208 759 2267 bene
779 2219 886 2266 armata
906 2217 936 2266 et
958 2210 1117 2278 instructa,
1139 2210 1289 2282 ipsumque
1310 2211 1406 2268 statim

234 2327 363 2385 aggressa
384 2324 438 2370 est.
479 2313 519 2370 Et
540 2329 596 2370 una
617 2329 654 2370 ex
666 2313 723 2370 illis
734 2312 875 2380 navibus,
897 2313 1014 2370 nomine
1025 2311 1122 2370 Rubri
1133 2313 1257 2378 Leonis,
1279 2313 1405 2371 hostium

234 2419 387 2475 tormentis
417 2428 474 2475 tam
506 2418 633 2490 graviter
664 2418 787 2474 lacerata
818 2426 879 2485 est,
910 2426 946 2473 ut
977 2415 1122 2473 navarcho
1151 2426 1180 2472 et
1208 2416 1406 2488 compluribus
1477 2405 1480 2410 ’

234 2521 398 2579 hominibus
429 2522 534 2578 occisis
564 2522 687 2594 aliisque
717 2522 816 2579 multis
843 2523 1004 2578 vulneratis
1033 2519 1069 2576 ab
1091 2519 1195 2576 itinere
1216 2518 1353 2577 absistere
1375 2530 1405 2577 et

234 2623 351 2683 domum
373 2626 480 2682 reverti
501 2636 604 2683 coacta
625 2627 673 2682 sit.
713 2626 758 2682 Ita
779 2624 941 2698 praefectus
963 2625 992 2682 in
1015 2625 1071 2681 hoc
1093 2623 1221 2698 praelio,
1248 2634 1282 2681 ut
1303 2639 1404 2681 navem

234 2729 309 2785 hanc
340 2726 529 2798 defenderet,
559 2729 620 2802 ipse
651 2745 716 2788 cum
748 2746 798 2786 sua
829 2745 902 2786 nave
933 2729 1049 2801 suisque
1080 2727 1213 2785 omnibus
1244 2727 1404 2801 periclitari

234 2842 352 2890 coactus
374 2843 435 2902 est,
455 2849 514 2905 quo
534 2843 565 2890 et
584 2833 641 2890 viri
662 2834 776 2906 aliquot
797 2832 857 2905 ejus
879 2832 1026 2890 interfecti
1049 2842 1135 2890 sunt:
1158 2833 1249 2888 altero
1270 2829 1317 2887 die
1338 2841 1404 2903 post

232 2937 318 2994 etiam
349 2939 474 3010 legatum
506 2952 587 2993 suum
618 2937 730 2994 amisit:
763 2937 785 2992 is
813 2937 889 2993 enim
922 2952 988 2994 cum
1020 2938 1098 2993 solus
1131 2936 1208 2992 inter
1229 2951 1314 2992 naves
1338 2934 1405 2991 His-

235 3042 350 3114 panitas
391 3040 549 3098 aberrasset
591 3051 620 3098 et
650 3056 708 3097 non
743 3040 798 3096 nisi
830 3055 934 3112 magno
965 3031 1098 3113 periculo
1129 3036 1280 3106 evaderet,
1311 3035 1405 3096 donec

235 3145 404 3202 Bantamum
425 3155 545 3202 venerat
564 3142 600 3201 ad
626 3143 866 3202 Hemskerckium
894 3141 988 3201 redire
1009 3154 1039 3200 et
1059 3144 1115 3200 iter
1142 3159 1200 3200 una
1231 3142 1324 3199 facere
1345 3158 1403 3200 non

234 3250 342 3322 potuit.
384 3248 607 3306 Hemskerckius
627 3263 700 3305 vero
722 3258 755 3305 ut
777 3248 947 3306 Bantamum
968 3247 1106 3316 accessit,
1134 3246 1170 3303 ab
1197 3247 1301 3304 incolis
1322 3244 1405 3304 audi·

233 3354 294 3420 vit,
327 3369 412 3425 quam
443 3353 551 3410 acriter
580 3351 662 3411 brevi
695 3363 762 3410 ante
793 3350 989 3425 depugnatum
1014 3361 1086 3409 esset
1108 3352 1184 3408 inter
1206 3354 1322 3409 classem
1343 3351 1404 3408 Lu·

233 3458 393 3514 sitanorum
424 3455 498 3513 duce
530 3454 647 3514 Andrea
679 3454 845 3514 Furtadone
867 3465 896 3513 et
917 3457 1047 3529 quinque
1079 3472 1164 3513 naves
1196 3455 1404 3525 Hollandicas‚

234 3560 342 3633 quibus
373 3560 552 3633 praepositus
583 3570 644 3617 erat
670 3558 865 3634 Wolphardus
895 3560 1095 3630 Harmannus3
1116 3560 1231 3616 classem
1252 3576 1324 3617 vero
1344 3561 1405 3618 Lu·

234 3666 392 3723 sitanorum
414 3664 471 3721 hoc
491 3662 655 3721 mandatum
678 3664 825 3738 habuisse,
847 3675 880 3721 ut
902 3676 931 3721 et
949 3679 1035 3721 naves
1057 3660 1269 3720 Hollandorum
1290 3669 1405 3732 omnes,

233 3781 263 3827 et
295 3767 400 3838 Indos,
435 3769 486 3841 qui
518 3785 584 3826 cum
618 3766 771 3826 Hollandis
803 3768 1037 3841 negotiarentur,
1070 3765 1185 3838 penitus
1217 3762 1343 3823 deleret:
1375 3778 1404 3824 et

234 3873 301 3930 satis
328 3882 442 3930 constat
471 3888 519 3930 eos
548 3871 648 3930 urbem
682 3872 711 3928 in
741 3880 912 3944 potestatem
942 3885 1019 3926 suam
1050 3865 1216 3925 redacturos
1246 3868 1351 3938 fuisse,
1381 3871 1404 3926 si

233 3994 249 4033 a
280 3975 366 4034 dictis
398 3977 529 4049 quinque
560 3975 681 4034 navibus
712 3991 770 4032 non
802 3973 943 4048 prohibiti
982 3983 1085 4030 essent.
1134 3972 1199 4029 Nec
1229 3974 1299 4030 latet
1332 3991 1404 4042 nos,

233 4079 304 4153 quid
336 4092 401 4155 post
432 4081 629 4138 commiserint
660 4081 690 4137 in
722 4078 824 4137 insulis
846 4079 921 4136 Hito
952 4088 981 4136 et
1013 4076 1163 4144 Ambona,
1204 4074 1255 4134 ubi
1287 4078 1405 4135 miseros

234 4185 342 4242 incolas
374 4185 502 4258 graviter
533 4194 756 4257 oppresserunt:
794 4183 878 4240 etiam
915 4182 1037 4239 insulam
1070 4179 1230 4250 Mathiam,
1267 4197 1341 4254 quae
1372 4183 1401 4240 in

234 4289 308 4360 regis
340 4288 525 4346 Ternatensis
557 4285 685 4344 dominio
716 4296 778 4355 est,
809 4282 944 4342 incendio
976 4282 1111 4342 delerant
1142 4295 1171 4341 et
1202 4301 1267 4343 cum
1299 4286 1403 4343 incolis

234 4407 351 4466 quoque
372 4392 492 4466 pessime
512 4400 643 4464 egerunt.
665 4388 743 4447 Idem
765 4388 858 4446 facere
880 4398 1030 4447 tentarunt
1050 4389 1080 4445 in
1103 4388 1163 4460 ipsa
1185 4388 1330 4458 Ternate,
1351 4389 1402 4447 ubi

233 4495 307 4553 duae
337 4513 423 4554 naves
455 4496 512 4553 illis
543 4491 672 4553 subsidio
699 4504 845 4552 venerunt
874 4491 910 4549 ab
942 4492 1013 4551 atrbe
1044 4492 1193 4562 Manilha,
1215 4491 1294 4565 quod
1315 4505 1402 4566 caput
