3530 5656
357 575 375 637 8
667 594 715 641 os
737 594 831 661 Juuu
856 595 1039 644 rutenae.
1063 597 1144 648 cue.
1169 597 1209 646 ιι.

351 745 491 830 ficarit,
510 745 549 812 id
555 747 616 832 jus
637 761 697 813 est.
744 747 835 815 Haec
854 748 1015 816 sententia
1035 749 1136 834 ipsam
1157 749 1241 838 juris
1254 769 1383 820 causam
1404 748 1528 818 indicat

356 879 392 924 ac
413 858 529 926 merito
550 857 646 942 primi
668 859 822 944 principii
844 862 921 927 loco
942 861 1309 946 ponitur¹videturque
1327 863 1381 948 ius
1404 881 1422 928 a
1442 861 1526 946 Jove

357 969 503 1052 dictum,
528 970 615 1036 unde
638 984 671 1035 et
690 971 798 1055 jurare
831 987 863 1038 et
881 972 1132 1058 jusjurandum,
1153 973 1439 1060 Jovisjurandum:
1471 987 1528 1038 aut

357 1081 434 1165 quia
445 1095 570 1148 veteres
591 1101 675 1164 quae
688 1100 749 1148 nos
767 1082 842 1167 jura
861 1082 1022 1161 dicimus,
1036 1085 1122 1170 jusa
1141 1083 1176 1166 ²,
1191 1086 1255 1152 hoc
1267 1100 1317 1151 est
1334 1087 1424 1170 jussa
1436 1083 1528 1150 dixe-

355 1208 442 1260 runt.
486 1193 608 1278 Jubere
637 1209 744 1260 autem
767 1195 939 1278 potestatis
961 1209 1021 1261 est.
1068 1195 1177 1262 Prima
1194 1211 1338 1280 potestas
1363 1196 1398 1262 in
1420 1195 1528 1262 omnia

355 1303 440 1382 Dei,
473 1318 512 1370 ut
542 1303 677 1387 artificis
710 1305 745 1371 in
773 1324 856 1388 opus
887 1320 921 1371 et
949 1320 987 1370 ut
1016 1305 1176 1390 dignioris
1197 1307 1231 1374 in
1250 1307 1358 1373 minus
1381 1306 1527 1392 dignum.

355 1415 523 1481 Ausonius
540 1419 572 1478 ⁸:
593 1416 659 1503 Jus
681 1430 777 1481 carta
798 1415 866 1482 Dei
887 1437 989 1484 meus.
1035 1416 1110 1485 Hoc
1133 1433 1182 1486 est
1205 1419 1296 1502 quod
1319 1419 1473 1502 Orpheus
1497 1431 1530 1482 et

292 1523 309 1566 '=
356 1541 432 1610 post
443 1526 579 1609 Orphea
588 1539 714 1592 veteres
726 1541 841 1609 poetae
851 1546 962 1593 omnes
973 1530 984 1566 ⁴
994 1543 1179 1606 seusertmt,
1192 1548 1268 1596 cum
1279 1529 1428 1596 dicerent
1434 1527 1528 1613 Jovis

356 1638 540 1704 adsessores
564 1655 633 1704 esse
655 1635 800 1705 Themin
819 1652 852 1704 et
871 1638 1003 1721 Dicen;
1027 1638 1114 1706 unde
1133 1655 1220 1706 recte
1238 1641 1451 1708 Anaxarchus
1461 1639 1528 1704 col-

358 1749 480 1834 ligebat
495 1767 562 1814 non
585 1763 649 1814 tam
673 1750 716 1814 ob
735 1749 770 1814 id
792 1749 901 1816 Deum
922 1749 1048 1832 aliquid
1069 1752 1179 1833 velle,
1202 1751 1281 1834 quia
1300 1752 1426 1836 justum
1455 1763 1529 1830 est,

357 1881 453 1944 quam
481 1861 605 1945 justum
636 1878 730 1942 esse,
755 1861 833 1943 quia
854 1861 947 1928 Deus
970 1863 1064 1928 vult:
1089 1862 1150 1929 etsi
1168 1862 1224 1929 iile
1244 1883 1284 1930 eo
1307 1862 1397 1929 dicto
1417 1863 1530 1928 abute-

355 1973 460 2038 batur.
505 1972 700 2038 Plutarchus
721 1970 733 2005 ⁵
756 1986 863 2038 autem
883 1975 982 2056 paulo
1006 1973 1160 2040 subtilius
1181 1994 1248 2041 uon
1269 1989 1334 2040 tam
1354 1974 1442 2040 Deas
1459 1973 1530 2038 ilias

356 2086 430 2149 vult
470 2081 550 2168 Jovi
581 2083 750 2166 adsidere,
785 2104 881 2166 quam
906 2085 1023 2172 Joucm
1051 2089 1157 2171 ipsum
1186 2099 1218 2151 et
1245 2085 1379 2151 Themin
1408 2106 1472 2151 assa
1499 2099 1530 2149 ct

354 2197 537 2285 justitiam
566 2209 597 2260 ct
627 2194 734 2281 legum
758 2198 900 2260 omnium
919 2199 1187 2282 antiquissimam
1212 2212 1313 2283 atque
1326 2197 1531 2283 perfectissi-

358 2328 466 2388 mam;
493 2324 577 2389 quae
603 2320 636 2372 et
657 2305 835 2390 Chrysippi
854 2304 921 2372 fuit
943 2307 1132 2374 sententia·
1154 2307 1293 2375 dicentis
1314 2309 1395 2395 legis
1413 2321 1530 2394 perpe-

358 2433 437 2484 tuac
453 2431 485 2483 ct
505 2431 663 2483 aeternae
682 2421 771 2494 uim,
795 2437 880 2504 quaa
902 2421 1000 2503 quasi
1022 2417 1093 2484 dua
1114 2422 1206 2488 uitae
1226 2433 1258 2484 at
1280 2422 1448 2505 magistra
1470 2419 1531 2505 offi-

358 2533 487 2594 ciorum
517 2531 585 2610 sit,
616 2529 732 2615 Joucm
763 2527 843 2595 dici.
889 2529 955 2596 Dei
977 2534 1129 2598 voluntas
1151 2551 1218 2598 non
1242 2529 1384 2597 oraculis
1404 2543 1530 2595 tantum

360 2655 393 2706 et
414 2638 678 2706 extraordinariis
699 2639 1019 2726 significationibus,
1043 2643 1102 2711 sed
1123 2645 1176 2708 vel
1198 2642 1338 2710 maxime
1359 2661 1399 2708 ex
1421 2659 1532 2706 crean-

264 2768 309 2824 ,ιω
361 2753 403 2818 tis
425 2750 605 2818 intentione
635 2766 776 2835 apparet.
822 2752 901 2819 Inde
922 2754 1007 2820 enim
1026 2756 1086 2842 jas
1107 2769 1254 2820 naturae
1276 2767 1325 2820 est
1341 2751 1365 2819 ⁷.
1399 2752 1532 2836 Optime

241 2830 347 2868 ”mm
361 2864 461 2949 Igitur
491 2861 611 2930 Cicero
632 2859 644 2896 ⁸
665 2863 886 2948 cognitionem
916 2885 1022 2932 rerum
1046 2865 1233 2933 caelestium
1256 2864 1351 2933 etiam
1375 2864 1416 2930 ad
1435 2862 1532 2949 justi·
1594 2861 1598 2870 ’

361 2975 439 3040 tiam
459 2974 615 3057 prodesse
635 2975 709 3040 vult
721 3021 733 3056 ‚
747 2995 820 3038 cum
841 2979 1007 3063 cognitum
1020 2976 1162 3055 habeas,
1178 2975 1267 3062 quod
1275 2979 1320 3041 sit
1331 2978 1449 3041 summi
1461 2996 1533 3041 rcc-

363 3089 446 3150 toris
469 3098 501 3150 ut
523 3084 648 3150 domiui
669 3086 913 3171 numeu‚quod
927 3087 1119 3166 consilium,
1142 3087 1416 3173 quaouoluutas,·
1439 3088 1532 3172 cujus

364 3197 411 3262 ad
428 3210 589 3262 naturam
610 3209 693 3282 apta
716 3199 807 3260 ratio
830 3217 912 3265 uera
932 3197 997 3263 illa
1018 3213 1049 3264 ct
1070 3219 1197 3264 summa
1214 3198 1270 3264 lau
1292 3220 1313 3263 a
1329 3198 1531 3285 philosophis

364 3307 503 3374 dicitur.
549 3307 626 3374 Huc
651 3323 683 3374 et
703 3308 786 3374 illud
808 3311 819 3344 ⁹
842 3311 1004 3393 pertinet:

764 3418 920 3508 dixitque
938 3423 1036 3488 semel
1053 3422 1260 3488 nascentibus
1280 3437 1401 3489 auctor

497 3526 670 3616 Quidquid
685 3535 771 3596 sciro
790 3531 876 3598 licet.

408 3639 453 3706 Et
469 3660 565 3724 quem
583 3641 681 3708 modo
693 3643 839 3709 dicebam
862 3642 1069 3728 Chrysippus
1082 3639 1128 3709 ¹⁰2
1150 3651 1181 3714 οὐ
1199 3649 1258 3730 γὰρ
1282 3645 1357 3715 ἔστιν
1378 3649 1464 3729 εὑρεῖν
1481 3654 1533 3720 ru

363 3757 536 3833 δικαιοσύνης
570 3753 665 3833 ἄλλην
686 3759 779 3841 ἀρχὴν
798 3759 854 3825 οὐδ’
873 3755 969 3834 ἄλλην
997 3757 1125 3836 γένεσιν,
1156 3758 1173 3833 ἢ
1202 3759 1253 3834 τὴν
1271 3759 1305 3824 ἐκ
1325 3764 1376 3825 τοῦ
1395 3759 1462 3832 Διὸς
1484 3757 1533 3822 uui

399 3954 517 4005 ¹Thom.
546 3969 568 4004 1.
594 3969 617 4004 2.
633 3969 659 4016 q.
677 3967 719 4018 93.
737 3964 784 4002 art.
804 3966 825 4001 1.
860 3949 955 4000 ²Fest.
981 3949 1035 4016 [ap.
1058 3953 1125 4000 Paul.
1148 3949 1221 4001 Diae.
1238 3953 1270 4001 de
1284 3952 1357 4002 verb.
1380 3950 1443 4012 sign.
1461 3953 1479 3999 1.
1494 3949 1532 4014 9.]

365 4045 376 4078 ³
401 4047 541 4107 Monosyll.
565 4044 604 4110 [in
628 4060 667 4106 pr.
690 4059 729 4095 vs.
759 4042 811 4108 rm]
851 4042 940 4091 ⁴Hes.
967 4043 1063 4102 Theog.
1083 4041 1133 4105 [vs.
1149 4055 1207 4104 901.
1222 4041 1293 4107 sqq.]
1333 4044 1404 4091 Plato
1430 4044 1461 4091 de
1486 4044 1535 4102 leg.

364 4140 382 4186 l.
410 4151 434 4198 4.
461 4135 500 4201 [p.
525 4136 583 4195 716.
610 4135 645 4201 m]
681 4136 812 4184 Demosth.
835 4147 859 4182 c.
882 4133 995 4194 Aristog.
1025 4131 1062 4196 [p.
1074 4133 1143 4198 772]
1165 4133 1253 4182 Them.
1268 4134 1365 4182 orat.6
1392 4131 1430 4196 [p.
1443 4144 1485 4195 79.
1495 4130 1531 4196 c.]

367 4231 450 4277 Amin.
468 4229 550 4276 Marc.
571 4226 637 4276 Hist.
655 4228 673 4275 1.
691 4239 732 4275 21.
753 4223 789 4289 [c.
811 4238 832 4273 r.
850 4223 929 4288 med]
966 4223 1037 4273 Pind.
1057 4225 1156 4285 Olymp.
1174 4226 1197 4272 8.
1216 4223 1268 4287 [vs.
1285 4223 1338 4287 o8.]
1374 4225 1440 4272 Plut.
1458 4225 1533 4272 Alex.

369 4317 408 4382 [p.
425 4318 472 4382 695
492 4318 527 4383 a.]
563 4316 655 4365 ‘Plut
682 4318 713 4365 de
740 4317 822 4365 doctr.
846 4314 929 4375 princ.
950 4312 988 4376 [p.
1006 4316 1064 4371 781.
1083 4328 1105 4362 a.
1121 4325 1146 4363 et
1163 4313 1201 4378 b.]
1238 4313 1322 4363 ⁶Cic.
1340 4316 1371 4363 de
1387 4324 1438 4362 nat.
1455 4315 1534 4361 Deor.

368 4407 642 4473 1.1.[c.15.§40.]
679 4404 768 4454 ⁷1nst.
787 4403 886 4462 dejure
901 4405 1056 4466 natspen.
1082 4402 1118 4468 [1.
1137 4417 1159 4453 1.
1178 4404 1300 4469 2.§11.]
1337 4405 1397 4454 ⁸de
1415 4402 1459 4452 fin.
1473 4406 1491 4452 l.
1509 4417 1534 4464 4.

371 4497 407 4564 [c.
419 4510 442 4556 s.
456 4498 530 4564 §11.]
566 4497 687 4547 ⁹Lucan.
702 4499 787 4546 Phars.
805 4497 823 4545 1.
841 4509 865 4558 9.
886 4493 934 4559 [vs.
952 4494 1022 4559 575.]
1060 4494 1081 4528 ¹⁰
1100 4494 1153 4558 [ap.
1170 4496 1236 4543 Plut.
1251 4497 1346 4545 Moral.
1363 4510 1389 4556 p.
1408 4504 1480 4552 10³5·
1496 4493 1534 4557 c].
