3552 5654
533 645 580 691 DE
603 647 696 712 JURF.
726 644 907 692 Pxnnunn.
933 645 1012 693 CAP.
1036 647 1071 692 Χ.
1349 646 1410 709 135

238 798 280 866 rit
307 795 330 863 ¹.
377 798 463 866 Nam
496 798 555 882 qui
586 818 604 864 a
634 798 786 882 pluribus
818 798 956 864 debente
990 797 1025 863 id
1056 796 1147 880 quod
1179 796 1243 862 sibi
1275 797 1411 864 debetur

238 910 323 975 bona
342 909 406 975 fide
425 910 569 993 recepit,
590 912 630 976 ad
650 910 889 978 restitutionem
909 929 949 975 ne
968 909 1188 976 conscientiae
1208 909 1339 991 quidem
1356 911 1410 994 ju·

239 1019 327 1086 dicio
346 1020 511 1105 obligatus
532 1036 591 1088 est.
623 1021 713 1086 Tum
730 1041 831 1102 vero,
856 1020 884 1086 si
903 1020 985 1103 quid
1002 1035 1174 1104 superest,
1199 1019 1411 1086 admittentur

239 1131 378 1212 caeteri,
403 1132 526 1214 quibus
545 1133 626 1198 alter
645 1132 700 1198 ille
718 1133 856 1197 bellator
874 1131 1052 1198 obstrictus
1071 1129 1145 1204 fuit,
1180 1130 1225 1196 Et
1243 1145 1410 1213 postremo

238 1242 313 1306 loco
332 1243 423 1323 quod
440 1242 590 1320 restabit,
614 1243 648 1307 id
666 1242 729 1325 ipsi
747 1243 888 1325 spoliato
908 1243 1033 1308 salvum
1054 1261 1124 1307 esse
1142 1256 1268 1324 etpost
1287 1242 1409 1308 bellurn

239 1366 332 1434 parta
353 1353 526 1418 securitate
554 1352 683 1418 restitui
715 1353 813 1420 debet
831 1360 853 1419 ².
898 1354 983 1418 Nam
1007 1353 1095 1419 etin
1119 1351 1318 1435 repressaliis
1345 1352 1409 1418 hoc

240 1462 389 1544 usurpari
421 1463 570 1530 doctores
593 1463 822 1544 consentiunt,
847 1478 880 1529 et
907 1463 1067 1547 possessis
1096 1483 1136 1528 ex
1162 1463 1291 1529 decreto
1315 1461 1412 1528 bonis

241 1570 425 1638 debitorum
453 1593 519 1640 non
546 1574 636 1640 aliud
654 1575 856 1641 observatur.
900 1576 1003 1662 Quod
1021 1574 1049 1641 si
1066 1574 1183 1657 praeda
1203 1575 1326 1639 bellum
1344 1573 1411 1657 pri·

239 1698 352 1749 vatum
371 1683 587 1767 suscipienti,
611 1704 677 1752 non
698 1685 799 1769 igitur
821 1685 960 1770 singulis
983 1685 1243 1770 occupantibus,
1268 1684 1411 1766 acquiri-

241 1807 316 1873 tur,
348 1793 453 1877 primo
483 1794 609 1861 scilicet
636 1811 669 1861 et
697 1817 754 1878 per
781 1816 839 1878 se,
872 1815 930 1862 scu
957 1795 1147 1864 naturaliter
1177 1811 1209 1861 et
1233 1795 1297 1861 nisi
1323 1795 1413 1889 aliud

241 1917 347 1970 actum
372 1905 425 1972 sit.
468 1906 540 1972 Nec
560 1907 670 1974 obstat
697 1907 788 1988 quod
808 1925 874 1972 non
893 1906 962 1988 ipse
982 1921 1152 1989 susceptor
1172 1906 1411 1989 possessionem

241 2016 459 2097 apprehendat
489 2036 549 2084 suo
581 2038 730 2100 corpore.
777 2016 1007 2100 Apprehendit
1035 2018 1119 2084 enim
1142 2038 1200 2099 per
1222 2018 1326 2096 alios,
1356 2031 1413 2081 aut

240 2126 391 2192 subditos
414 2142 470 2194 aut
492 2127 711 2196 auxiliatores.
756 2128 802 2192 Et
823 2128 862 2194 de
884 2127 1023 2194 subditis
1044 2127 1175 2210 quidem
1194 2147 1245 2194 res
1265 2127 1414 2210 expedita

241 2251 299 2302 est.
323 2236 385 2302 Per
403 2237 490 2304 filios
510 2239 594 2305 enim
613 2258 736 2322 perque
755 2256 886 2318 servoS,
907 2237 1001 2319 quasi
1020 2238 1124 2303 nostri
1142 2237 1288 2320 corporis
1306 2253 1412 2320 partes

241 2347 329 2413 omni
349 2349 474 2416 ratione
497 2349 716 2431 acquirimus:
740 2349 780 2414 de
804 2369 871 2431 quo
894 2349 977 2416 inter
995 2348 1203 2435 jurisperitos
1220 2345 1314 2412 facile
1335 2367 1412 2412 con·

240 2458 332 2523 venit
354 2465 378 2524 ³.
426 2458 492 2524 Sed
522 2480 580 2541 per
613 2459 845 2541 auxiliatores,
878 2461 942 2524 hoc
970 2474 1020 2525 est
1047 2459 1099 2530 sui
1125 2457 1208 2542 juris
1240 2457 1411 2538 homines,

241 2567 365 2648 acquiri
401 2569 567 2648 quomodo
602 2569 732 2651 possit,
770 2572 847 2653 plus
884 2571 1002 2638 habere
1035 2569 1166 2636 videtur
1200 2569 1411 2634 difficultatis.

242 2677 364 2742 Verum
393 2693 499 2744 tamen
531 2693 563 2743 et
593 2680 655 2744 hoc
684 2699 749 2746 non
783 2679 987 2746 incommode
1020 2680 1255 2764 explicabitur,
1280 2679 1307 2744 si
1330 2679 1414 2746 illud

242 2803 410 2870 teneatur,
444 2789 654 2872 auxiliatores
683 2808 740 2854 seu
772 2790 849 2855 belli
877 2789 986 2858 socios
1015 2810 1076 2856 nos
1106 2811 1162 2856 eos
1192 2789 1319 2870 dicere,
1355 2789 1413 2871 qui

241 2898 414 2982 principali
433 2900 608 2966 accedunt:
632 2919 698 2965 non
719 2899 747 2966 si
766 2915 798 2965 et
819 2899 880 2983 ipsi
901 2901 966 2965 sint
983 2921 1086 2982 aeque
1104 2900 1317 2982 principales:
1340 2919 1413 2966 nam

242 3023 320 3076 tunc
349 3011 461 3075 eodem
496 3031 562 3091 quo
591 3012 671 3077 alter
694 3012 768 3094 jure
798 3025 940 3079 utentur.
985 3011 1038 3076 De
1070 3011 1123 3076 his
1151 3030 1227 3094 ergo
1247 3010 1414 3093 loquimur

244 3120 302 3201 qui
325 3135 551 3203 asusceptore
579 3120 763 3186 mandatum
792 3136 994 3204 receperunt.
1040 3121 1225 3188 Dicendum
1255 3142 1332 3206 ergo
1357 3142 1414 3204 per

243 3230 375 3297 liberam
395 3245 745 3314 quoque‘personam,
770 3253 853 3316 quae
877 3233 1061 3314 mandatum
1084 3233 1216 3301 anobis
1237 3233 1352 3313 habet,
1377 3247 1414 3299 ut

242 3341 505 3424 possessionem,
531 3340 574 3406 ita
593 3361 651 3424 per
676 3342 915 3426 possessionem
938 3343 1118 3408 dominium
1143 3344 1268 3425 acquiri
1288 3350 1312 3409 ⁴.
1337 3346 1413 3432 Qua

244 3452 337 3517 dere
360 3451 455 3516 etiam
483 3451 672 3518 videamus:
705 3473 777 3518 nam
802 3455 862 3518 hac
885 3454 1014 3520 sublata
1036 3454 1200 3537 positione
1222 3474 1289 3520 non
1308 3455 1538 3536 domi-novara·

244 3562 333 3627 nium
357 3562 391 3627 in
413 3583 502 3642 rem,
525 3563 583 3628 sed
605 3563 764 3629 actionem
788 3565 946 3630 duntaxat
968 3564 1123 3630 adversus
1145 3585 1315 3647 personam
1335 3586 1412 3631 con-
1425 3528 1533 3571 dmm

243 3693 436 3756 sequemur:
468 3675 559 3754 quod
592 3676 731 3741 multum
766 3675 910 3744 interest.
955 3675 1041 3742 Sunt
1074 3675 1206 3758 quidem
1239 3675 1301 3741 ista
1334 3677 1413 3742 satis

244 3859 428 3871 m-

278 3975 286 4008 ¹
306 3978 323 4024 l.
336 3978 406 4036 quod
419 3988 509 4024 autem.
527 3982 548 4035 5.
564 3981 631 4038 apud
644 3979 704 4028 Lab.
723 3979 749 4028 ff.
765 3981 834 4040 quod
849 3980 875 4027 in
890 3980 971 4028 fraud.
986 3981 1055 4028 cred.
1065 3981 1080 4026 l.
1091 3979 1204 4041 pupillis.
1214 3994 1244 4029 eo
1258 3982 1298 4030 tit.
1316 3981 1360 4045 [D.
1372 3997 1415 4043 42.

244 4068 267 4114 8.
285 4067 309 4114 6.
328 4069 349 4124 §-
367 4068 431 4114 6.ct
449 4067 512 4115 ibid.
530 4070 548 4115 l.
569 4070 620 4129 24]
657 4067 715 4115 2V.
732 4083 808 4130 supra
825 4084 848 4118 c.
861 4083 886 4130 4.
903 4081 928 4118 et
942 4081 987 4118 art.
1001 4082 1024 4126 a.
1043 4073 1128 4118 concl.
1143 4084 1168 4128 7.
1187 4071 1248 4120 silv.
1273 4073 1298 4119 in
1315 4087 1340 4121 v.
1357 4075 1413 4121 Bel-

243 4159 301 4204 lum.
323 4171 344 4205 1.
358 4161 379 4215 5.
397 4170 421 4214 7.
437 4160 521 4207 concl.
539 4171 561 4213 5.
596 4157 606 4192 ³
624 4161 655 4206 V.
674 4173 696 4207 c.
711 4161 734 4208 6.
753 4161 811 4208 Inst.
826 4173 872 4220 per
886 4173 946 4220 quas
954 4173 1022 4220 pers.
1030 4160 1090 4207 nob.
1103 4173 1158 4221 acq.
1168 4161 1193 4208 in
1203 4161 1285 4221 princ.
1296 4163 1319 4224 [l
1343 4178 1366 4212 a.
1376 4164 1411 4228 9.]

243 4248 260 4294 l.
282 4260 303 4295 1.
323 4252 345 4305 5.
368 4262 389 4295 1.
412 4247 437 4294 in
460 4247 503 4296 fin.
517 4248 544 4296 ff.
561 4250 592 4297 de
608 4249 647 4298 bis
662 4249 711 4310 qui,
723 4250 761 4298 sui
781 4252 823 4299 vel
841 4253 873 4299 al.
886 4249 958 4308 juris.
974 4251 1017 4312 [D.
1036 4265 1056 4298 r.
1072 4251 1109 4312 6.]
1127 4254 1144 4300 l.
1161 4253 1330 4312 acquiruntur.
1348 4259 1369 4313 ς.
1391 4270 1413 4304 1.

244 4337 275 4386 de
298 4351 353 4396 acq.
371 4351 419 4386 rer.
439 4340 506 4387 dom.
527 4339 571 4400 [D.
587 4353 628 4399 41.
644 4354 665 4390 1.
686 4341 738 4402 ro.]
759 4343 774 4388 l.
793 4355 813 4389 1.
831 4345 851 4400 ξ.
865 4342 925 4390 item
940 4341 1102 4401 acquirimus.
1116 4342 1141 4390 ff.
1159 4344 1189 4391 de
1209 4356 1262 4403 aeq.
1281 4358 1349 4404 poss.
1369 4347 1413 4408 [D.

244 4441 284 4487 41.
308 4441 331 4474 2.
355 4441 376 4476 1.
397 4433 418 4486 ξ.
441 4428 476 4491 5.]
513 4429 523 4462 ⁴
541 4432 558 4478 l.
577 4430 689 4478 traditio.
705 4435 726 4489 §-
743 4429 785 4479 sm.
800 4432 826 4478 ff.
843 4434 873 4482 de
889 4446 943 4492 aeq.
960 4435 1027 4485 dom·
1047 4433 1090 4484 [D.
1106 4447 1147 4493 41.
1166 4426 1186 4481 ι’.
1203 4448 1242 4481 20.
1258 4438 1278 4492 5.
1295 4436 1330 4497 m]
1351 4435 1413 4486 Inst.

244 4532 290 4577 per
309 4531 371 4577 quas
384 4532 449 4576 pers.
465 4523 486 4577 ξ.
502 4533 533 4568 cx
548 4521 596 4568 his.
615 4521 648 4584 [l.
668 4534 690 4568 α.
707 4536 730 4583 9.
746 4523 765 4582 ς.
781 4509 816 4583 5.]
