3552 5654
386 689 446 751 132
697 683 744 730 DE
767 683 861 748 Juuts
887 681 1070 730 tunsone.
1095 683 1174 730 CAP.
1200 683 1234 728 X.

384 839 540 924 publicu,
565 837 642 920 quia
669 837 756 903 bello
787 835 921 918 publico
950 836 993 900 ob
1015 836 1261 904 diuturnitatem
1284 837 1356 920 eius
1378 835 1505 903 scilicet
1528 853 1559 904 et

384 948 641 1034 magnitudinem
663 968 735 1014 raro
755 961 881 1012 tantum
900 965 940 1011 ex
958 948 1054 1014 hoste
1075 948 1224 1031 capitur,
1249 963 1407 1029 quantum
1429 951 1486 1013 vel
1506 967 1559 1013 so·

386 1064 433 1127 las
467 1059 630 1142 impensas
664 1060 843 1140 adaequet,
876 1057 998 1124 idcirco
1029 1057 1257 1141 jurisconsulti
1282 1067 1291 1100 ¹
1316 1057 1439 1138 quibus
1468 1061 1562 1126 velut

341 1195 345 1206 ¹
387 1170 530 1233 solemne
552 1181 602 1232 est
623 1173 656 1236 τὸ
679 1167 765 1248 ἅπαξ
784 1169 801 1245 ἢ
819 1170 861 1242 δὶς
879 1169 1090 1249 παραβαίνειν,
1107 1172 1303 1252 praeterire
1321 1167 1359 1234 id
1369 1168 1457 1254 quod
1466 1167 1564 1234 semel

385 1283 548 1346 iterumne
568 1275 712 1354 accidit,
736 1290 830 1358 capta
853 1275 939 1341 bello
951 1275 1086 1357 publico
1111 1277 1301 1345 indistincte
1324 1279 1449 1361 acquiri
1469 1278 1559 1344 dixe-

388 1405 481 1455 runt:
505 1389 634 1471 privato
657 1401 764 1452 autem
785 1405 851 1451 non
873 1388 958 1452 ultra
982 1406 1079 1468 quam
1101 1388 1173 1455 vice
1195 1409 1306 1455 eorum
1329 1409 1412 1471 quae
1424 1389 1562 1471 privatis

389 1501 592 1565 deberentur.
638 1496 852 1586 Conveniunt
875 1516 952 1580 ergo
976 1497 1132 1566 hactenus
1158 1501 1213 1584 jus
1233 1500 1372 1582 praedae
1392 1499 1561 1582 publicum

390 1625 423 1676 et
451 1609 633 1693 privatum:
666 1629 750 1689 quae
777 1623 883 1672 tamen
909 1606 1061 1672 subtilem
1083 1608 1224 1691 aliquam
1245 1607 1459 1675 differentiam
1481 1608 1563 1674 reci-

390 1741 465 1803 pere
484 1739 551 1786 non
573 1735 622 1784 est
649 1717 929 1784 dissimulandum.
975 1717 1059 1783 Nam
1082 1721 1174 1802 quod
1193 1720 1398 1787 subditorum
1419 1719 1562 1799 ratione,

391 1831 449 1914 qui
481 1832 568 1896 bona
596 1830 661 1898 fide
693 1831 816 1896 bellum
849 1828 1097 1911 administrant,
1129 1850 1181 1896 res
1213 1845 1326 1912 captas
1356 1851 1395 1896 ex
1426 1845 1564 1911 utraque

391 1941 533 2025 partein
554 1940 804 2022 acquisitionem
824 1941 936 2006 cadere
956 1942 1045 2006 bello
1066 1942 1201 2024 publico
1223 1939 1466 2020 asseruimus²‚
1479 1939 1563 2005 idem

392 2052 425 2117 in
449 2052 577 2134 privato
598 2050 655 2116 vix
675 2066 787 2133 putem
810 2051 977 2118 obtinere:
1002 2051 1080 2134 quia
1103 2072 1169 2118 non
1190 2067 1228 2118 ut
1243 2052 1446 2135 respublicae
1466 2049 1510 2115 ita
1533 2065 1566 2115 et

392 2163 510 2246 privati
533 2163 617 2228 inter
637 2181 671 2226 se
695 2163 778 2226 hanc
801 2182 867 2227 rem
891 2162 1131 2229 consciverunt.
1177 2163 1249 2229 Nec
1272 2163 1336 2228 alio
1357 2162 1455 2227 modo
1476 2180 1565 2227 com·

392 2273 523 2339 modius
545 2272 764 2354 interpreteris
786 2273 820 2337 id
841 2274 931 2356 quod
951 2292 991 2338 ex
1011 2273 1202 2341 doctoribus
1223 2274 1410 2352 attulimus,
1436 2272 1565 2354 privato

392 2384 480 2449 bello
503 2398 597 2466 capta
620 2383 818 2465 capientium
839 2402 905 2449 non
926 2382 1015 2449 fieri:
1040 2384 1103 2450 hoc
1127 2399 1198 2466 est,
1234 2385 1340 2467 ipsum
1373 2384 1494 2451 bellum
1525 2382 1566 2446 ad

393 2494 456 2557 hoc
475 2512 541 2559 non
565 2493 730 2572 sufficere,
754 2493 817 2558 nisi
841 2513 938 2559 causa
961 2514 1044 2575 quae
1066 2514 1176 2560 revera
1195 2496 1283 2578 justa
1305 2494 1348 2560 sit
1370 2494 1491 2559 bellum
1511 2512 1566 2557 co-

392 2604 537 2668 mitetur.
584 2603 732 2668 Alterum
754 2603 926 2670 discrimen
950 2604 1168 2688 intelligetur,
1198 2605 1226 2670 si
1259 2605 1335 2686 quis
1356 2602 1564 2683 consideret,
1646 2605 1650 2611 ’

395 2713 513 2796 quida
536 2713 703 2796 republica
726 2713 846 2796 privati
869 2715 1033 2781 differant.
1080 2715 1199 2797 Neque
1232 2716 1315 2780 enim
1346 2734 1504 2794 numero,
1529 2727 1567 2778 ut

394 2823 554 2905 arbitror,
580 2823 662 2890 illud
683 2823 812 2890 definiri
835 2840 953 2908 potest.
999 2826 1083 2891 Nam
1107 2826 1225 2908 privati
1249 2826 1408 2907 totidem,
1429 2839 1512 2906 quot
1527 2823 1567 2888 ad

395 2933 561 2999 civitatem
591 2934 851 3000 constituendam
882 2936 1029 3001 sufficere
1051 2951 1212 3019 possunt,
1236 2934 1376 3008 fortuito
1400 2935 1567 3000 undecun-

397 3065 462 3126 que
483 3063 646 3109 concursu
671 3045 884 3128 conglobati,
918 3045 1021 3110 nihilo
1049 3049 1124 3129 plus
1154 3046 1238 3130 juris
1270 3045 1437 3110 habebunt
1470 3065 1567 3126 quam

397 3173 482 3219 unus
505 3168 561 3218 aut
582 3154 658 3219 duo.
705 3154 794 3219 Tum
815 3175 893 3220 vero
916 3156 1093 3221 multitudo
1114 3157 1198 3237 ista,
1218 3177 1302 3238 quae
1320 3156 1399 3221 satis
1418 3156 1483 3236 sit,
1500 3175 1567 3236 quo

396 3282 531 3327 numero
560 3263 713 3346 finietur,
746 3264 791 3329 ita
822 3280 859 3330 ut
891 3266 955 3330 dici
987 3287 1053 3332 non
1079 3266 1185 3350 possit
1205 3266 1373 3349 pauciores
1395 3265 1566 3332 sufficere?

396 3373 495 3438 Unde
524 3393 600 3457 ergo
631 3375 686 3439 illa
716 3375 912 3441 diversitas?
938 3377 1101 3443 Nimirum
1126 3399 1144 3442 a
1167 3376 1257 3442 civili
1277 3391 1461 3460 potestate,
1485 3396 1569 3458 quae

396 3502 559 3548 consensu
580 3484 813 3550 constituiturr
837 3487 923 3553 unde
942 3487 1066 3572 judicia
1088 3502 1160 3554 orta
1181 3505 1251 3553 esse
1272 3487 1413 3554 diximus
1426 3487 1450 3552 ³.
1478 3487 1568 3551 Haec

397 3593 499 3678 igitur
521 3593 555 3657 in
587 3594 746 3676 patiunda
776 3597 894 3678 praeda
926 3599 1141 3664 differentiam
1169 3597 1305 3664 faciunt.
1350 3598 1435 3663 Nam
1458 3617 1570 3679 respu-

398 3700 483 3769 blica
505 3703 537 3769 in
566 3724 600 3770 se
622 3705 721 3770 habet
740 3707 944 3790 judiciariam
976 3723 1169 3792 potestatem
1189 3709 1224 3789 ⁴,
1248 3709 1396 3791 privatus
1420 3727 1486 3774 non
1514 3708 1571 3771 ha-

398 3815 455 3879 bet
474 3813 538 3881 nisi
559 3829 720 3902 quatenus
751 3818 883 3900 publica
904 3819 1028 3885 deficit.
1074 3818 1246 3884 Deiectum
1272 3833 1380 3885 autem
1401 3816 1571 3884 commode

398 3924 498 4004 satia,
521 3940 560 3990 ut
574 3925 708 3993 videtur
726 3926 759 3992 in
777 3944 1037 3995 momentaneum
1058 3929 1135 3996 etin
1148 3928 1340 3994 continuum
1352 3926 1572 3995 distinximus.

397 4035 482 4101 Nam
502 4056 576 4102 cum
596 4036 742 4104 defectus
762 4053 812 4104 est
831 4055 1096 4120 momentaneus,
1116 4041 1203 4124 leges
1222 4053 1260 4104 ut
1275 4038 1415 4121 primum
1434 4051 1573 4120 possunt

398 4146 655 4213 reconciliandae
668 4141 768 4214 sunt.
797 4149 908 4236 Quare
931 4151 1021 4232 quod
1042 4149 1138 4216 iidem
1162 4149 1210 4215 illi
1232 4149 1383 4215 doctores
1402 4150 1412 4182 ⁵
1434 4147 1571 4226 dicunt,

406 4297 586 4310 uu—n-——u-uu-

432 4367 440 4399 ¹
459 4369 476 4415 l.
498 4381 522 4428 4.
545 4379 567 4422 5.
591 4369 615 4415 6.
639 4367 664 4415 if.
682 4370 713 4417 de
729 4371 792 4430 legg.
812 4371 855 4432 [D.
875 4385 896 4420 1.
912 4371 949 4436 3.]
967 4376 983 4421 l.
1001 4385 1023 4430 3.
1044 4373 1069 4420 in
1086 4371 1145 4420 fine.
1161 4372 1187 4420 ff.
1200 4372 1222 4422 si
1238 4385 1297 4432 pars
1314 4369 1469 4420 hereditatis.
1490 4367 1534 4432 [D.
1550 4381 1573 4424 5.

396 4455 435 4520 4.]
472 4453 728 4515 ²c.u.c0r011.a.
770 4459 825 4508 ³in
846 4475 868 4510 c.
894 4475 917 4510 a.
957 4462 1017 4512 ⁴ex
1039 4466 1056 4510 l.
1078 4478 1101 4524 9.
1123 4475 1148 4511 et
1175 4476 1213 4520 13.
1237 4464 1309 4512 Adde
1331 4474 1376 4510 art.
1402 4475 1422 4509 1.
1445 4462 1526 4508 eoncl.
1548 4471 1572 4516 7.

397 4545 407 4576 ¹
426 4545 499 4594 Arias
521 4558 544 4594 ct
561 4548 654 4608 ceteri,
673 4548 747 4598 dictis
764 4551 836 4598 locis.
