3536 5692
524 645 571 690 ou
595 645 688 710 Junr.
715 619 899 690 annedae.
926 643 1005 689 cnr.
1031 644 1106 689 auu.
1338 643 1396 705 301

227 801 345 866 virtuti
379 814 560 885 repugnat,
604 819 663 864 seu
698 799 775 881 quia
811 799 850 863 de
881 797 1012 882 justitia
1045 811 1134 862 recte
1161 816 1178 861 a
1203 796 1400 862 veteribus¹

229 912 351 977 dictum
376 927 424 977 est
447 911 481 976 in
506 932 542 976 ea
565 911 706 976 virtutes
729 925 874 975 caeteras
898 907 1145 991 comprehendi.
1191 908 1317 973 Verum
1338 908 1401 972 hoc

230 1023 361 1105 quidem
395 1023 483 1104 apud
513 1021 663 1087 homines
696 1020 862 1087 communi
895 1039 993 1085 sensu
1023 1033 1154 1112 utentes
1176 1018 1401 1100 probationem

229 1137 351 1200 nullam
375 1133 537 1215 requirit,
561 1152 636 1198 cum
648 1133 713 1216 jam
727 1133 805 1198 olim
818 1131 905 1214 apud
917 1131 1085 1195 Platonem
1097 1131 1108 1166 ²
1120 1150 1203 1212 puer
1214 1129 1403 1196 Alcibiades

231 1266 248 1309 a
284 1245 417 1309 Socrate
451 1264 509 1325 per
542 1245 706 1308 naturales
739 1243 918 1308 instinctus
952 1242 994 1307 ad
1028 1240 1268 1306 confessionem
1302 1242 1403 1324 huius

233 1354 456 1420 conclusionis
489 1355 649 1420 adductus
684 1354 749 1434 sit,
784 1373 839 1419 eos
872 1353 930 1435 qui
958 1354 1046 1437 justa
1073 1351 1199 1418 faciunt
1222 1351 1403 1418 necessario

234 1466 327 1530 etiam
362 1466 501 1531 honesta
531 1465 655 1544 facere,
690 1465 844 1547 idemque
867 1465 1011 1529 omnium
1035 1463 1220 1529 mortalium
1243 1481 1404 1529 consensu

233 1577 387 1643 testatum
400 1576 590 1660 philosophi
601 1583 613 1617 ³
623 1576 883 1659 perscripserim.
908 1575 1010 1662 Quod
1021 1590 1059 1640 ut
1070 1576 1172 1658 probe
1185 1569 1404 1658 intelligatur,

234 1688 403 1753 sciendum
428 1702 477 1752 est
497 1689 623 1772 justum
648 1707 709 1753 nos
731 1708 797 1753 non
818 1688 901 1754 illud
920 1687 1049 1767 dicere,
1073 1687 1165 1768 quod
1183 1687 1295 1769 aliquo
1316 1685 1406 1752 civili

232 1799 305 1882 jure
328 1797 551 1879 permittitur,
571 1814 626 1864 aut
645 1799 779 1882 potius,
806 1799 860 1864 cui
881 1800 969 1882 leges
979 1795 1199 1864 connivent⁴:
1218 1798 1309 1880 quod
1321 1797 1404 1863 enim

234 1909 279 1974 sic
304 1909 436 1991 impune
460 1909 567 1975 fertur
587 1925 686 1992 atque
699 1911 780 1975 adeo
794 1909 893 1975 licere
901 1909 1048 1997 dicitur,
1073 1931 1146 1975 cum
1159 1911 1406 1994 reverajustum

232 2021 377 2101 nonsit,
400 2040 441 2087 ne
452 2024 628 2088 honestum
646 2022 779 2104 quidem
793 2037 865 2103 est,
881 2007 928 2085 'ut
936 2021 1168 2105 jurisconsulti
1179 2022 1405 2105 ⁵praedicant:

235 2132 292 2197 sed
315 2133 354 2197 de
378 2152 416 2198 eo
440 2153 501 2198 nos
523 2135 636 2215 loqui,
660 2134 752 2215 quod
769 2132 966 2198 immutabili
988 2135 1060 2215 lege
1084 2147 1217 2198 naturae
1241 2132 1406 2198 decretum

235 2259 333 2326 atque
365 2245 581 2310 constitutum
615 2260 676 2310 est.
723 2244 761 2310 Id
794 2244 878 2309 enirn
911 2244 1086 2308 honestum
1118 2258 1167 2308 est
1201 2243 1406 2324 necessario,

235 2355 316 2420 adeo
349 2355 481 2436 quidem
514 2370 552 2420 ut
586 2355 690 2421 Stoici
723 2370 755 2420 et
786 2355 936 2436 plerique
969 2354 1243 2437 philosophorum
1278 2354 1407 2419 honesti

235 2465 376 2548 speciem
408 2465 589 2531 notabilius
612 2486 648 2531 se
671 2465 851 2549 exprimere
884 2466 972 2531 haud
1005 2485 1102 2549 posse
1127 2465 1407 2545 existimaverint,

237 2598 334 2659 quam
359 2577 386 2642 si
399 2577 431 2641 in
446 2598 485 2643 eo
498 2577 677 2644 consistere
690 2576 857 2657 dicerent,
882 2577 973 2659 quod
986 2598 1003 2642 a
1015 2593 1131 2642 natura
1142 2577 1375 2660 praescribitur
1385 2577 1407 2641 ⁶.

235 2690 333 2754 Unde
366 2704 399 2753 et
429 2703 578 2755 auctores
610 2689 759 2772 plerique
792 2689 923 2755 honesti
956 2689 1088 2758 nomine
1117 2691 1171 2772 jus
1206 2707 1272 2753 non
1296 2688 1409 2767 aliud,

235 2821 334 2882 quam
358 2800 442 2866 illud
465 2800 611 2866 omnium
635 2819 808 2866 commune
832 2799 1042 2885 intelligunt:
1064 2820 1131 2881 quo
1155 2799 1296 2883 pertinet
1320 2799 1411 2881 quod

237 2933 253 2977 a
277 2911 670 2994 sapientibus⁷traditum
694 2926 764 2992 est,
789 2932 857 2976 eam
882 2929 951 2976 esse
974 2911 1041 2977 vim
1060 2911 1214 2993 honesti,
1239 2925 1276 2976 ut
1292 2925 1410 2994 sponte

237 3043 274 3088 ac
297 3043 354 3105 per
377 3043 411 3087 se
435 3038 467 3088 et
491 3023 584 3105 quasi
607 3024 799 3089 naturaliter
823 3037 1002 3106 expetatur.
1028 3023 1138 3109 Quare
1151 3044 1225 3088 cum
1237 3024 1409 3104 probatum

239 3134 282 3201 sit
311 3135 366 3219 jus
399 3149 436 3200 ut
457 3134 556 3214 belli,
578 3134 623 3199 ita
651 3135 788 3217 praedae
812 3156 851 3200 ex
875 3134 1016 3202 naturali
1039 3135 1197 3201 instinctu
1221 3133 1410 3217 proficisci,

240 3245 298 3328 qui
327 3247 436 3344 Deum
470 3247 577 3328 ipsum
609 3246 728 3312 habeat
759 3260 950 3326 auctorem,
978 3244 1122 3328 factique
1145 3246 1242 3312 istius
1263 3246 1410 3328 aequitas

238 3379 277 3423 ex
302 3358 387 3442 juris
419 3373 553 3424 naturae
588 3358 803 3443 gentiumque
838 3357 1008 3441 principiis
1044 3360 1229 3438 elucescat,
1263 3358 1410 3440 profecto

239 3471 335 3554 cujus
365 3489 561 3551 quemquam
594 3471 716 3554 pudere
749 3470 865 3535 debeat
904 3469 988 3536 nihil
1020 3470 1073 3535 hic
1104 3455 1282 3537 inveiritur.
1336 3469 1410 3554 Ego
1423 3498 1545 3554 aarum..

238 3602 316 3648 vero
337 3600 404 3646 non
425 3581 523 3647 modo
543 3601 609 3647 non
631 3582 860 3662 inhonestam,
882 3583 940 3648 sed
960 3596 991 3646 et
1010 3601 1214 3664 summopere
1236 3581 1409 3666 gloriosam
1423 3552 1457 3597 Π·

239 3712 310 3760 esse
333 3692 427 3758 istam
449 3713 556 3758 rerum
579 3694 751 3759 hostilium
780 3708 812 3758 et
836 3709 1000 3776 capturam
1021 3709 1053 3758 et
1071 3694 1312 3777 possessiouem
1336 3712 1409 3757 cum

239 3804 360 3886 quovis
383 3804 587 3870 contendam.
612 3805 699 3868 Nam
724 3804 782 3885 qui
806 3804 846 3869 de
870 3804 1009 3869 honesto
1022 3805 1154 3887 proprie
1165 3804 1409 3886 scripserunt⁸,

274 4043 379 4092 ¹Arist.
405 4043 436 4089 de
459 4039 552 4089 morib.
577 4039 623 4087 lib.
649 4052 671 4096 5.
687 4054 710 4088 c.
733 4052 756 4096 3.
775 4053 807 4088 ex
823 4040 905 4089 veteri
924 4051 1009 4100 poeta.
1028 4038 1065 4103 [p.
1084 4053 1155 4102 1129.
1173 4041 1197 4088 b.
1213 4054 1250 4090 vs.
1267 4041 1319 4103 29.]
1356 4038 1410 4089 ²111

141 4157 142 4161 =
240 4134 298 4183 dial.
317 4133 460 4182 Alcibiade.
494 4130 603 4179 ³Arist.
621 4133 696 4179 Rhet.
715 4132 739 4179 d.
757 4133 827 4180 loco.
847 4129 885 4194 [p.
907 4131 978 4189 1367.
998 4144 1019 4178 a.
1038 4145 1076 4180 vs.
1098 4131 1149 4192 19.]
1185 4130 1410 4180 ⁴Cic.Tusc.lib.

241 4237 263 4280 5.
298 4224 308 4256 ⁵
327 4227 344 4274 l.
362 4238 415 4273 non
432 4237 506 4271 omne
522 4225 593 4283 quod
609 4223 679 4271 licet.
695 4222 722 4270 ff.
740 4224 772 4271 de
791 4225 823 4270 R.
839 4224 860 4270 I.
880 4223 924 4283 [D.
941 4235 980 4278 50·
997 4235 1035 4280 17.
1055 4222 1123 4283 144]
1143 4222 1199 4271 Cic.
1212 4236 1259 4282 pro
1275 4224 1303 4270 L.
1314 4224 1410 4271 Corne-

240 4315 277 4362 lio
296 4315 383 4362 Balbo.
417 4313 502 4363 ⁶Cic.
525 4315 606 4362 Acad.
629 4314 675 4361 lib.
701 4327 722 4362 1.
747 4325 772 4363 et
793 4316 824 4362 de
847 4316 911 4374 legg.
932 4313 977 4362 lib.
1006 4327 1027 4361 1.
1046 4312 1151 4377 [c.46.]
1172 4325 1196 4363 et
1215 4315 1246 4362 de
1263 4313 1306 4361 off.
1323 4315 1368 4362 lib.
1390 4329 1411 4363 1.

243 4405 279 4466 [c.
303 4407 352 4466 14.]
389 4403 400 4438 ⁷
417 4405 495 4454 Arist.
510 4406 586 4453 Rhet.
611 4407 635 4454 d.
649 4408 716 4453 loeo.
740 4406 866 4467 [p.1366.
887 4420 908 4453 a.
925 4419 963 4454 vs.
983 4405 1035 4466 34.]
1056 4405 1113 4454 Cic.
1129 4406 1160 4453 de
1181 4403 1252 4454 finib.
1267 4405 1313 4453 lib.
1332 4418 1355 4462 3.
1376 4405 1412 4470 [c.

245 4508 284 4543 11.
303 4498 323 4553 §-
342 4495 393 4559 36.]
430 4497 441 4528 ⁸
459 4497 540 4545 Arist.
557 4499 581 4545 d.
597 4499 666 4547 loco.
685 4495 723 4560 [p.
742 4497 813 4555 1366.
828 4497 854 4545 b.
872 4511 910 4546 vs.
926 4495 961 4559 3.]
