3546 5654
538 682 586 734 DE
609 683 702 749 Juuu
728 681 912 732 PRAEDAE.
937 683 1017 732 CAP.
1040 682 1106 731 XII.
1343 685 1405 748 247

240 853 376 916 naturae
397 837 441 906 sit
460 835 620 906 contraria
640 851 673 906 et
691 836 780 904 omni
800 837 968 905 hominum
985 838 1094 922 generi
1107 837 1408 924 noxia‚jusfacere

240 969 307 1018 non
331 964 450 1034 potest.
496 949 625 1017 Deinde
656 948 709 1014 illa
733 949 861 1015 coactio
884 950 1016 1016 durasse
1039 949 1154 1016 debuit
1175 970 1234 1034 per
1255 965 1407 1033 tempus,

237 1063 335 1146 cujus
355 1061 441 1130 initii
461 1081 528 1126 non
547 1075 654 1128 exstet
671 1061 826 1130 memoria
847 1069 877 1130 ¹:
902 1060 937 1128 id
956 1082 1036 1128 vero
1056 1076 1182 1131 tantum
1202 1061 1279 1126 hinc
1298 1062 1406 1142 abest,

237 1188 338 1238 utne
361 1187 493 1240 centum
517 1172 650 1253 quidem
672 1171 749 1240 anni
773 1173 935 1255 exierint,
969 1193 1008 1240 ax
1032 1193 1100 1254 quo
1123 1187 1192 1240 tota
1216 1171 1284 1238 fere
1306 1192 1407 1257 nego·

236 1283 332 1349 tiatio
365 1284 477 1350 Indica
508 1303 607 1366 penes
639 1283 787 1350 Venetos
828 1283 893 1349 fuit
932 1304 990 1368 per
1023 1285 1262 1350 Alexandrinas
1293 1286 1407 1369 trajec÷

242 1395 349 1461 tiones
369 1395 390 1460 ².
437 1394 563 1462 Debuit
595 1395 690 1462 ctiam
715 1395 788 1462 talis
813 1413 883 1462 esse
906 1395 1056 1477 coactio,
1092 1395 1146 1461 cui
1169 1396 1407 1464 restitum-non

238 1507 293 1571 sit.
341 1507 388 1572 At
418 1505 608 1575 restiterunt
629 1505 719 1572 Galli
743 1521 775 1572 et
798 1507 898 1590 Angli
933 1507 1055 1589 aliique
1075 1507 1098 1574 ³.
1145 1508 1265 1598 Neque
1289 1507 1408 1574 sufficit

237 1617 367 1699 aliquos
400 1635 469 1686 esse
501 1632 655 1698 coactos,
689 1617 746 1685 sed
776 1633 813 1684 ut
844 1638 956 1686 omnes
987 1619 1094 1684 coacti
1117 1619 1183 1685 sint
1204 1619 1407 1700 requiritur,

236 1748 310 1794 cum
334 1749 392 1811 per
412 1749 513 1796 unum
534 1749 599 1796 non
619 1744 768 1800 coactum
789 1744 938 1796 servetur
957 1729 990 1796 in
1010 1750 1105 1796 causa
1125 1729 1291 1796 communi
1310 1730 1407 1798 liber-

236 1840 313 1906 tatis
335 1839 513 1922 possessio.
561 1841 687 1908 Arabes
709 1855 818 1908 autem
847 1856 877 1909 et
901 1841 1054 1909 Sinenses
1078 1862 1095 1907 a
1119 1842 1260 1908 saeculis
1280 1841 1408 1923 aliquot

235 1951 385 2018 adhunc
420 1951 505 2018 diem
528 1967 785 2035 perpetuorum
809 1951 899 2020 Indis
922 1954 1141 2037 negotiantur.
1188 1953 1283 2018 Nihil
1307 1953 1408 2038 igitur

233 2062 367 2145 prodest
390 2062 451 2130 ista
474 2062 656 2146 usurpatio.
681 2063 733 2132 Ex
754 2062 807 2132 bis
828 2085 912 2146 quae
932 2064 1018 2130 dicta
1031 2079 1109 2130 sunt
1120 2064 1199 2132 satis
1210 2064 1407 2147 perspicitur

236 2194 349 2240 eorum
373 2194 465 2242 caeca
489 2175 653 2254 aviditas,
678 2174 737 2256 qui
761 2195 802 2239 nc
826 2195 1024 2257 quemquam
1046 2176 1079 2242 in
1103 2190 1225 2258 partem
1248 2175 1332 2240 lucri
1351 2175 1407 2240 ad·

234 2284 386 2366 mittant,
419 2286 486 2352 illis
516 2285 698 2352 rationibus
727 2285 961 2352 conscientiam
984 2306 1076 2352 suam
1099 2288 1226 2369 placare
1249 2287 1407 2366 student,

237 2415 320 2478 quas
351 2396 414 2478 ipsi
446 2396 593 2480 magistri
626 2396 872 2478 Hispanorum,
906 2396 1022 2477 quiin
1047 2397 1157 2462 eadem
1190 2413 1267 2462 sunt
1290 2416 1406 2478 causa,

236 2505 424 2574 manifestae
447 2507 602 2574 vanitatis
625 2507 829 2578 convincunt
848 2506 869 2572 ⁴.
915 2507 1039 2573 Omnes
1063 2508 1145 2573 enim
1171 2508 1286 2590 quiin
1310 2509 1407 2574 rebus

236 2617 358 2684 Indicis
378 2633 578 2700 usurpantur
597 2620 722 2685 colores
743 2619 863 2703 injuste
883 2619 1023 2702 captari,
1047 2635 1204 2701 quantum
1229 2620 1309 2703 ipsis
1329 2619 1408 2685 licet

236 2731 315 2795 satis
348 2730 513 2809 innuunt,
546 2729 737 2810 adduntque
769 2750 947 2812 numquam
980 2751 1047 2798 earn
1078 2752 1144 2797 rem
1167 2732 1252 2797 serio
1278 2731 1407 2796 theolo-

238 2833 354 2925 gorum
377 2841 525 2906 examine
548 2841 726 2923 probatam.
762 2842 820 2906 llla
843 2862 923 2907 vero
937 2844 1069 2923 querela
1082 2842 1163 2923 quid
1175 2857 1225 2907 est
1236 2842 1405 2924 iniquius,

238 2953 330 3034 quod
362 2952 478 3017 dicunt
508 2951 661 3018 Lusitani
694 2967 851 3032 quaestus
883 2972 961 3018 suos
991 2952 1154 3018 exhauriri
1177 2953 1271 3036 copia
1295 2968 1407 3019 contra

237 3063 436 3130 licentium?
482 3063 570 3129 Inter
591 3063 767 3130 certissima
788 3065 872 3130 enim
901 3064 986 3148 juris
1008 3065 1176 3130 enuntiata
1200 3079 1266 3146 est,
1290 3085 1349 3130 nec
1373 3066 1406 3130 in

237 3175 314 3241 dolo
342 3195 416 3240 eum
439 3175 586 3256 versari,
608 3195 667 3240 nec
699 3174 847 3241 fraudem
880 3175 1007 3256 facere,
1033 3197 1073 3241 ne
1097 3177 1249 3241 damnum
1273 3176 1406 3257 quidem

235 3286 326 3353 alteri
349 3285 423 3350 dare
443 3286 569 3365 videri,
593 3287 652 3368 qui
671 3287 744 3370 jure
765 3308 826 3354 suo
847 3287 953 3352 utitur
971 3295 1001 3352 ⁶:
1026 3288 1117 3369 quod
1136 3286 1273 3352 maxime
1291 3307 1405 3352 verum

235 3411 305 3476 est,
329 3396 356 3463 si
379 3417 445 3463 nou
468 3412 505 3462 ut
526 3398 617 3462 alteri
638 3413 816 3480 noceatur,
841 3399 899 3466 sed
917 3419 984 3463 ram
1005 3418 1096 3465 suam
1116 3399 1255 3482 augendi
1276 3399 1405 3479 animo,

236 3509 402 3590 quidpiam
425 3507 511 3576 fiat⁸.
536 3509 656 3592 Inspici
676 3509 762 3576 enim
782 3510 879 3576 debet
895 3510 931 3574 id
942 3510 1032 3591 quod
1042 3509 1265 3594 principaliter
1275 3510 1406 3594 agitur,
1440 3493 1444 3504 ’

236 3639 302 3688 non
322 3620 414 3701 quod
433 3621 635 3688 extrinsecus
655 3622 688 3686 in
709 3621 975 3703 consequentiam
995 3620 1120 3688 venit⁷.
1144 3622 1214 3688 Imo
1234 3622 1260 3686 si
1276 3621 1407 3704 proprie

269 3889 371 3951 ¹Vasq.
388 3891 412 3938 d.
430 3892 500 3937 loco.
518 3902 594 3938 n.11.
620 3888 796 3939 ’Guicciard
806 3893 823 3938 l.
835 3904 872 3953 19.
883 3891 972 3940 histor.
999 3889 1148 3950 ⁸v.snpra.
1174 3888 1278 3950 ⁴Vasq.
1288 3902 1407 3940 controv.

235 3981 272 4032 iil.
296 3995 319 4030 c.
344 3995 382 4030 ro.
408 3994 432 4028 n.
452 3981 666 4041 10.Vict.parte
686 3996 707 4029 r.
723 3983 754 4030 de
772 3982 850 4030 Indis.
867 3984 915 4029 rel.
936 3994 956 4028 1.
974 3994 999 4028 n.
1019 3993 1042 4038 s.
1075 3979 1121 4026 ⁶1.
1140 3979 1179 4027 sin
1199 3992 1290 4029 autem.
1308 3985 1329 4038 5.
1346 3995 1406 4042 pen.

234 4073 260 4124 ff.
278 4075 309 4122 de
327 4073 365 4132 rei
383 4072 454 4121 vind.
476 4070 519 4135 [D.
537 4072 561 4120 6.
583 4085 603 4120 1.
623 4073 676 4133 27.]
696 4075 713 4129 t.
731 4072 824 4125 nullius
843 4072 954 4122 videtur.
969 4070 995 4119 ff.
1011 4073 1044 4126 de
1059 4085 1111 4130 rep„
1129 4069 1176 4127 int.
1192 4072 1237 4133 [D.
1246 4084 1285 4127 50·
1303 4084 1341 4130 η.
1352 4073 1403 4146 sp]

234 4167 251 4211 l.
274 4164 339 4212 illud
364 4174 474 4212 constat.
492 4162 518 4210 ff.
537 4163 646 4222 quaein
665 4163 696 4210 fr.
715 4164 784 4211 cred.
804 4161 847 4225 [D.
865 4157 907 4222 42.
925 4165 947 4210 8.
966 4160 1016 4224 13.]
1037 4164 1055 4208 l.
1074 4161 1211 4210 fluminum.
1227 4165 1249 4220 §-
1268 4164 1313 4210 ult.
1331 4162 1356 4211 ff.
1373 4166 1405 4212 de

235 4257 318 4304 damn.
346 4255 391 4302 inf.
417 4252 462 4317 [D.
480 4267 522 4316 39.
542 4267 565 4302 a.
586 4254 638 4316 24.]
658 4257 675 4300 1.
691 4267 766 4302 nemo
791 4255 916 4302 damnum.
933 4252 959 4300 ff.
975 4255 1072 4313 dereg.
1089 4251 1137 4309 jur.
1155 4252 1198 4313 [D.
1215 4265 1255 4308 50.
1276 4265 1315 4310 ιγ.
1336 4255 1403 4316 rso]

235 4347 301 4394 Bart.
327 4345 353 4393 in
381 4347 398 4393 1.
422 4359 443 4399 1.
465 4359 491 4392 n.
516 4357 539 4400 5.
565 4345 590 4392 ff.
617 4347 649 4393 de
667 4344 823 4394 fluminibus.
843 4345 887 4406 [D.
905 4357 946 4405 43.
967 4343 1017 4408 12.]
1038 4345 1119 4392 Castr.
1136 4343 1163 4392 in
1177 4346 1195 4391 1.
1212 4344 1234 4391 si
1250 4344 1307 4392 tibi.
1325 4347 1354 4393 C·
1373 4347 1405 4395 dt

235 4437 324 4486 servit.
343 4438 385 4498 [C.
405 4450 428 4494 3.
446 4449 485 4498 54.
505 4435 556 4500 10.]
591 4435 638 4486 ⁶1.
658 4451 678 4485 1.
697 4440 719 4495 §-
731 4435 847 4497 denique.
863 4435 888 4484 ff.
905 4438 937 4490 de
954 4449 1017 4496 aqua
1032 4446 1057 4482 et
1075 4447 1115 4493 aq.
1131 4435 1202 4494 plur.
1222 4432 1265 4496 [D.
1284 4447 1325 4496 39.
1341 4448 1365 4493 3.
1384 4450 1405 4484 1.

236 4531 258 4586 §-
274 4526 326 4592 23.]
362 4525 373 4562 ⁷
391 4528 421 4574 V.
443 4529 518 4587 Vasq.
543 4539 662 4577 controv.
681 4541 727 4576 usu
745 4527 810 4587 freq.
830 4541 852 4576 c.
875 4541 945 4588 4,.11.
969 4539 992 4584 a.
1012 4537 1039 4582 et
1059 4539 1115 4585 aeq.
