3552 5654
333 665 339 673 “
368 695 410 760 94
662 690 709 740 on
733 688 827 759 June
854 689 1248 744 rannona.cnn.v111.

367 849 530 932 sit:'quia
561 849 618 916 vix
650 864 699 917 est
727 863 765 914 ut
795 846 907 932 justus
932 848 1051 915 modus
1074 865 1231 917 servetur.
1277 852 1363 919 Nam
1385 852 1476 933 fere,
1500 865 1538 920 ut

366 961 455 1044 apud
485 962 639 1027 Senecam
662 974 671 1007 ¹
693 974 765 1040 est,
793 978 859 1026 non
885 959 911 1024 it
933 959 991 1025 sed
1010 959 1138 1043 agitur,
1163 960 1221 1043 qui
1243 981 1310 1030 non
1333 964 1463 1030 mandat
1479 967 1537 1030 ul—

365 1071 512 1153 tionem,
544 1071 602 1138 sed
630 1071 701 1155 ipse
735 1072 807 1156 ejus
841 1086 971 1137 exactor
993 1070 1099 1136 animo
1124 1071 1221 1138 simul
1243 1093 1280 1140 ac
1302 1095 1400 1142 manu
1423 1074 1536 1142 saevit.

366 1184 511 1267 Ideoque
542 1181 733 1266 Principes,
773 1181 831 1266 qui
865 1181 1045 1248 constituto
1073 1182 1272 1266 judiciorum
1302 1185 1439 1267 ordine,
1474 1185 1536 1253 soli

366 1295 429 1360 nisi
458 1315 517 1379 per
545 1313 579 1360 se
610 1293 768 1362 vindicari
800 1313 866 1360 non
900 1307 1063 1377 possunt,
1087 1293 1252 1361 admoneri
1272 1297 1401 1377 solent,
1425 1311 1463 1362 ut
1485 1297 1536 1361 ul·

364 1407 488 1474 tionem
518 1405 705 1489 impendant
735 1423 802 1471 non
833 1404 946 1471 dolore
978 1403 1035 1468 sed
1064 1406 1212 1488 exemplo
1235 1401 1260 1474 ³.
1302 1407 1406 1493 Quod
1427 1421 1535 1472 autem

365 1503 453 1584 nunc
475 1532 524 1583 est
547 1515 580 1582 in
607 1514 817 1599 Principibus
850 1513 923 1580 ideo
948 1514 1025 1596 quia
1045 1515 1100 1598 jus
1123 1516 1219 1582 civile
1242 1516 1276 1580 in
1298 1515 1409 1599 aliquo
1422 1517 1536 1583 debuit

365 1629 535 1708 desinere,
567 1627 601 1692 id
627 1627 661 1693 in
683 1626 822 1711 singulis
844 1626 922 1691 olim
943 1621 1048 1692 fuisse
1068 1625 1151 1692 ratio
1174 1627 1331 1694 naturalis
1351 1627 1533 1710 persuadet.

365 1740 411 1808 Et
440 1740 532 1823 quod
562 1752 635 1804 ante
663 1737 787 1822 iudicia
815 1736 904 1817 fuit,
936 1735 1022 1802 idem
1053 1737 1114 1803 erit
1134 1737 1270 1822 judiciis
1293 1739 1413 1821 quovis
1436 1739 1534 1805 modo

365 1851 525 1933 sublatis,
549 1849 673 1917 ratione
694 1848 760 1914 loci
782 1863 839 1914 aut
856 1847 1023 1930 temporis.
1068 1849 1143 1915 Nec
1163 1849 1253 1915 aliud
1272 1849 1352 1916 mihi
1372 1865 1534 1933 spectasse

364 1963 540 2044 videntur,
574 1960 632 2044 qui
663 1958 871 2026 crediderunt
893 1973 1090 2042 tyrannum,
1114 1960 1178 2025 hoc
1208 1961 1259 2026 'est
1289 1961 1373 2045 juris
1393 1961 1534 2044 judicio·

364 2093 503 2155 rumque
526 2088 771 2156 oppressorem,
795 2089 813 2133 a
835 2067 972 2152 privatis
994 2084 1081 2135 recte
1103 2068 1256 2138 interfici.
1281 2072 1319 2136 In
1342 2091 1440 2154 quam
1462 2091 1534 2137 sen·

363 2183 497 2251 tentiam
522 2183 707 2250 Stoicorum
735 2177 890 2264 placitum
913 2179 1015 2263 accipi
1046 2195 1178 2263 potest,
1211 2181 1269 2264 qui
1297 2183 1453 2249 affirmant
1484 2202 1533 2248 sa·

363 2295 504 2379 pientem
538 2313 717 2376 numquam
753 2309 823 2357 esse
856 2291 1045 2375 privatum,
1085 2291 1177 2374 quod
1209 2292 1350 2358 Nasicae
1384 2296 1533 2376 exemplo

364 2405 500 2472 Tullius
517 2411 529 2446 ³
547 2405 682 2488 probat:
714 2423 782 2485 quo
816 2416 849 2469 et
878 2402 1072 2469 Horatius*
1095 2403 1227 2486 respicit
1259 2403 1293 2469 in
1317 2403 1471 2470 Carmine
1492 2405 1534 2470 ad

363 2515 528 2581 Lollium:
563 2514 746 2600 consulque
779 2534 843 2579 non
877 2517 975 2578 unius
1011 2515 1094 2578 anni
1105 2559 1117 2593 ,
1152 2528 1184 2580 et
1215 2534 1299 2596 quae
1333 2530 1530 2597 sequuntur.

363 2628 437 2710 Ipse
458 2624 553 2691 etiam
574 2624 771 2690 Plutarchus
788 2634 820 2703 ⁸,
844 2642 1041 2706 quamquam
1065 2624 1199 2690 alterius
1221 2624 1387 2707 familiae,
1411 2625 1444 2691 in
1472 2627 1532 2692 hac

361 2752 452 2823 parte
483 2756 550 2802 non
583 2735 756 2803 dissentit:
789 2733 848 2802 sed
878 2733 986 2800 virum
1020 2733 1148 2800 civilem
1182 2735 1223 2800 ab
1250 2736 1321 2820 ipsa
1349 2751 1464 2802 natura
1486 2736 1532 2803 ait

362 2848 584 2933 magistratum
622 2845 784 2931 designari
823 2860 856 2911 et
893 2843 1025 2927 quidem
1073 2860 1290 2928 perpetuum,
1341 2866 1532 2930 semperque

362 2964 466 3045 legem
497 2958 527 3024 ei
558 2957 775 3042 principatum
810 2954 960 3037 deferre,
996 2955 1054 3038 qui
1077 2970 1150 3040 agat
1168 2959 1280 3042 justa,
1310 2957 1397 3023 notit
1420 2958 1532 3024 utilia:

361 3090 471 3152 neque
501 3089 574 3134 eum
606 3081 713 3133 tamen
744 3067 804 3131 hac
838 3079 997 3148 potestate
1031 3085 1192 3149 usurum,
1215 3067 1279 3134 nisi
1301 3087 1375 3134 cum
1398 3068 1534 3152 perfidia

363 3196 421 3247 aut
443 3178 591 3246 socordia
611 3196 746 3257 eorum,
770 3175 829 3257 qui
847 3175 979 3259 publica
997 3177 1108 3243 munia
1127 3197 1167 3244 ex
1185 3177 1341 3263 suffragio
1360 3179 1533 3262 obtinent,

362 3312 428 3356 rem
452 3292 485 3357 in
509 3289 692 3374 periculum
715 3285 861 3353 adduxit.
907 3288 1028 3354 Caesar
1050 3292 1085 3369 ⁸,
1118 3288 1145 3354 is
1178 3289 1237 3373 qui
1259 3304 1373 3373 postea
1395 3291 1534 3356 dictator

361 3402 449 3484 fuit,
472 3421 546 3467 cum
569 3400 718 3484 privatus
740 3397 915 3464 etiamnum
940 3413 1047 3480 esset,
1069 3400 1212 3483 piratas,
1235 3422 1254 3467 a
1275 3399 1398 3483 quibus
1418 3416 1532 3484 captus

363 3528 437 3579 ante
468 3511 598 3593 fuerat,
631 3512 734 3576 classe
776 3509 989 3575 tumultuaria
1011 3525 1200 3592 persecutus
1224 3526 1295 3592 est,
1319 3511 1532 3595 ipsorumque

363 3645 462 3692 naves
490 3622 607 3707 partim
636 3619 787 3706 fugavit,
818 3619 939 3703 partim
962 3620 1093 3687 mersit:
1117 3642 1258 3705 cumque
1277 3625 1453 3706 proconsul
1475 3643 1531 3688 ne-

362 3736 499 3821 gligeret
518 3730 830 3799 animadversionem
851 3729 885 3796 in
905 3730 1053 3813 captivos
1071 3747 1206 3815 sontes,
1230 3733 1299 3816 ipse
1318 3754 1373 3801 eos
1392 3732 1425 3799 in
1445 3754 1531 3799 mare

361 3846 477 3913 iterum
499 3849 621 3912 vectus
649 3842 773 3908 suffixit
797 3842 905 3908 cruci:
931 3841 1007 3926 quia
1030 3842 1156 3909 scilicet
1178 3858 1210 3909 et
1229 3843 1331 3928 judex
1353 3843 1531 3926 requisitus

361 3957 505 4024 officium
527 3975 592 4021 non
615 3953 778 4034 faciebat,
799 3968 832 4019 et
852 3951 885 4018 in
903 3952 983 4019 mari
1004 3953 1038 4018 id
1058 3955 1150 4019 nullo
1179 3954 1310 4037 piaculo
1338 3954 1408 4021 fieri
1437 3975 1533 4038 posse

360 4070 552 4150 videbatur,
577 4065 635 4133 ubi
656 4085 723 4133 non
744 4063 874 4149 scriptis
895 4065 1040 4150 legibus,
1065 4064 1123 4131 sed
1142 4065 1287 4151 gentium
1304 4068 1378 4152 iure
1396 4065 1532 4133 vivitur.

360 4273 555 4287 unum-—

395 4412 454 4460 ¹de
471 4410 508 4458 ira
524 4411 541 4457 1.
560 4418 583 4466 3.
602 4421 624 4455 c.
643 4418 667 4464 n.
701 4401 785 4454 ²Sen.
805 4407 837 4456 de
858 4408 932 4455 clem.
950 4408 968 4455 l.
987 4420 1008 4456 ι.
1025 4420 1048 4456 c.
1065 4420 1105 4456 ao.
1139 4406 1243 4458 8Τιιιι.
1260 4410 1278 4457 1.
1295 4405 1423 4471 4.[c.aa.
1441 4409 1462 4464 §.
1480 4404 1532 4469 su]

359 4501 437 4551 ⁴0d
461 4503 477 4549 1.
502 4514 526 4561 4.
551 4514 574 4562 9.
594 4499 645 4560 [vs.
665 4495 716 4561 ³9·]
753 4495 808 4545 'in
822 4509 906 4558 praec.
922 4497 998 4557 polit.
1017 4496 1056 4562 [p.
1075 4500 1131 4556 813.
1145 4511 1167 4546 c.
1181 4509 1207 4547 et
1220 4511 1246 4558 p.
1261 4501 1318 4556 817.
1332 4499 1355 4546 d.
1369 4496 1403 4560 c.]
1439 4495 1533 4544 “Veii

360 4595 455 4640 Patere.
473 4593 490 4640 l.
507 4605 529 4638 2.
547 4589 582 4652 [c.
595 4603 636 4651 42.
654 4591 676 4646 §-
691 4601 713 4635 ι.
725 4585 775 4650 sq.]
795 4589 860 4637 Plut.
879 4587 906 4636 in
921 4590 993 4637 Caes.
1013 4585 1051 4652 [p.
1067 4591 1124 4646 708.
1138 4602 1159 4636 a.
1171 4585 1194 4636 b.
1212 4586 1247 4652 c.]
