3546 5654
394 685 457 728 210
692 683 739 730 DE
763 683 857 749 June
884 682 1070 731 Pannona.
1097 685 1178 731 ent).
1203 685 1267 731 XII.

394 836 551 919 Hispanis
571 846 605 918 ¹,
640 837 810 920 improbus
844 852 943 919 atque
977 838 1097 920 impius
1132 851 1293 903 censetur.
1351 837 1503 904 Secundo
1538 839 1565 903 si

393 947 563 1012 Pontificis
582 948 764 1014 Alexandri
786 949 876 1014 Sexti
895 948 1059 1015 divisione
1079 963 1237 1030 utentur,
1262 963 1336 1014 ante
1357 950 1465 1015 omnia
1486 950 1567 1015 illud

394 1058 625 1126 attendendum
638 1074 709 1140 est,
732 1059 918 1136 volueritne
931 1059 1084 1126 Pontifex
1096 1060 1322 1125 contentiones
1333 1075 1457 1126 tantum
1469 1061 1569 1128 Lusi-

392 1183 542 1235 tanorum
562 1185 594 1235 et
615 1171 877 1236 Castellanorum
895 1170 1069 1250 dirimere,
1095 1170 1188 1252 quod
1205 1171 1316 1253 potuit
1327 1189 1402 1236 sane
1412 1186 1451 1236 ut
1460 1173 1566 1236 iectus

327 1317 330 1326 .
394 1280 478 1364 inter
505 1280 580 1346 ilios
608 1281 729 1347 arbiter
746 1280 781 1363 ²,
814 1281 902 1348 sicut
933 1296 966 1347 et
995 1281 1058 1364 ipsi
1080 1301 1173 1365 reges
1191 1282 1256 1366 jam
1280 1297 1352 1347 ante
1372 1282 1457 1348 inter
1476 1301 1510 1348 se
1531 1303 1567 1348 ea

394 1391 433 1455 de
456 1411 489 1456 re
511 1390 646 1458 foedera
678 1391 835 1474 quaedam
870 1391 1079 1476 pepigerant:
1113 1406 1145 1456 et
1177 1392 1241 1457 hoc
1276 1391 1304 1456 si
1328 1391 1372 1457 ita
1396 1407 1468 1472 est,
1492 1413 1565 1458 cum

394 1521 445 1568 res
473 1502 557 1568 inter
587 1501 668 1568 alios
688 1517 758 1568 acta
777 1503 842 1584 sit,
867 1503 908 1568 ad
927 1517 1071 1568 caeteras
1090 1517 1203 1586 gentes
1222 1523 1288 1568 non
1308 1503 1502 1587 pertinebit:
1526 1523 1566 1568 an

394 1632 473 1679 vero
504 1633 607 1696 prope
639 1614 788 1698 singulos
821 1611 935 1678 mundi
963 1612 1098 1678 trientes
1128 1613 1259 1679 duobus
1279 1614 1412 1697 populis
1434 1615 1565 1680 donare.

394 1723 496 1810 Quod
514 1722 574 1788 etsi
595 1724 757 1790 voluisset
777 1738 808 1788 et
827 1723 990 1805 potuisset
1010 1721 1186 1803 Pontifex,
1209 1742 1275 1788 non
1289 1739 1395 1790 tamen
1408 1724 1565 1790 continuo

396 1847 588 1916 sequeretur
619 1834 771 1900 dominos
804 1832 951 1898 Orientis
984 1852 1055 1899 esse
1089 1833 1291 1915 Lusitanos,
1325 1855 1398 1899 cum
1432 1834 1567 1900 donatio

396 1943 577 2010 dominium
603 1963 670 2011 non
698 1942 820 2023 faciat,
854 1943 912 2010 sed
940 1959 1053 2009 secuta
1084 1943 1268 2009 traditio·³:
1303 1965 1401 2026 quare
1435 1959 1467 2009 et
1489 1946 1567 2011 huic

394 2073 509 2120 causae
543 2054 710 2138 possessio
744 2055 876 2120 deberet
910 2055 1075 2120 accedere.
1123 2053 1212 2119 Tum
1246 2073 1326 2122 vero
1359 2055 1387 2120 si
1416 2057 1492 2138 quis
1512 2057 1566 2140 jus

395 2165 499 2248 ipsum
525 2167 595 2233 sive
619 2167 768 2234 divinum
790 2163 861 2231 sive
886 2166 1062 2230 humanum
1084 2166 1221 2232 scrutari
1240 2168 1349 2245 volet,
1374 2187 1440 2232 non
1460 2182 1567 2233 autem

395 2293 434 2338 ex
455 2275 628 2366 commodo
648 2295 710 2340 suo
731 2275 862 2356 metiri,
891 2274 987 2341 facile
1010 2276 1231 2359 deprehendet
1251 2276 1459 2343 donationem
1481 2279 1567 2362 ejus-

395 2384 483 2450 modi
507 2401 544 2450 ut
566 2385 612 2451 rei
636 2386 760 2453 alienae
783 2387 907 2452 nullius
931 2407 1000 2453 esse
1023 2387 1191 2453 momenti.
1237 2385 1505 2470 Disputationenr
1526 2388 1566 2452 de

393 2509 555 2576 potestate
593 2495 788 2578 Pontinus,
830 2499 894 2562 hoc
926 2511 976 2562 est
1007 2498 1154 2581 episcopi
1188 2499 1356 2564 Romanae
1390 2499 1566 2578 ecclesiae,

393 2604 448 2669 hic
475 2625 541 2671 non
569 2607 756 2691 aggrediar,
789 2628 849 2674 nec
877 2608 1057 2690 quidquam
1082 2627 1200 2691 ponam
1220 2608 1283 2674 nisi
1304 2629 1344 2674 ex
1363 2609 1565 2693 hypothesi,

394 2717 458 2781 hoc
482 2731 530 2784 est
553 2718 645 2800 quod
656 2718 856 2785 confitentur
868 2719 1017 2786 homines
1030 2720 1114 2785 inter
1128 2738 1184 2786 eos
1198 2719 1428 2800 eruditissimi,
1442 2719 1567 2801 quique

394 2827 572 2909 plurimum
591 2828 785 2896 Pontificiae
807 2830 958 2895 tribuunt
979 2830 1191 2910 auctoritati,
1214 2830 1354 2895 maxime
1376 2830 1516 2913 Hispani
1535 2832 1566 2894 *ε

396 2939 454 3019 qui
475 2958 548 3004 cum
568 2959 629 3023 pro
649 2960 707 3007 sua
726 2941 924 3024 perspicacia
936 2939 1030 3006 facile
1042 2940 1381 3007 viderentDominurn
1396 2941 1566 3007 Christum

396 3067 491 3114 omne
512 3069 530 3114 a
552 3069 588 3115 se
610 3064 772 3116 terrenum
801 3050 973 3134 imperium
1006 3051 1194 3132 abdicasse,
1218 3052 1332 3117 mundi
1355 3066 1440 3117 certe
1464 3051 1566 3118 totius

396 3159 598 3240 dominium,
631 3180 695 3242 qua
729 3163 829 3227 homo
863 3161 947 3242 fuit,
973 3180 1039 3228 non
1063 3162 1242 3242 habuisse,
1267 3177 1300 3227 et
1323 3161 1350 3228 si
1374 3163 1566 3242 habuisset,

395 3270 494 3334 nullis
518 3285 624 3335 tamen
647 3272 846 3355 argumentis
868 3273 969 3338 astrui
992 3292 1111 3356 posse,
1133 3273 1188 3357 jus
1212 3273 1296 3338 iilud
1320 3273 1353 3338 in
1366 3273 1498 3338 Petrum
1511 3288 1568 3338 aut

395 3380 575 3444 Romanam
606 3381 772 3449 ecclesiam
800 3383 924 3450 vicario
946 3386 1020 3469 jure
1040 3385 1253 3463 translatum,
1278 3404 1352 3450 cum
1373 3383 1452 3448 alias
1471 3383 1566 3448 etiam

395 3505 518 3556 certum
552 3491 596 3557 sit
624 3495 727 3578 multa
762 3493 932 3560 Christum
956 3494 1136 3575 habuisse,
1160 3494 1194 3559 in
1218 3515 1302 3576 quae
1325 3493 1479 3560 Pontifex
1501 3513 1568 3560 non

394 3603 585 3667 successerit
604 3601 639 3683 ⁵,
672 3603 832 3687 intrepide
865 3605 1084 3685 affirmarunt,
1120 3605 1213 3688 (utar
1245 3604 1390 3688 ipsorum
1413 3603 1567 3688 verbis),

393 3711 587 3778 Pontificem
615 3734 681 3779 non
710 3733 781 3780 esse
810 3715 977 3782 dominum
1008 3715 1139 3782 civilem
1159 3730 1216 3780 aut
1234 3718 1443 3798 temporalem
1463 3715 1567 3780 totius

395 3823 484 3891 orbis
503 3827 534 3888 ⁶:
567 3825 632 3892 imo
668 3826 763 3892 etiam
786 3827 814 3893 si
838 3847 935 3909 quam
960 3829 1056 3893 talem
1079 3841 1276 3910 potestatem
1301 3826 1334 3892 in
1358 3827 1482 3892 mundo
1508 3827 1567 3890 ha·

395 4016 586 4028 Μ..

429 4135 486 4182 ¹V.
504 4137 579 4194 Vasq.
604 4135 629 4181 in
654 4136 758 4194 praefat.
776 4147 800 4180 n.
820 4146 842 4188 5.
877 4131 935 4180 2V.
955 4133 1082 4181 Osorium.
1117 4133 1206 4182 ³*lnst.
1225 4136 1256 4182 de
1274 4147 1321 4181 rer.
1341 4133 1393 4181 div.
1412 4136 1433 4190 §-
1452 4146 1499 4192 per
1516 4144 1565 4179 tra-

394 4225 527 4273 ditionem.
556 4224 587 4288 [Ι.
612 4239 635 4272 2.
660 4239 680 4272 1.
705 4229 728 4282 §-
751 4225 805 4285 40.]
840 4223 930 4272 ⁴Luc.
958 4238 995 4272 12.
1024 4239 1062 4285 14.
1080 4227 1138 4286 Joh.
1160 4227 1197 4272 18.
1217 4225 1256 4280 36.
1275 4224 1342 4271 Vict.
1362 4223 1480 4271 deludis
1499 4237 1524 4282 p.
1545 4237 1567 4271 1.

394 4330 419 4364 n.
444 4329 484 4372 25.
517 4315 527 4346 ⁵
552 4316 619 4364 Vict.
643 4315 688 4363 ibi.
712 4329 736 4362 n.
765 4328 805 4372 27.
839 4316 898 4363 ὃν.
916 4317 991 4375 Vasq.
1011 4317 1099 4362 Contr.
1119 4315 1195 4362 ilhc.
1214 4315 1344 4362 21.Turr.
1364 4315 1446 4361 Crem.
1465 4316 1482 4360 1.
1502 4327 1525 4360 2.
1544 4326 1566 4360 c.

397 4420 452 4463 113.
474 4408 556 4466 Hug0.
581 4407 621 4466 69.
646 4406 704 4454 dist.
728 4419 785 4454 eum
811 4407 841 4454 ad
865 4419 962 4454 verum.
988 4408 1063 4453 Bem.
1088 4405 1115 4452 in
1140 4407 1156 4452 l.
1184 4403 1567 4463 a.adEug.Vict.de1ndis.

395 4510 420 4555 p.
443 4511 463 4544 t.
481 4511 506 4544 n.
524 4511 564 4556 αῖ.
583 4499 687 4545 Covarr.
707 4496 732 4543 in
750 4510 772 4543 c.
790 4508 932 4556 peccatum.
951 4499 972 4554 §-
991 4509 1016 4557 9.
1035 4509 1059 4543 n.
1079 4508 1102 4552 7.
