3536 5692
535 658 582 705 or
606 659 699 725 June
725 658 908 706 rnnronrr.
934 659 1013 705 cnr.
1038 659 1098 704 xv.
1142 686 1146 694 ·
1339 659 1400 723 337

227 829 321 897 capta
343 815 387 878 ita
406 815 493 897 juste
518 812 721 893 retinentur,
747 827 784 878 ut
807 813 841 878 in
859 812 1112 879 controversiam
1132 812 1218 878 trahi
1238 831 1304 878 non
1324 833 1401 896 pos-

225 926 300 991 sint.
354 925 524 990 Praeterea
554 923 622 988 suis
657 923 800 1005 quisque
833 923 988 1005 civibus,
1023 943 1089 989 non
1126 923 1309 1006 extraneis,
1342 945 1400 1008 per

225 1035 432 1119 repressalias
463 1034 626 1100 consulit:
659 1036 739 1100 haec
769 1049 877 1100 autern
907 1055 958 1100 res
984 1034 1025 1099 ad
1048 1034 1227 1100 Lusitanos
1247 1035 1399 1117 pertinet.

226 1148 327 1233 Quod
357 1146 385 1211 si
416 1146 558 1227 aliquem
592 1146 689 1212 nobis
725 1145 940 1229 proponimus
979 1144 1144 1210 addictum
1179 1145 1329 1228 Hispano
1369 1161 1402 1212 et

228 1258 285 1339 qui
307 1257 355 1322 illi
376 1257 484 1323 omnia
501 1257 630 1322 studeat
652 1256 826 1340 gratificari
839 1304 850 1337 ‚
863 1275 923 1321 nae
946 1257 1033 1337 apud
1055 1256 1147 1320 illurn
1167 1256 1311 1340 iudicem
1333 1276 1400 1322 non

228 1384 292 1433 tam
316 1369 452 1450 praedae
483 1367 674 1450 percepti0,
698 1386 795 1449 quam
816 1381 923 1432 sumta
944 1366 977 1431 in
1007 1366 1190 1449 Principem
1215 1387 1322 1449 arma,
1347 1369 1401 1432 In-

229 1481 302 1545 dica
323 1479 504 1563 negotiatio
527 1480 697 1560 multaque
720 1479 782 1543 alia
805 1478 902 1545 simul
933 1479 1052 1543 luenda
1083 1493 1139 1544 aut
1162 1479 1259 1544 simul
1288 1477 1402 1545 defen·

230 1591 334 1656 denda
355 1605 442 1655 sunt.
489 1591 575 1655 Nam
605 1590 741 1672 praedae
765 1589 931 1673 perceptio
963 1590 994 1653 in
1026 1603 1152 1655 tantum
1185 1604 1294 1673 potest
1317 1589 1401 1655 obli-

230 1723 327 1787 gare,
362 1702 476 1783 quanti
509 1703 626 1784 praeda
658 1716 729 1781 est,
762 1720 828 1766 non
859 1704 963 1767 ultra:
998 1701 1110 1783 itaque
1133 1703 1212 1767 haec
1236 1700 1401 1767 restitutio

229 1815 355 1878 lucrum
390 1813 510 1895 eripit,
544 1814 696 1878 damnum
730 1832 795 1880 non
828 1812 958 1896 infligit.
1025 1813 1237 1879 Caeterorum
1270 1827 1402 1892 autem,

229 1945 313 2006 quae
343 1924 470 1990 crimini
503 1924 688 2004 ducentur,
722 1923 849 1989 infinita
879 1924 940 1990 erit
969 1923 1161 1990 aestimatio.
1206 1925 1343 2008 Insuper
1366 1944 1403 1989 ea

229 2050 278 2100 est
299 2035 562 2117 repressaliarum
592 2050 730 2117 natura,
763 2049 801 2100 ut
819 2033 942 2099 factum
965 2035 1048 2100 civis
1069 2035 1247 2118 cujuslibet
1266 2036 1401 2100 alterum

229 2146 380 2227 quemvis
406 2146 550 2230 ejusdem
575 2145 774 2229 reipublicae
797 2146 1058 2227 comprehendat.
1105 2145 1201 2210 Nilril
1223 2145 1324 2229 igitur
1338 2147 1402 2211 hoc

228 2257 360 2323 nomine
392 2259 468 2340 plus
503 2257 567 2322 illis
602 2257 660 2339 qui
692 2272 815 2339 partem
846 2277 885 2321 ex
916 2257 1034 2339 praeda
1054 2255 1281 2338 perceperint,
1305 2277 1402 2338 quam

229 2368 377 2449 quinon
400 2368 623 2451 perceperint,
655 2369 866 2434 metuendum
901 2383 961 2433 est.
1019 2367 1172 2432 Praedam
1205 2368 1306 2451 igitur
1335 2386 1401 2433 non

228 2478 425 2562 agnoscendi
460 2480 549 2544 nulla
574 2493 623 2543 est
652 2479 745 2544 ratio.
792 2481 840 2544 At
861 2479 888 2543 si
913 2478 988 2560 quis
1011 2493 1164 2563 agnoscat
1187 2477 1320 2560 quidem
1344 2478 1402 2542 ali·

231 2603 415 2670 quatenus,
438 2590 497 2656 sed
519 2589 580 2655 alia
601 2590 751 2674 religioni
772 2605 829 2656 aut
849 2589 1018 2656 timiditati
1038 2610 1115 2657 suae
1139 2588 1280 2654 remedia
1301 2609 1400 2671 quae·

229 2720 300 2765 rere
331 2701 435 2782 velit,
468 2700 497 2764 is
530 2701 672 2785 geminet
702 2721 851 2767 errorem.
898 2701 999 2788 Quod
1027 2699 1110 2766 enim
1135 2700 1322 2784 agnoscitur
1344 2713 1401 2763 aut

229 2811 451 2893 retinendum,
475 2826 532 2877 aut
554 2810 813 2878 transferendum
849 2826 907 2877 est.
964 2811 1114 2877 Retineri
1145 2825 1251 2877 autem
1276 2810 1401 2893 duplici

230 2922 338 2988 animo
356 2936 488 3006 potest,
514 2937 571 2988 aut
590 2938 629 2988 ut
647 2922 822 3003 hostibus,
847 2923 1030 3004 exquibus
1056 2938 1186 3004 captum
1211 2935 1282 3003 est,
1306 2920 1401 2987 resti-

229 3048 364 3113 tuatur,
396 3048 454 3099 aut
486 3049 525 3100 ut
556 3053 614 3100 sua
649 3034 770 3116 cuique
794 3054 890 3101 causa
919 3033 1097 3117 sepositum
1122 3034 1175 3098 sit.
1221 3032 1400 3098 Veteribus

230 3144 371 3212 dominis
391 3145 483 3210 reddi
505 3146 596 3226 quod
616 3160 746 3228 captum
768 3161 816 3212 est
841 3164 901 3211 nec
922 3159 1056 3229 potest,
1080 3165 1139 3209 nec
1162 3145 1267 3210 debet.
1313 3144 1398 3209 Nam

230 3255 288 3320 ubi
323 3255 370 3319 illi
402 3255 638 3322 invenientur?
675 3258 730 3322 An
752 3256 837 3323 forte
858 3272 1063 3340 expectamus
1086 3271 1124 3323 ut
1151 3276 1190 3321 ex
1210 3256 1327 3336 India,
1344 3271 1402 3320 aut

230 3366 434 3450 Ulyssipone
464 3366 599 3432 veniant
621 3369 727 3434 hostis
747 3368 895 3449 subditi,
921 3369 978 3451 qui
1000 3389 1039 3433 ex
1059 3370 1132 3452 jure
1152 3388 1251 3433 manu
1270 3387 1400 3434 conser-

230 3491 322 3558 tum,
358 3492 395 3543 ut
424 3477 568 3558 dicitur,
592 3498 642 3544 res
665 3480 838 3561 repetant?
864 3481 913 3545 At
935 3478 983 3545 illi
1003 3480 1135 3562 quidem
1157 3499 1285 3546 omnem
1309 3499 1401 3545 recu·

230 3588 363 3672 perandi
395 3608 484 3671 spem
510 3591 678 3655 exanimo
700 3591 933 3674 projecerunt,
958 3605 996 3655 ut
1019 3592 1077 3672 qui
1101 3611 1134 3656 se
1154 3593 1257 3672 palam
1279 3589 1402 3655 fatean-

229 3714 284 3764 tur
314 3700 348 3764 id
380 3719 515 3781 passos,
551 3702 643 3782 quod
669 3703 724 3785 jus
756 3702 833 3766 belli
864 3702 960 3768 tulit:
993 3716 1104 3766 contra
1137 3715 1244 3765 autem
1269 3700 1400 3765 ridiculi

230 3824 330 3890 sunt,
364 3810 422 3891 qui
453 3811 492 3875 de
524 3831 562 3875 eo
594 3812 667 3895 jure
699 3813 892 3897 ambigunt,
916 3813 956 3877 de
980 3832 1046 3894 quo
1078 3831 1119 3877 ne
1140 3811 1246 3876 hostis
1269 3810 1400 3892 quidem

230 3921 486 3986 controversiam
518 3919 605 3987 facit.
662 3923 748 3989 Satis
780 3922 864 3990 enim
895 3937 983 4007 patet
1018 3943 1116 4001 eum,
1150 3921 1206 4003 qui
1231 3919 1401 3986 bonafide

229 4033 351 4097 bellum
374 4033 479 4116 gerit,
503 4033 544 4096 ad
564 4033 804 4099 restitutionem
829 4054 868 4098 ne
890 4034 923 4100 in
943 4031 1143 4099 conscientia
1164 4032 1296 4114 quidem
1318 4032 1401 4097 obli-

232 4141 312 4225 gari.
358 4143 477 4225 Neque
496 4164 574 4210 vero
598 4145 696 4210 debet
706 4144 771 4211 illis
784 4145 901 4227 praeda
914 4143 1066 4224 restitui,
1087 4143 1273 4209 utmaxime
1287 4144 1400 4226 possit.

231 4252 372 4317 Faciunt
388 4255 471 4320 enirn
493 4270 605 4321 contra
624 4256 698 4339 Jura
720 4271 753 4321 et
767 4258 964 4342 majestatem
984 4256 1099 4339 populi
1121 4269 1129 4301 ¹
1150 4255 1297 4335 violant,
1318 4275 1402 4336 quo-

232 4420 419 4432 -.—-.-.....

265 4500 273 4532 ¹
293 4502 309 4546 l.
325 4499 457 4560 cujusque.
473 4501 499 4549 ff.
516 4503 547 4549 ad
562 4504 578 4549 l.
594 4504 643 4565 Jul.
660 4502 719 4560 maj.
739 4503 783 4566 [D.
797 4507 838 4564 48.
856 4517 880 4565 4.
898 4503 935 4566 4.]
