3552 5654
535 623 581 682 pe
605 621 698 690 June
725 619 881 666 eurora.
906 619 986 666 cnr.
1009 621 1088 668 v111.
1284 601 1289 608 ’
1371 619 1412 684 97

287 779 389 867 Quod
420 775 538 844 Cicero
562 777 571 811 ¹
593 775 739 858 planius:
770 795 844 840 cum
878 777 945 840 sint
966 775 1030 841 duo
1048 794 1173 861 genera
1194 772 1414 854 decernendi,

242 911 343 956 unum
371 904 435 976 per
463 887 754 973 disceptationem,
787 885 933 950 alterum
958 899 1022 972 per
1042 888 1134 965 aim,
1157 884 1414 971 confugiendum

241 1001 290 1067 ad
302 1004 493 1087 posterius,
515 1002 543 1063 si
560 1000 613 1063 uti
635 997 797 1062 nonlicet
820 1001 997 1082 superiora.
1026 995 1244 1080 Thucydides
1259 1000 1275 1039 ³
1298 995 1411 1060 etiam:

240 1115 289 1181 erl
308 1116 356 1181 rio
373 1114 455 1187 ilaec
480 1115 592 1180 soora
617 1115 649 1178 oi
676 1109 793 1191 riparum
809 1113 846 1184 ὥς
865 1112 1065 1177 irr'riiraoiara
1085 1109 1166 1176 iiiut.
1201 1107 1243 1170 In
1263 1126 1335 1170 eum
1355 1107 1414 1191 qui

233 1222 403 1304 judicium
437 1223 585 1307 accipere
610 1232 759 1306 paratus
788 1222 854 1300 sit,
889 1219 985 1302 nefas
1018 1232 1056 1283 ut
1085 1221 1122 1282 in
1156 1217 1323 1298 injurium
1351 1219 1412 1283 iri.

244 1331 447 1409 Theodorici
467 1331 479 1366 ³
501 1331 597 1396 etiam
627 1329 710 1396 illud
738 1350 804 1397 non
835 1329 1014 1413 discrepat:
1045 1329 1239 1397 ueniendum
1269 1342 1348 1394 tunc
1369 1327 1417 1396 ad

244 1462 368 1523 arma,
390 1463 464 1507 cum
490 1441 593 1507 locum
624 1440 718 1527 apud
742 1441 976 1510 adversarium
988 1442 1131 1525 justitia
1152 1461 1215 1504 non
1232 1453 1341 1527 potest
1361 1459 1414 1504 rc·

239 1557 366 1641 perire.
411 1552 489 1638 Quo
517 1568 549 1618 et
577 1553 663 1619 illud
689 1573 730 1618 ex
760 1568 852 1636 parte
871 1567 1015 1637 spectat,
1040 1551 1131 1635 quod
1149 1571 1190 1616 ex
1212 1550 1414 1618 scholasticis

245 1665 387 1732 diximus
408 1670 441 1749 ⁴,
465 1683 538 1732 eum
566 1666 640 1749 jure
671 1664 792 1731 bellum
820 1667 909 1750 pati,
934 1665 993 1748 qui
1016 1663 1203 1730 satisfacere
1224 1663 1320 1730 nolit.
1353 1661 1415 1727 Vi-

244 1777 358 1842 demus
378 1778 466 1842 hunc
491 1777 638 1842 ordinem
666 1775 705 1839 ab
728 1775 883 1842 Israelitis
906 1777 1114 1842 observatum
1135 1772 1171 1859 ⁵,
1196 1775 1254 1859 qui
1275 1775 1316 1840 de
1334 1775 1416 1840 viris

245 1887 377 1955 Gabaae
397 1887 595 1972 supplicium
615 1907 633 1952 a
655 1886 743 1952 tribu
764 1887 982 1972 Beniaminica
1002 1888 1086 1954 sumi
1108 1889 1298 1966 voluerunt,
1322 1906 1416 1952 cum·

209 1996 211 2000 ’
245 2021 310 2082 que
339 1999 373 2065 id
401 2020 467 2066 non
501 1993 710 2083 impetrarent
734 2014 804 2064 tum
834 1999 965 2066 demum
993 1999 1094 2066 tribui
1115 2001 1238 2066 bellum
1260 1997 1415 2065 indixere.

245 2111 290 2176 Et
301 2111 348 2178 sic
363 2112 488 2197 justum
510 2111 638 2176 Minois
661 2111 783 2176 bellum
807 2110 841 2175 in
860 2109 1079 2176 Athenienses
1090 2109 1415 2192 Diodorus⁸vocat‚
1481 2159 1484 2165 .

242 2224 322 2305 quia
350 2221 530 2306 postulanti
560 2222 715 2289 adversus
744 2222 804 2288 filii
819 2220 1061 2288 xinterfectores
1081 2221 1138 2305 jus
1158 2220 1320 2286 redditum
1347 2239 1416 2288 non

243 2332 361 2402 fuerat.
407 2334 464 2399 Ad
483 2333 639 2398 arbitrum
661 2347 699 2397 ut
721 2347 812 2398 eatur
832 2333 1006 2397 honestum
1026 2350 1102 2397 sane
1126 2345 1198 2413 est,
1221 2330 1279 2396 sed
1299 2331 1418 2396 volun·

243 2446 383 2525 tarium,
407 2463 474 2510 non
494 2443 720 2510 necessarium.
747 2443 834 2509 Nam
857 2443 1014 2510 arbitrum
1036 2461 1216 2509 consensus
1236 2441 1333 2525 facit,
1357 2461 1416 2508 nec
1474 2511 1477 2518 ,

245 2555 420 2637 quisquam
438 2555 567 2638 cogitur
583 2553 660 2620 huic
677 2569 735 2618 aut
752 2553 800 2620 illi
812 2555 866 2638 jus
885 2573 981 2621 suum
999 2553 1193 2637 permittere.
1216 2555 1291 2620 Nos
1308 2569 1415 2622 autem

247 2679 282 2732 ea
312 2685 395 2748 quae
425 2679 502 2730 sunt
532 2667 711 2732 necessaria
743 2682 935 2751 spectamus.
981 2666 1126 2748 Apparet
1147 2686 1223 2749 ergo
1246 2685 1286 2732 ex
1306 2668 1497 2750 regularum
1511 2685 1549 2733 t«-

246 2760 465 2844 nonabellum
486 2791 680 2860 suscepturo
702 2777 865 2868 duplicem
883 2776 1007 2859 imponi
1028 2776 1263 2844 necessitatem.
1306 2777 1417 2842 Primo

246 2887 332 2953 enim
359 2886 520 2972 judicium
541 2887 744 2954 offerendum
768 2903 817 2955 est
840 2888 1037 2972 reipublicae
1059 2909 1076 2953 a
1095 2907 1160 2970 qua
1182 2887 1321 2972 cujusve
1344 2887 1418 2955 cive

246 2998 429 3082 quidquam
460 3014 599 3082 petatur.
654 2999 783 3066 Deinde
813 3019 849 3064 ea
882 2999 910 3066 si
943 2999 1028 3067 desit
1058 2999 1189 3081 officio,
1224 2999 1321 3066 debet
1351 3018 1418 3066 res-

245 3110 378 3194 publica
406 3111 477 3194 ipsa
508 3131 590 3193 quae
615 3113 701 3178 laesa
731 3125 782 3176 est
812 3111 950 3195 cujusve
984 3110 1068 3178 civis
1095 3109 1178 3176 ferre
1212 3111 1416 3177 sententiam.

245 3221 343 3288 Prius
361 3221 443 3287 illud
463 3223 536 3306 jure
556 3222 664 3289 feciali
684 3222 929 3303 Romanorum,
946 3242 1053 3304 neque
1074 3241 1151 3287 sane
1170 3239 1249 3306 gens
1269 3224 1336 3288 ulla
1356 3223 1416 3287 hac

247 3332 281 3398 in
304 3348 395 3416 parte
417 3333 600 3418 religiosior
621 3331 705 3414 fuit,
732 3333 916 3420 clarigatio
945 3348 1137 3399 antrorum
1160 3337 1313 3419 repetitio
1337 3333 1561 3446 dici’cnrrgnn

246 3457 301 3508 tur
319 3448 342 3510 ⁷.
387 3443 474 3510 Nam
506 3464 612 3510 rerum
647 3445 892 3528 repetendarum
922 3444 1053 3510 nomine
1086 3443 1213 3529 egregie
1233 3444 1383 3510 ‘Servius
1405 3448 1561 3556 ‘gpfefffi'jf

247 3574 375 3620 omnem
393 3555 544 3640 injuriam
564 3555 646 3622 dicit
663 3556 833 3623 contineri.
858 3557 921 3622 Est
940 3557 1025 3622 enim
1046 3571 1078 3622 et
1098 3555 1143 3622 rei
1164 3570 1196 3621 et
1216 3555 1418 3639 repetitionis

248 3685 365 3731 nomen
388 3668 546 3754 generale.
592 3668 694 3754 Quod
717 3683 823 3734 autem
846 3670 1033 3750 postulatur
1059 3666 1177 3750 triplex
1207 3681 1273 3734 est:
1298 3667 1417 3748 reddi,

247 3775 428 3860 satisfieri,
452 3777 549 3843 dedi:
573 3777 647 3843 dedi
666 3792 772 3843 autem
796 3797 861 3843 non
886 3777 1092 3860 simpliciter,
1114 3778 1171 3843 sed
1192 3793 1248 3843 aut
1268 3779 1342 3844 dedi
1362 3794 1420 3845 aut

247 3887 478 3954 animadverti:
511 3909 550 3954 ex
580 3891 651 3974 lege
683 3887 809 3956 scilicet
840 3889 983 3954 secunda
1014 3887 1166 3971 opposita
1199 3904 1353 3971 quartae,
1379 3911 1418 3954 ex

281 4159 290 4192 ¹
306 4162 338 4209 de
353 4159 396 4208 off.
416 4157 480 4224 [l.1.
497 4174 521 4210 c.
539 4173 577 4209 11.
592 4161 613 4222 §a
632 4160 685 4223 ³4·]
704 4161 778 4208 Adde
796 4162 859 4208 Sam.
878 4173 902 4210 2.
920 4173 959 4207 ao.
977 4173 1015 4221 19.
1049 4157 1094 4208 ²1.
1106 4157 1238 4223 1.[c.8s.]
1274 4158 1286 4192 ¹
1302 4161 1419 4210 cassiod.

247 4250 305 4299 Var.
331 4252 348 4300 l.
377 4257 398 4300 l.
426 4263 465 4311 17.
501 4249 554 4300 ⁴ln
579 4264 618 4312 pr.
641 4265 665 4301 c.
692 4263 715 4309 7.
749 4250 834 4314 ⁸Jud.
852 4265 893 4300 ao.
925 4249 1064 4316 ⁶[llistor.
1082 4253 1100 4299 l.
1117 4264 1143 4312 4.
1160 4265 1184 4300 c.
1202 4250 1257 4314 61.]
1292 4248 1383 4300 ⁷Plin.
1401 4253 1419 4302 l.

251 4353 289 4390 12.
307 4355 330 4390 c.
351 4354 372 4389 1.
406 4339 466 4392 'ad
483 4345 500 4391 l.
516 4356 541 4405 9.
564 4343 616 4406 [vs.
635 4341 680 4408 5³]
704 4354 729 4392 et
755 4344 773 4391 l.
801 4357 839 4392 ιο.
858 4342 909 4406 [vt.
930 4343 982 4404 14].
1001 4341 1139 4392 Aeneidos.
1156 4343 1187 4391 V.
1205 4343 1280 4391 Briso.
1296 4343 1327 4391 de
1344 4343 1419 4390 form.

250 4433 268 4479 l.
285 4444 310 4492 4.
328 4433 345 4479 l.
365 4444 386 4481 1.
404 4432 430 4482 ff.
448 4434 480 4483 de
498 4434 552 4484 reb.
571 4436 640 4485 cred.
669 4433 713 4499 [D.
740 4448 778 4483 12.
799 4448 820 4483 1.
840 4432 874 4500 1.]
893 4435 924 4483 V.
942 4421 1041 4485 Festum
1059 4433 1086 4481 in
1103 4448 1129 4484 v.
1147 4433 1275 4496 Recipere
1293 4434 1331 4495 [p.
1349 4420 1418 4496 aad]

250 4524 268 4570 l.
284 4521 425 4571 restituere.
440 4525 472 4573 de
486 4523 549 4573 verb
575 4525 638 4586 sign.
658 4526 701 4587 [D.
720 4537 760 4580 50·
780 4525 817 4574 16.
835 4523 889 4590 8⁵·]

1253 4609 1271 4670 7

1428 2743 1535 2790 claratie.
1607 2767 1610 2772 ·
