3536 5692
384 660 446 721 310
672 663 718 708 DE
741 663 835 728 June:
862 663 1048 710 Pannona.
1074 663 1156 710 cAP.
1181 663 1256 710 x1v.

381 816 523 897 bantur,
556 835 631 884 cum
662 815 791 881 interim
817 815 953 897 batavi,
979 817 1009 882 si
1033 817 1091 898 qui
1115 819 1149 884 in
1173 819 1316 884 hostium
1341 837 1456 886 manus
1479 835 1555 884 ante

380 943 558 1009 venerant,
582 927 787 996 foedissimis
800 927 960 994 custodiis
972 943 1221 996 macerarentur.
1246 931 1400 996 Praedam
1411 931 1556 999 victores

382 1041 500 1105 sortito
525 1041 686 1107 divisere:
711 1054 743 1103 et
764 1053 890 1104 tantum
914 1053 1004 1119 erat,
1028 1039 1116 1104 unde
1128 1057 1194 1105 non
1207 1040 1317 1122 priora
1327 1042 1425 1106 modo
1438 1043 1554 1108 damna

381 1152 528 1217 resarciri
559 1151 617 1218 sed
648 1164 681 1216 et
711 1150 788 1215 belli
816 1150 981 1232 impensae
1002 1151 1209 1216 mediocriter
1229 1153 1386 1218 sustineri
1407 1169 1553 1235 possent.

382 1262 444 1326 His
468 1264 561 1328 malis
590 1262 697 1328 victae
722 1261 871 1328 civitates
891 1261 1129 1344 Germanicae,
1155 1283 1230 1328 cum
1254 1285 1368 1330 verum
1394 1285 1463 1330 esse
1487 1285 1554 1330 me·

381 1389 532 1454 tuerent,
554 1373 645 1455 quod
665 1373 715 1440 vir
737 1373 872 1437 eximiae
896 1373 983 1456 apud
1006 1373 1081 1438 illos
1105 1375 1308 1440 auctoritatis
1329 1377 1553 1457 praedixerat,

381 1486 525 1551 Leonem
557 1487 596 1551 ab
626 1485 705 1567 ipsis
735 1485 877 1566 irritari,
911 1505 1007 1566 quem
1032 1487 1131 1550 semel
1153 1485 1329 1551 excitatum
1351 1488 1439 1552 baud
1459 1486 1555 1554 facile

381 1597 549 1681 sopirent,
575 1598 616 1662 ad
638 1617 749 1679 pacem
772 1597 925 1662 orandam
947 1611 1120 1662 venerunt.
1166 1597 1238 1661 Nec
1260 1597 1433 1663 difficulter
1453 1600 1554 1683 impe·

380 1723 508 1774 trarunt
531 1710 570 1774 ab
594 1709 680 1788 illis,
706 1707 763 1790 qui
788 1709 821 1773 in
842 1709 933 1792 justa
955 1708 1081 1772 ultione
1102 1722 1135 1773 et
1155 1710 1286 1792 egregio
1307 1711 1457 1790 quamvis
1477 1712 1554 1777 belli

381 1837 535 1887 successu
556 1834 718 1902 patentem
742 1839 868 1902 semper
891 1820 1073 1886 habuerant
1096 1820 1239 1894 animum
1261 1822 1464 1887 concordiae.
1499 1823 1554 1888 Ne

380 1931 520 1998 sollicite
549 1931 647 1998 nimis
680 1946 811 1997 externa
846 1949 1058 2012 quaeramus:
1085 1931 1118 1996 in
1142 1932 1204 1996 boc
1229 1951 1295 1998 uno
1320 1937 1472 2016 exemplo
1495 1935 1553 2000 do-

381 2043 516 2109 mestico
536 2044 639 2110 multa
659 2058 737 2109 sunt
756 2043 962 2108 documenta.
1002 2043 1163 2108 Videmus
1184 2043 1217 2108 in
1237 2044 1447 2126 suscipiendo
1467 2046 1554 2111 bello

378 2156 559 2239 iustitiam,
584 2155 616 2220 in
637 2155 780 2239 gerendo
801 2153 1050 2232 fortitudinem,
1075 2155 1108 2219 in
1128 2155 1321 2236 deponendo
1342 2157 1550 2238 aequitatem.

381 2267 485 2350 Igitur
505 2267 608 2332 eidem
630 2281 661 2331 et
681 2266 842 2332 vincendo
862 2265 1090 2331 misericordes
1110 2280 1142 2330 et
1159 2265 1343 2348 praedando
1353 2267 1551 2334 abstinentes

381 2393 481 2444 erant.
527 2380 576 2444 At
607 2378 634 2442 si
667 2377 741 2460 quis
774 2396 825 2442 res
857 2378 984 2442 Indicas
1009 2377 1145 2442 anobis
1176 2392 1248 2442 ante
1276 2377 1454 2460 descriptas
1476 2401 1551 2446 cum

381 2489 443 2556 ista
481 2489 665 2555 narratione
700 2488 869 2569 conferat,
911 2489 1055 2572 ejusdem
1098 2489 1221 2572 ingenii
1256 2487 1362 2554 mores
1397 2491 1552 2558 mansisse

381 2615 511 2666 centum
536 2616 568 2666 et
589 2600 757 2685 sexaginta
783 2615 860 2682 post
889 2619 991 2666 annos
1011 2600 1099 2666 haud
1122 2600 1221 2665 dubie
1244 2599 1422 2666 fatebitur.
1459 2603 1550 2668 Haec

380 2712 482 2796 igitur
513 2713 651 2778 honesta
684 2727 733 2777 est
765 2708 872 2791 ulti0,
906 2730 990 2793 quae
1020 2711 1105 2795 juris
1128 2711 1180 2776 sui
1203 2713 1424 2794 consequendi
1449 2714 1552 2798 gratia

380 2839 563 2907 comparata
587 2839 645 2889 est.
682 2825 775 2889 Hanc
800 2823 943 2888 eamdem
967 2837 1159 2887 mercatores
1184 2803 1298 2888 Batavi
1318 2823 1351 2887 in
1371 2823 1550 2891 Lusitanos

379 2937 495 3002 merito
529 2949 697 3018 usurpant.
743 2936 950 3023 Quamquam
971 2953 1038 3000 non
1071 2933 1202 2998 illorum
1238 2934 1395 3002 duntaxat
1428 2957 1547 3019 causa,

380 3050 438 3114 sed
468 3049 601 3132 publica
624 3063 657 3112 et
679 3046 843 3112 sociorum
877 3046 996 3130 agitur.
1045 3045 1204 3126 Publica,
1241 3061 1309 3111 tum
1335 3046 1413 3128 quia
1434 3068 1550 3132 magna

380 3159 489 3241 aliqua
511 3159 732 3244 negotiatione
756 3171 841 3240 opus
864 3172 937 3239 est,
963 3177 1047 3239 quae
1071 3172 1103 3222 et
1125 3158 1253 3239 plebem
1276 3171 1308 3222 et
1328 3159 1443 3224 aerarii
1464 3159 1549 3226 vires

379 3285 563 3350 sustentet,
597 3285 666 3336 tum
699 3269 776 3352 quia
809 3283 938 3354 gentem
960 3269 1206 3350 Hispanorum,
1232 3290 1315 3351 quae
1344 3269 1377 3333 in
1400 3271 1549 3354 vestigiis

311 3422 313 3447 .
381 3382 506 3449 dirutae
539 3381 662 3465 patriae
697 3379 913 3446 dominationi
947 3381 1067 3446 solium
1102 3380 1166 3445 sibi
1203 3381 1332 3462 quaerit
1365 3384 1548 3464 collocare,

380 3493 505 3576 ubique
537 3508 693 3557 terrarum
718 3507 751 3556 et
774 3491 914 3574 opprimi
939 3507 970 3556 et
1001 3492 1102 3557 everti
1135 3491 1281 3557 omnium
1317 3492 1473 3573 interest,
1509 3514 1549 3558 ne

380 3605 511 3687 quando
535 3606 576 3670 ad
595 3603 797 3688 subigendos
819 3603 960 3669 Batavos
981 3617 1143 3670 extremus
1165 3605 1261 3669 etiam
1282 3604 1371 3670 orbis
1388 3606 1548 3670 tributum

379 3715 526 3782 conferre
548 3731 694 3800 cogatur.
722 3715 850 3780 ·Etiam
876 3715 1063 3795 sociorum,
1092 3716 1157 3780 hoc
1190 3730 1238 3780 est
1272 3736 1383 3800 regum
1407 3719 1548 3800 populo·

378 3848 518 3911 rumque
550 3827 684 3909 Indiae,
718 3846 804 3909 quos
826 3825 978 3891 Lusitani
1002 3826 1044 3890 ob
1069 3827 1132 3891 hoc
1156 3846 1280 3907 unum,
1307 3828 1399 3910 quod
1418 3827 1548 3892 Batavis

379 3941 502 4006 inimici
525 3960 591 4005 non
616 3953 715 4019 sunt,
740 3938 827 4004 ferro
852 3953 884 4003 et
906 3937 1044 4002 flammis
1065 3953 1324 4020 prosequuntur.
1370 3939 1548 4006 Testantur

378 4054 441 4118 hoc
454 4052 600 4117 bantami
613 4050 813 4133 periculum,
838 4049 1024 4116 Machianis
1037 4049 1179 4128 cineam,
1205 4051 1376 4116 Baebianis
1389 4051 1545 4118 solitudo.

379 4166 449 4230 Has
473 4184 548 4248 ergo
572 4163 709 4247 injurias
732 4162 801 4227 sine
823 4180 947 4226 summa
969 4158 1100 4225 infamia
1121 4160 1286 4226 remittere
1307 4181 1402 4226 nemo
1424 4177 1545 4245 potest.

377 4275 470 4364 Quid
494 4275 580 4340 enim
604 4273 753 4357 turpius,
779 4293 877 4356 quam
902 4286 960 4336 aut
981 4271 1117 4354 patriam
1142 4273 1336 4353 nobiscum,
1362 4287 1419 4338 aut
1439 4273 1547 4339 socios

377 4408 436 4471 pro
448 4387 544 4452 nobis
557 4387 777 4469 periclitantes
790 4385 953 4469 prodere?
979 4384 1138 4452 Romanis
1150 4385 1228 4452 olim
1244 4384 1368 4450 dictum
1381 4385 1504 4452 scimus
1516 4395 1524 4427 ¹
1538 4409 1544 4450 :

412 4551 419 4581 ¹
438 4549 526 4597 Livius
542 4549 587 4596 lib.
607 4561 646 4596 αι.
667 4547 772 4610 [c.19.]
