3552 5654
357 681 400 744 90
653 680 700 728 DE
723 677 816 746 Jtmls
842 679 1026 726 enatando.
1051 679 1133 725 CAP.
1158 676 1241 724 vm.

356 849 395 901 ut
417 835 526 917 dicat,
558 835 611 898 ita
639 854 671 899 se
697 837 743 899 eis
762 834 907 918 fecisse,
935 830 1206 920 quemadmodum
1227 829 1290 895 sibi
1308 831 1441 915 priores
1464 831 1528 914 ipsi

347 945 516 1029 fecissent.
561 944 711 1011 Vocatus
734 944 866 1027 quidem
889 943 952 1010 Dei
976 946 1039 1010 hoc
1062 943 1110 1009 illi
1133 939 1315 1026 praestitit,
1339 952 1378 1005 ut
1397 937 1529 1022 publica

355 1069 517 1138 potestate
548 1075 632 1138 opus
664 1073 731 1121 non
760 1056 914 1121 haberet:
947 1055 1005 1122 sed
1035 1053 1164 1120 interim
1194 1067 1281 1120 recte
1310 1071 1345 1116 se
1368 1049 1529 1116 adversus

356 1181 469 1252 gentes
491 1167 638 1252 gentium
666 1169 741 1252 jure
764 1165 920 1233 defendit.
966 1165 1039 1232 Lex
1061 1164 1162 1249 igitur
1184 1164 1238 1230 illa
1259 1183 1343 1245 quae
1364 1160 1529 1228 maleficos

355 1277 472 1361 punire
492 1278 609 1362 Jubet,
641 1298 715 1344 cum
747 1297 789 1344 ex
817 1278 890 1362 jure
909 1291 1043 1342 naturae
1065 1275 1136 1341 sive
1157 1273 1304 1360 gentium
1331 1271 1529 1350 descendat,

356 1387 446 1453 civili
466 1387 622 1454 societate
643 1402 675 1454 et
696 1389 768 1473 lege
791 1403 840 1454 est
859 1385 1034 1470 antiquior.
1079 1386 1182 1474 Quod
1201 1405 1219 1452 a
1239 1384 1350 1452 divina
1370 1383 1530 1474 scriptura

356 1518 423 1565 non
454 1499 586 1566 videtur
616 1499 779 1580 alienum,
811 1499 845 1564 in
876 1518 941 1581 qua
969 1511 1046 1581 post
1074 1497 1186 1564 orbem
1206 1496 1431 1576 submersum,
1455 1514 1529 1559 cum

356 1609 390 1675 in
414 1628 479 1676 una
502 1609 599 1676 domo
628 1609 785 1692 reliquiae
815 1624 923 1676 essent
948 1608 1074 1694 generis
1094 1608 1261 1689 humani,
1275 1605 1441 1673 civitatem
1462 1626 1528 1670 non

356 1719 479 1800 video,
500 1720 604 1803 legem
629 1719 751 1801 video,
775 1739 860 1803 quae
880 1719 1039 1786 maleficia
1060 1719 1171 1802 puniri
1194 1719 1289 1803 jubet
1310 1718 1339 1782 ¹:
1366 1713 1433 1800 Qui
1451 1738 1529 1782 san-

353 1832 488 1916 guinum
507 1830 647 1896 hominis
667 1827 809 1916 effudit,
823 1844 888 1916 per
907 1831 1067 1896 homiuum
1089 1833 1226 1917 sanguis
1248 1829 1317 1912 ejus
1333 1827 1528 1915 effunditur.

356 1939 431 2006 Nec
446 1939 533 2006 forte
555 1940 638 2006 illud
654 1939 974 2024 praetermittendum
995 1955 1058 2018 est,
1081 1940 1173 2024 quod
1195 1941 1248 2005 lex
1271 1940 1333 2006 ista
1353 1938 1445 2004 alteri
1462 1937 1529 2022 legi

356 2050 549 2135 subjicitur,
572 2071 656 2133 quae
682 2052 801 2120 bestias
821 2054 964 2119 humano
987 2050 1062 2118 usui
1086 2049 1229 2133 addicit,
1254 2050 1331 2133 quia
1354 2070 1428 2116 cum
1451 2069 1529 2132 poe·

357 2181 470 2227 narum
491 2160 651 2246 originem
675 2161 853 2245 exquirunt
874 2161 1068 2247 theologi¹,
1086 2162 1146 2227 hac
1166 2161 1408 2244 comparatione
1429 2174 1529 2226 utun·

356 2287 434 2353 tur,
462 2287 500 2339 ut
526 2272 638 2338 dicant
664 2272 847 2358 indigniora
873 2272 981 2341 onmia
1008 2273 1194 2358 digniorum
1217 2271 1333 2340 usibus
1356 2270 1528 2338 destinari:

356 2382 401 2448 ita
429 2382 549 2450 bestias
570 2403 766 2467 quamquam
784 2405 802 2450 a
822 2384 896 2450 Deo
913 2398 1056 2466 creatas,
1086 2400 1125 2451 ut
1149 2398 1276 2464 essent,
1304 2384 1403 2449 homo
1423 2397 1529 2447 tamen

356 2508 444 2559 recte
468 2493 643 2576 interficit,
672 2497 783 2561 velut
809 2495 850 2560 ad
872 2515 967 2561 usum
996 2509 1104 2562 vertat
1125 2510 1289 2577 tamquam
1312 2514 1394 2574 sua,
1416 2494 1470 2560 vel
1491 2507 1531 2558 ut

358 2605 452 2669 tollat
474 2618 638 2686 tamquam
661 2603 780 2687 noxia,
815 2624 954 2688 quorum
983 2620 1160 2688 utrumque
1183 2625 1221 2671 eo
1242 2625 1310 2688 quo
1331 2604 1399 2670 dixi
1421 2603 1531 2687 Scrip-

356 2727 448 2780 turae
481 2716 556 2781 loco
592 2713 792 2798 exprimitur.
839 2715 994 2783 Similiter
1022 2718 1142 2782 volunt
1175 2717 1361 2800 deploratae
1390 2715 1530 2781 malitiae

357 2825 505 2892 homines
527 2826 590 2892 hoc
623 2825 695 2909 ipso
728 2827 819 2909 quod
841 2829 922 2893 tales
950 2843 1048 2909 sunt,
1073 2828 1166 2911 quasi
1191 2826 1302 2893 divina
1324 2828 1531 2909 humanaque

357 2936 497 3022 imagine
529 2953 649 3019 exuta,
682 2938 723 3004 ad
752 2937 938 3005 inferiorem
969 2938 1115 3006 ordinem
1145 2938 1275 3004 detrudi
1304 2938 1405 3021 inque
1427 2922 1531 3004 bono-

357 3069 429 3114 rum
452 3068 548 3114 usum
569 3047 712 3113 ordinari
734 3063 767 3113 et
783 3049 1025 3130 quodammodo
1042 3069 1082 3116 ex
1098 3049 1247 3133 personis
1266 3069 1315 3114 res
1334 3048 1425 3131 fieri,
1449 3069 1532 3131 quae

359 3173 391 3224 et
412 3158 589 3224 secundum
619 3172 767 3224 naturam
797 3160 965 3227 servitutis
998 3160 1091 3245 origo
1124 3175 1192 3227 est:
1223 3160 1296 3226 tolli
1327 3152 1402 3246 ergo
1436 3153 1531 3243 fiosse

357 3283 428 3334 tum
461 3288 502 3335 ne
537 3284 699 3350 noceant,
735 3283 805 3336 tum
840 3286 877 3337 ut
910 3271 951 3336 ad
984 3273 1167 3356 exemplum
1200 3271 1277 3338 usui
1309 3270 1394 3338 sint:
1440 3270 1533 3353 quod

358 3379 483 3446 Seneca
506 3386 517 3421 ³
540 3380 646 3462 dixit,
682 3395 720 3446 ut
749 3382 978 3448 documentum
1011 3386 1154 3448 omnium
1183 3386 1273 3463 siut,
1307 3395 1338 3447 et
1370 3383 1429 3468 qui
1461 3383 1531 3448 νὶνί

358 3490 538 3556 noluerunt
564 3491 739 3578 prodesse,
771 3507 877 3560 morte
909 3508 998 3560 certe
1030 3515 1142 3559 eorum
1177 3493 1362 3578 respublica
1397 3505 1530 3557 utatur.

358 3601 460 3690 Quod
483 3602 567 3668 enim
587 3603 627 3669 de
651 3603 817 3686 republica
848 3604 951 3686 dicit,
984 3604 1068 3670 idem
1101 3604 1140 3669 de
1171 3603 1384 3671 universitate
1406 3602 1535 3688 generis,

358 3713 491 3778 humani
526 3713 774 3799 intelligendum
807 3716 873 3800 jam
907 3713 1215 3782 demonstrabimus.
1263 3715 1443 3780 Bestiarum
1476 3734 1535 3780 ex·.

360 3825 467 3906 emplo
500 3823 541 3889 ad
570 3827 759 3892 nocentium
791 3846 913 3910 poenas
943 3826 1039 3892 etiam
1072 3825 1314 3893 Democritus*
1340 3825 1466 3906 utitur,
1491 3825 1531 3892 de

356 3937 429 4021 jure
464 3937 603 4002 naturali
638 3937 817 4021 disputans
872 3938 921 4004 Ita
956 3937 1040 4004 enim
1071 3937 1133 4004 ait:
1166 3943 1248 4008 κατὰ
1276 3941 1306 4006 δὲ
1341 3939 1415 4024 ζῴων
1445 3939 1532 4025 φόνον

358 4048 408 4116 aul
437 4051 479 4131 μὴ
511 4050 675 4135 <Dilucide
706 4052 779 4135 ἔχει.
811 4054 852 4119 τὰ
878 4052 1027 4119 ullusne
1053 4051 1103 4118 uui
1136 4051 1254 4118 de'louru
1282 4052 1388 4118 diruto
1409 4052 1531 4132 νὶθῷοςὸ

357 4161 472 4227 κτείνων
493 4161 630 4244 tuingia
650 4165 784 4231 εὐεστοῦν
805 4167 889 4234 τοῦτο
911 4162 994 4245 ἔρδειν
1013 4167 1130 4244 μᾶλλον
1148 4161 1165 4238 ἢ
1181 4162 1235 4244 μή.
1279 4156 1334 4224 Dc
1352 4154 1532 4223 occidendis

365 4358 544 4369 ——q

393 4475 401 4507 ¹
421 4477 484 4524 Gen.
502 4491 526 4538 9.
551 4479 574 4526 6.
609 4476 727 4528 ’Thom
750 4493 773 4528 a.
796 4493 819 4528 a.
838 4494 863 4541 q.
884 4480 925 4541 64.
944 4491 989 4530 art.
1010 4493 1031 4528 ι.
1050 4492 1074 4528 et
1093 4480 1130 4528 ibi
1145 4478 1226 4537 Cajet.
1260 4477 1272 4510 ³
1290 4476 1374 4528 deira
1396 4447 1414 4528 l.
1432 4492 1452 4527 1.
1466 4491 1489 4526 c.
1507 4479 1530 4526 6.

359 4563 370 4596 ⁴
388 4579 427 4624 ap.
445 4567 514 4615 Stob.
534 4566 572 4630 [in
588 4570 664 4618 floril.
680 4573 698 4618 l.
712 4584 753 4632 44.
771 4584 795 4619 n.
814 4570 865 4636 16.]
