<?xml version="1.0" encoding="UTF-8"?>
<!DOCTYPE html PUBLIC "-//W3C//DTD XHTML 1.0 Transitional//EN"
    "http://www.w3.org/TR/xhtml1/DTD/xhtml1-transitional.dtd">
<html xmlns="http://www.w3.org/1999/xhtml" xml:lang="en" lang="en">
 <head>
  <title>
</title>
<meta http-equiv="Content-Type" content="text/html;charset=utf-8" />
  <meta name='ocr-system' content='tesseract 3.04.00' />
  <meta name='ocr-capabilities' content='ocr_page ocr_carea ocr_par ocr_line ocrx_word'/>
</head>
<body>
  <div class='ocr_page' id='page_1' title='image "./ledroitdeprised00hamagoog_0300.png"; bbox 0 0 3536 5692; ppageno 0'>
   <div class='ocr_carea' id='block_1_1' title="bbox 370 677 1243 780">
    <p class='ocr_par' dir='ltr' id='par_1_1' title="bbox 370 677 1243 780">
     <span class='ocr_line' id='line_1_1' title="bbox 370 677 1243 780; baseline 0.003 -23"><span class='ocrx_word' id='word_1_1' title='bbox 370 699 431 775; x_wconf 86' lang='lat'>278</span> <span class='ocrx_word' id='word_1_2' title='bbox 663 713 710 759; x_wconf 78' lang='lat' dir='ltr'>ora</span> <span class='ocrx_word' id='word_1_3' title='bbox 733 677 827 780; x_wconf 73' lang='lat' dir='ltr'>Junn</span> <span class='ocrx_word' id='word_1_4' title='bbox 852 713 1034 760; x_wconf 72' lang='lat' dir='ltr'>cannono.</span> <span class='ocrx_word' id='word_1_5' title='bbox 1059 714 1139 761; x_wconf 77' lang='lat' dir='ltr'>car.</span> <span class='ocrx_word' id='word_1_6' title='bbox 1163 714 1243 760; x_wconf 87' lang='lat' dir='ltr'>xrrr.</span> 
     </span>
    </p>
   </div>
   <div class='ocr_carea' id='block_1_2' title="bbox 210 865 1592 4174">
    <p class='ocr_par' dir='ltr' id='par_1_2' title="bbox 210 865 1592 4174">
     <span class='ocr_line' id='line_1_2' title="bbox 368 865 1542 950; baseline 0.007 -21"><span class='ocrx_word' id='word_1_7' title='bbox 368 865 422 930; x_wconf 87' lang='lat' dir='ltr'>iila</span> <span class='ocrx_word' id='word_1_8' title='bbox 444 881 557 949; x_wconf 87' lang='lat' dir='ltr'>pacata</span> <span class='ocrx_word' id='word_1_9' title='bbox 579 888 638 950; x_wconf 85' lang='lat' dir='ltr'>per</span> <span class='ocrx_word' id='word_1_10' title='bbox 658 867 782 934; x_wconf 84' lang='lat' dir='ltr'><strong>Indiam</strong></span> <span class='ocrx_word' id='word_1_11' title='bbox 804 868 939 934; x_wconf 91' lang='lat' dir='ltr'>vivendi</span> <span class='ocrx_word' id='word_1_12' title='bbox 960 868 1067 948; x_wconf 87' lang='lat' dir='ltr'>ratio,</span> <span class='ocrx_word' id='word_1_13' title='bbox 1091 887 1189 949; x_wconf 91' lang='lat' dir='ltr'>quam</span> <span class='ocrx_word' id='word_1_14' title='bbox 1211 867 1323 934; x_wconf 88' lang='lat' dir='ltr'>Batavi</span> <span class='ocrx_word' id='word_1_15' title='bbox 1347 869 1423 935; x_wconf 93' lang='lat' dir='ltr'>dum</span> <span class='ocrx_word' id='word_1_16' title='bbox 1445 870 1542 937; x_wconf 90' lang='lat' dir='ltr'>licuit</span> 
     </span>
     <span class='ocr_line' id='line_1_3' title="bbox 368 978 1542 1063; baseline 0.005 -21"><span class='ocrx_word' id='word_1_17' title='bbox 368 979 609 1058; x_wconf 90' lang='lat' dir='ltr'>observarunt,</span> <span class='ocrx_word' id='word_1_18' title='bbox 632 978 784 1045; x_wconf 85' lang='lat' dir='ltr'><strong>Lusitani</strong></span> <span class='ocrx_word' id='word_1_19' title='bbox 809 979 1035 1063; x_wconf 82' lang='lat' dir='ltr'>interrupere,</span> <span class='ocrx_word' id='word_1_20' title='bbox 1059 987 1143 1045; x_wconf 87' lang='lat' dir='ltr'>cum&#39;</span> <span class='ocrx_word' id='word_1_21' title='bbox 1159 981 1239 1046; x_wconf 89' lang='lat' dir='ltr'>satis</span> <span class='ocrx_word' id='word_1_22' title='bbox 1263 995 1414 1059; x_wconf 89' lang='lat' dir='ltr'>constet,</span> <span class='ocrx_word' id='word_1_23' title='bbox 1439 979 1542 1048; x_wconf 90' lang='lat' dir='ltr'>finitis</span> 
     </span>
     <span class='ocr_line' id='line_1_4' title="bbox 370 1083 1541 1173; baseline 0.003 -21"><span class='ocrx_word' id='word_1_24' title='bbox 370 1103 426 1154; x_wconf 88' lang='lat' dir='ltr'>aut</span> <span class='ocrx_word' id='word_1_25' title='bbox 449 1088 582 1156; x_wconf 88' lang='lat' dir='ltr'>violatis</span> <span class='ocrx_word' id='word_1_26' title='bbox 610 1090 777 1172; x_wconf 90' lang='lat' dir='ltr'>induciis,</span> <span class='ocrx_word' id='word_1_27' title='bbox 810 1092 931 1157; x_wconf 91' lang='lat' dir='ltr'>bellum</span> <span class='ocrx_word' id='word_1_28' title='bbox 955 1109 1022 1156; x_wconf 92' lang='lat' dir='ltr'>non</span> <span class='ocrx_word' id='word_1_29' title='bbox 1043 1109 1167 1158; x_wconf 91' lang='lat' dir='ltr'>novum</span> <span class='ocrx_word' id='word_1_30' title='bbox 1188 1092 1247 1156; x_wconf 90' lang='lat' dir='ltr'>sed</span> <span class='ocrx_word' id='word_1_31' title='bbox 1269 1091 1367 1173; x_wconf 47' lang='lat' dir='ltr'>quod,</span> <span class='ocrx_word' id='word_1_32' title='bbox 1380 1083 1454 1156; x_wconf 72' lang='lat' dir='ltr'>¹ante</span> <span class='ocrx_word' id='word_1_33' title='bbox 1476 1089 1541 1157; x_wconf 88' lang='lat' dir='ltr'>fuit</span> 
     </span>
     <span class='ocr_line' id='line_1_5' title="bbox 370 1200 1539 1299; baseline 0.003 -36"><span class='ocrx_word' id='word_1_34' title='bbox 370 1200 519 1280; x_wconf 88' lang='lat' dir='ltr'>censeri,</span> <span class='ocrx_word' id='word_1_35' title='bbox 536 1221 643 1283; x_wconf 88' lang='lat' dir='ltr'>neque</span> <span class='ocrx_word' id='word_1_36' title='bbox 656 1222 739 1285; x_wconf 91' lang='lat' dir='ltr'>opus</span> <span class='ocrx_word' id='word_1_37' title='bbox 750 1203 817 1267; x_wconf 86' lang='lat' dir='ltr'>ulla</span> <span class='ocrx_word' id='word_1_38' title='bbox 829 1201 1011 1270; x_wconf 85' lang='lat' dir='ltr'>indictione</span> <span class='ocrx_word' id='word_1_39' title='bbox 1025 1207 1045 1267; x_wconf 93' lang='lat'>¹.</span> <span class='ocrx_word' id='word_1_40' title='bbox 1070 1203 1279 1299; x_wconf 82' lang='lat' dir='ltr'>Quamquam</span> <span class='ocrx_word' id='word_1_41' title='bbox 1292 1222 1367 1267; x_wconf 91' lang='lat' dir='ltr'>sane</span> <span class='ocrx_word' id='word_1_42' title='bbox 1381 1203 1539 1267; x_wconf 90' lang='lat' dir='ltr'>ethorum</span> 
     </span>
     <span class='ocr_line' id='line_1_6' title="bbox 368 1310 1540 1380; baseline 0.002 -4"><span class='ocrx_word' id='word_1_43' title='bbox 368 1310 495 1377; x_wconf 88' lang='lat' dir='ltr'>ratione</span> <span class='ocrx_word' id='word_1_44' title='bbox 524 1312 647 1378; x_wconf 88' lang='lat' dir='ltr'>decreti</span> <span class='ocrx_word' id='word_1_45' title='bbox 675 1314 786 1379; x_wconf 90' lang='lat' dir='ltr'>locum</span> <span class='ocrx_word' id='word_1_46' title='bbox 818 1313 946 1378; x_wconf 89' lang='lat' dir='ltr'>obtinet</span> <span class='ocrx_word' id='word_1_47' title='bbox 969 1313 1111 1378; x_wconf 90' lang='lat' dir='ltr'>edictum</span> <span class='ocrx_word' id='word_1_48' title='bbox 1131 1313 1143 1349; x_wconf 86' lang='lat'>²</span> <span class='ocrx_word' id='word_1_49' title='bbox 1162 1313 1202 1378; x_wconf 92' lang='lat' dir='ltr'>ab</span> <span class='ocrx_word' id='word_1_50' title='bbox 1226 1312 1410 1380; x_wconf 91' lang='lat' dir='ltr'>Ordinibus</span> <span class='ocrx_word' id='word_1_51' title='bbox 1430 1312 1540 1378; x_wconf 87' lang='lat' dir='ltr'>foede-</span> 
     </span>
     <span class='ocr_line' id='line_1_7' title="bbox 368 1407 1540 1508; baseline 0.003 -23"><span class='ocrx_word' id='word_1_52' title='bbox 368 1437 509 1488; x_wconf 89' lang='lat' dir='ltr'>ratarum</span> <span class='ocrx_word' id='word_1_53' title='bbox 532 1423 637 1508; x_wconf 91' lang='lat' dir='ltr'>Belgii</span> <span class='ocrx_word' id='word_1_54' title='bbox 665 1423 835 1490; x_wconf 88' lang='lat' dir='ltr'>nationum</span> <span class='ocrx_word' id='word_1_55' title='bbox 863 1425 1090 1508; x_wconf 90' lang='lat' dir='ltr'>publicatum,</span> <span class='ocrx_word' id='word_1_56' title='bbox 1127 1445 1194 1506; x_wconf 88' lang='lat' dir='ltr'>quo</span> <span class='ocrx_word' id='word_1_57' title='bbox 1218 1407 1304 1504; x_wconf 84' lang='lat' dir='ltr'>bona</span> <span class='ocrx_word' id='word_1_58' title='bbox 1332 1422 1441 1490; x_wconf 91' lang='lat' dir='ltr'>omnia</span> <span class='ocrx_word' id='word_1_59' title='bbox 1463 1425 1540 1490; x_wconf 91' lang='lat' dir='ltr'>sub·</span> 
     </span>
     <span class='ocr_line' id='line_1_8' title="bbox 211 1531 1540 1646; baseline 0.002 -49"><span class='ocrx_word' id='word_1_60' title='bbox 211 1547 267 1645; x_wconf 46' lang='lat' dir='ltr'>17ng</span> <span class='ocrx_word' id='word_1_61' title='bbox 284 1549 355 1646; x_wconf 49' lang='lat' dir='ltr'>mg:</span> <span class='ocrx_word' id='word_1_62' title='bbox 370 1531 512 1599; x_wconf 86' lang='lat' dir='ltr'>diturum</span> <span class='ocrx_word' id='word_1_63' title='bbox 542 1535 610 1620; x_wconf 91' lang='lat' dir='ltr'>regi</span> <span class='ocrx_word' id='word_1_64' title='bbox 641 1535 820 1618; x_wconf 82' lang='lat' dir='ltr'>Hispaniae</span> <span class='ocrx_word' id='word_1_65' title='bbox 843 1536 979 1618; x_wconf 82' lang='lat' dir='ltr'>praedae</span> <span class='ocrx_word' id='word_1_66' title='bbox 1009 1536 1123 1600; x_wconf 89' lang='lat' dir='ltr'>cedere</span> <span class='ocrx_word' id='word_1_67' title='bbox 1148 1535 1319 1620; x_wconf 83' lang='lat' dir='ltr'>jubentur.</span> <span class='ocrx_word' id='word_1_68' title='bbox 1365 1535 1540 1601; x_wconf 88' lang='lat' dir='ltr'>Actionem</span> 
     </span>
     <span class='ocr_line' id='line_1_9' title="bbox 210 1645 1542 1731; baseline 0.002 -24"><span class='ocrx_word' id='word_1_69' title='bbox 210 1654 258 1700; x_wconf 86' lang='lat'><em>111.</em></span> <span class='ocrx_word' id='word_1_70' title='bbox 269 1668 293 1716; x_wconf 80' lang='lat' dir='ltr'>p.</span> <span class='ocrx_word' id='word_1_71' title='bbox 306 1656 328 1701; x_wconf 87' lang='lat'>1.</span> <span class='ocrx_word' id='word_1_72' title='bbox 368 1657 476 1708; x_wconf 87' lang='lat' dir='ltr'>autem</span> <span class='ocrx_word' id='word_1_73' title='bbox 509 1646 592 1710; x_wconf 90' lang='lat' dir='ltr'>hanc</span> <span class='ocrx_word' id='word_1_74' title='bbox 620 1646 770 1712; x_wconf 91' lang='lat' dir='ltr'>bellicam</span> <span class='ocrx_word' id='word_1_75' title='bbox 802 1666 868 1712; x_wconf 91' lang='lat' dir='ltr'>non</span> <span class='ocrx_word' id='word_1_76' title='bbox 899 1665 969 1713; x_wconf 87' lang='lat' dir='ltr'>esse</span> <span class='ocrx_word' id='word_1_77' title='bbox 999 1666 1158 1730; x_wconf 86' lang='lat' dir='ltr'>egressam</span> <span class='ocrx_word' id='word_1_78' title='bbox 1177 1645 1260 1731; x_wconf 89' lang='lat' dir='ltr'>juris</span> <span class='ocrx_word' id='word_1_79' title='bbox 1284 1645 1335 1711; x_wconf 93' lang='lat' dir='ltr'>sui</span> <span class='ocrx_word' id='word_1_80' title='bbox 1358 1645 1478 1712; x_wconf 92' lang='lat' dir='ltr'>limites</span> <span class='ocrx_word' id='word_1_81' title='bbox 1502 1666 1542 1712; x_wconf 83' lang='lat' dir='ltr'>ex</span> 
     </span>
     <span class='ocr_line' id='line_1_10' title="bbox 368 1753 1539 1840; baseline 0.003 -22"><span class='ocrx_word' id='word_1_82' title='bbox 368 1753 421 1818; x_wconf 92' lang='lat' dir='ltr'>bis</span> <span class='ocrx_word' id='word_1_83' title='bbox 443 1770 598 1838; x_wconf 87' lang='lat' dir='ltr'>apparet,</span> <span class='ocrx_word' id='word_1_84' title='bbox 623 1757 762 1838; x_wconf 89' lang='lat' dir='ltr'>quaein</span> <span class='ocrx_word' id='word_1_85' title='bbox 785 1759 873 1823; x_wconf 87' lang='lat' dir='ltr'>bello</span> <span class='ocrx_word' id='word_1_86' title='bbox 897 1757 1027 1840; x_wconf 89' lang='lat' dir='ltr'>privato</span> <span class='ocrx_word' id='word_1_87' title='bbox 1049 1757 1304 1824; x_wconf 84' lang='lat' dir='ltr'>examinavimus</span> <span class='ocrx_word' id='word_1_88' title='bbox 1316 1756 1337 1822; x_wconf 80' lang='lat'>³.</span> <span class='ocrx_word' id='word_1_89' title='bbox 1363 1757 1539 1822; x_wconf 90' lang='lat' dir='ltr'>Ostensum</span> 
     </span>
     <span class='ocr_line' id='line_1_11' title="bbox 369 1864 1540 1949; baseline 0.002 -19"><span class='ocrx_word' id='word_1_90' title='bbox 369 1864 455 1930; x_wconf 90' lang='lat' dir='ltr'>enim</span> <span class='ocrx_word' id='word_1_91' title='bbox 475 1882 524 1931; x_wconf 92' lang='lat' dir='ltr'>est</span> <span class='ocrx_word' id='word_1_92' title='bbox 542 1869 612 1932; x_wconf 88' lang='lat' dir='ltr'>sola</span> <span class='ocrx_word' id='word_1_93' title='bbox 631 1867 768 1948; x_wconf 90' lang='lat' dir='ltr'>damna,</span> <span class='ocrx_word' id='word_1_94' title='bbox 793 1888 877 1949; x_wconf 89' lang='lat' dir='ltr'>quae</span> <span class='ocrx_word' id='word_1_95' title='bbox 901 1868 1077 1935; x_wconf 90' lang='lat' dir='ltr'>Hollandis</span> <span class='ocrx_word' id='word_1_96' title='bbox 1097 1868 1248 1934; x_wconf 84' lang='lat' dir='ltr'>Lusitani</span> <span class='ocrx_word' id='word_1_97' title='bbox 1270 1868 1474 1947; x_wconf 88' lang='lat' dir='ltr'>intulerunt,</span> <span class='ocrx_word' id='word_1_98' title='bbox 1499 1888 1540 1932; x_wconf 87' lang='lat' dir='ltr'>ex</span> 
     </span>
     <span class='ocr_line' id='line_1_12' title="bbox 369 1974 1540 2065; baseline 0.003 -26"><span class='ocrx_word' id='word_1_99' title='bbox 369 1974 430 2040; x_wconf 90' lang='lat' dir='ltr'>ista</span> <span class='ocrx_word' id='word_1_100' title='bbox 456 1978 576 2059; x_wconf 87' lang='lat' dir='ltr'>praeda</span> <span class='ocrx_word' id='word_1_101' title='bbox 593 1997 661 2044; x_wconf 90' lang='lat' dir='ltr'>non</span> <span class='ocrx_word' id='word_1_102' title='bbox 679 1997 776 2061; x_wconf 90' lang='lat' dir='ltr'>posse</span> <span class='ocrx_word' id='word_1_103' title='bbox 797 1979 957 2044; x_wconf 82' lang='lat' dir='ltr'>resarciri.</span> <span class='ocrx_word' id='word_1_104' title='bbox 1005 1979 1140 2065; x_wconf 88' lang='lat' dir='ltr'>Quanto</span> <span class='ocrx_word' id='word_1_105' title='bbox 1161 1978 1263 2063; x_wconf 90' lang='lat' dir='ltr'>igitur</span> <span class='ocrx_word' id='word_1_106' title='bbox 1281 1980 1356 2061; x_wconf 89' lang='lat' dir='ltr'>pius</span> <span class='ocrx_word' id='word_1_107' title='bbox 1374 1977 1459 2062; x_wconf 74' lang='lat' dir='ltr'>iuris</span> <span class='ocrx_word' id='word_1_108' title='bbox 1480 1999 1540 2061; x_wconf 92' lang='lat' dir='ltr'>pu·</span> 
     </span>
     <span class='ocr_line' id='line_1_13' title="bbox 369 2087 1540 2173; baseline 0.003 -23"><span class='ocrx_word' id='word_1_109' title='bbox 369 2087 460 2153; x_wconf 87' lang='lat' dir='ltr'>tandi</span> <span class='ocrx_word' id='word_1_110' title='bbox 492 2104 570 2154; x_wconf 91' lang='lat' dir='ltr'>sunt</span> <span class='ocrx_word' id='word_1_111' title='bbox 598 2089 740 2156; x_wconf 89' lang='lat' dir='ltr'>Ordines</span> <span class='ocrx_word' id='word_1_112' title='bbox 771 2090 949 2171; x_wconf 85' lang='lat' dir='ltr'>habuisse,</span> <span class='ocrx_word' id='word_1_113' title='bbox 983 2090 1041 2172; x_wconf 86' lang='lat' dir='ltr'>qui</span> <span class='ocrx_word' id='word_1_114' title='bbox 1063 2104 1095 2156; x_wconf 92' lang='lat' dir='ltr'>et</span> <span class='ocrx_word' id='word_1_115' title='bbox 1114 2090 1170 2154; x_wconf 90' lang='lat' dir='ltr'>illa</span> <span class='ocrx_word' id='word_1_116' title='bbox 1189 2089 1258 2173; x_wconf 91' lang='lat' dir='ltr'>ipsa</span> <span class='ocrx_word' id='word_1_117' title='bbox 1278 2090 1393 2155; x_wconf 88' lang='lat' dir='ltr'>damna</span> <span class='ocrx_word' id='word_1_118' title='bbox 1413 2089 1540 2173; x_wconf 87' lang='lat' dir='ltr'>exigere</span> 
     </span>
     <span class='ocr_line' id='line_1_14' title="bbox 369 2200 1540 2283; baseline 0.001 -20"><span class='ocrx_word' id='word_1_119' title='bbox 369 2213 572 2280; x_wconf 90' lang='lat' dir='ltr'>potuerunt,</span> <span class='ocrx_word' id='word_1_120' title='bbox 608 2214 639 2265; x_wconf 92' lang='lat' dir='ltr'>et</span> <span class='ocrx_word' id='word_1_121' title='bbox 667 2200 729 2266; x_wconf 85' lang='lat' dir='ltr'>alia</span> <span class='ocrx_word' id='word_1_122' title='bbox 752 2201 885 2283; x_wconf 87' lang='lat' dir='ltr'>omnia,</span> <span class='ocrx_word' id='word_1_123' title='bbox 911 2219 995 2283; x_wconf 92' lang='lat' dir='ltr'>quae</span> <span class='ocrx_word' id='word_1_124' title='bbox 1019 2201 1106 2265; x_wconf 90' lang='lat' dir='ltr'>cives</span> <span class='ocrx_word' id='word_1_125' title='bbox 1130 2200 1181 2264; x_wconf 90' lang='lat' dir='ltr'>sui</span> <span class='ocrx_word' id='word_1_126' title='bbox 1211 2214 1318 2264; x_wconf 91' lang='lat' dir='ltr'>totum</span> <span class='ocrx_word' id='word_1_127' title='bbox 1340 2220 1397 2283; x_wconf 91' lang='lat' dir='ltr'>per</span> <span class='ocrx_word' id='word_1_128' title='bbox 1430 2201 1540 2264; x_wconf 91' lang='lat' dir='ltr'>orbem</span> 
     </span>
     <span class='ocr_line' id='line_1_15' title="bbox 369 2310 1539 2394; baseline 0.003 -22"><span class='ocrx_word' id='word_1_129' title='bbox 369 2328 405 2372; x_wconf 90' lang='lat' dir='ltr'>ac</span> <span class='ocrx_word' id='word_1_130' title='bbox 427 2310 601 2392; x_wconf 88' lang='lat' dir='ltr'>praecipue</span> <span class='ocrx_word' id='word_1_131' title='bbox 623 2311 757 2378; x_wconf 91' lang='lat' dir='ltr'>navium</span> <span class='ocrx_word' id='word_1_132' title='bbox 779 2312 812 2378; x_wconf 92' lang='lat' dir='ltr'>in</span> <span class='ocrx_word' id='word_1_133' title='bbox 833 2311 1004 2378; x_wconf 85' lang='lat' dir='ltr'>Lusitania</span> <span class='ocrx_word' id='word_1_134' title='bbox 1017 2311 1332 2394; x_wconf 89' lang='lat' dir='ltr'>apprehensionibus</span> <span class='ocrx_word' id='word_1_135' title='bbox 1344 2311 1432 2393; x_wconf 91' lang='lat' dir='ltr'>passi</span> <span class='ocrx_word' id='word_1_136' title='bbox 1444 2325 1539 2392; x_wconf 90' lang='lat' dir='ltr'>sunt,</span> 
     </span>
     <span class='ocr_line' id='line_1_16' title="bbox 370 2421 1592 2506; baseline 0.002 -22"><span class='ocrx_word' id='word_1_137' title='bbox 370 2435 401 2484; x_wconf 89' lang='lat' dir='ltr'>et</span> <span class='ocrx_word' id='word_1_138' title='bbox 423 2436 587 2503; x_wconf 87' lang='lat' dir='ltr'>praeterea</span> <span class='ocrx_word' id='word_1_139' title='bbox 606 2424 763 2489; x_wconf 87' lang='lat' dir='ltr'>mulctare</span> <span class='ocrx_word' id='word_1_140' title='bbox 783 2423 943 2506; x_wconf 86' lang='lat' dir='ltr'>condigne</span> <span class='ocrx_word' id='word_1_141' title='bbox 964 2439 1014 2489; x_wconf 94' lang='lat' dir='ltr'>tot</span> <span class='ocrx_word' id='word_1_142' title='bbox 1026 2426 1184 2489; x_wconf 89' lang='lat' dir='ltr'>malorum</span> <span class='ocrx_word' id='word_1_143' title='bbox 1198 2421 1357 2501; x_wconf 86' lang='lat' dir='ltr'>artifices,</span> <span class='ocrx_word' id='word_1_144' title='bbox 1375 2436 1539 2503; x_wconf 89' lang='lat' dir='ltr'>tamquam</span> <span class='ocrx_word' id='word_1_145' title='bbox 1580 2447 1592 2453; x_wconf 92' lang='lat'><strong>·</strong></span> 
     </span>
     <span class='ocr_line' id='line_1_17' title="bbox 369 2531 1542 2617; baseline 0.003 -23"><span class='ocrx_word' id='word_1_146' title='bbox 369 2531 457 2596; x_wconf 90' lang='lat' dir='ltr'>bello</span> <span class='ocrx_word' id='word_1_147' title='bbox 489 2532 616 2614; x_wconf 88' lang='lat' dir='ltr'>judices</span> <span class='ocrx_word' id='word_1_148' title='bbox 646 2533 838 2612; x_wconf 88' lang='lat' dir='ltr'>constituti,</span> <span class='ocrx_word' id='word_1_149' title='bbox 862 2555 898 2598; x_wconf 91' lang='lat' dir='ltr'>ac</span> <span class='ocrx_word' id='word_1_150' title='bbox 922 2534 1026 2601; x_wconf 91' lang='lat' dir='ltr'>totius</span> <span class='ocrx_word' id='word_1_151' title='bbox 1049 2535 1083 2600; x_wconf 92' lang='lat' dir='ltr'>in</span> <span class='ocrx_word' id='word_1_152' title='bbox 1105 2534 1271 2617; x_wconf 90' lang='lat' dir='ltr'>Hispanos</span> <span class='ocrx_word' id='word_1_153' title='bbox 1288 2532 1366 2598; x_wconf 89' lang='lat' dir='ltr'>belli</span> <span class='ocrx_word' id='word_1_154' title='bbox 1387 2533 1542 2598; x_wconf 90' lang='lat' dir='ltr'>immensa</span> 
     </span>
     <span class='ocr_line' id='line_1_18' title="bbox 211 2633 1538 2768; baseline 0.002 -63"><span class='ocrx_word' id='word_1_155' title='bbox 211 2640 424 2768; x_wconf 50' lang='lat' dir='ltr'>fagfogoltltffiila</span> <span class='ocrx_word' id='word_1_156' title='bbox 447 2642 615 2726; x_wconf 87' lang='lat' dir='ltr'>dispendia</span> <span class='ocrx_word' id='word_1_157' title='bbox 638 2633 848 2710; x_wconf 56' lang='lat' dir='ltr'>a&#39;Lusitanis</span> <span class='ocrx_word' id='word_1_158' title='bbox 870 2665 936 2710; x_wconf 90' lang='lat' dir='ltr'>non</span> <span class='ocrx_word' id='word_1_159' title='bbox 959 2645 1068 2712; x_wconf 92' lang='lat' dir='ltr'>minus</span> <span class='ocrx_word' id='word_1_160' title='bbox 1088 2667 1186 2727; x_wconf 91' lang='lat' dir='ltr'>quam</span> <span class='ocrx_word' id='word_1_161' title='bbox 1209 2646 1248 2710; x_wconf 92' lang='lat' dir='ltr'>ab</span> <span class='ocrx_word' id='word_1_162' title='bbox 1262 2643 1335 2734; x_wconf 39' lang='lat' dir='ltr'>aliisx</span> <span class='ocrx_word' id='word_1_163' title='bbox 1344 2645 1538 2728; x_wconf 77' lang='lat' dir='ltr'>reposcere?</span> 
     </span>
     <span class='ocr_line' id='line_1_19' title="bbox 369 2751 1541 2839; baseline 0.002 -21"><span class='ocrx_word' id='word_1_164' title='bbox 369 2754 491 2835; x_wconf 90' lang='lat' dir='ltr'>Neque</span> <span class='ocrx_word' id='word_1_165' title='bbox 514 2756 554 2821; x_wconf 91' lang='lat' dir='ltr'>de</span> <span class='ocrx_word' id='word_1_166' title='bbox 577 2756 725 2838; x_wconf 92' lang='lat' dir='ltr'>personis</span> <span class='ocrx_word' id='word_1_167' title='bbox 744 2757 812 2822; x_wconf 90' lang='lat' dir='ltr'>ulla</span> <span class='ocrx_word' id='word_1_168' title='bbox 843 2771 943 2822; x_wconf 90' lang='lat' dir='ltr'>restat</span> <span class='ocrx_word' id='word_1_169' title='bbox 971 2757 1155 2836; x_wconf 84' lang='lat' dir='ltr'>dubitatio,</span> <span class='ocrx_word' id='word_1_170' title='bbox 1180 2777 1254 2822; x_wconf 93' lang='lat' dir='ltr'>cum</span> <span class='ocrx_word' id='word_1_171' title='bbox 1284 2751 1424 2839; x_wconf 90' lang='lat' dir='ltr'>Hispani</span> <span class='ocrx_word' id='word_1_172' title='bbox 1446 2756 1541 2820; x_wconf 92' lang='lat' dir='ltr'>theo·</span> 
     </span>
     <span class='ocr_line' id='line_1_20' title="bbox 370 2864 1540 2949; baseline 0 -19"><span class='ocrx_word' id='word_1_173' title='bbox 370 2865 438 2949; x_wconf 89' lang='lat' dir='ltr'>logi</span> <span class='ocrx_word' id='word_1_174' title='bbox 455 2864 467 2900; x_wconf 79' lang='lat'>⁴</span> <span class='ocrx_word' id='word_1_175' title='bbox 487 2866 658 2932; x_wconf 89' lang='lat' dir='ltr'>verissima</span> <span class='ocrx_word' id='word_1_176' title='bbox 675 2866 719 2932; x_wconf 91' lang='lat' dir='ltr'>sit</span> <span class='ocrx_word' id='word_1_177' title='bbox 739 2869 818 2932; x_wconf 88' lang='lat' dir='ltr'>haec</span> <span class='ocrx_word' id='word_1_178' title='bbox 838 2867 1000 2933; x_wconf 90' lang='lat' dir='ltr'>sententia</span> <span class='ocrx_word' id='word_1_179' title='bbox 1021 2882 1054 2932; x_wconf 92' lang='lat' dir='ltr'>et</span> <span class='ocrx_word' id='word_1_180' title='bbox 1073 2869 1112 2943; x_wconf 83' lang='lat' dir='ltr'>ab</span> <span class='ocrx_word' id='word_1_181' title='bbox 1137 2866 1289 2933; x_wconf 90' lang='lat' dir='ltr'>omnibus</span> <span class='ocrx_word' id='word_1_182' title='bbox 1313 2867 1540 2949; x_wconf 90' lang='lat' dir='ltr'>comprobata,</span> 
     </span>
     <span class='ocr_line' id='line_1_21' title="bbox 370 2967 1541 3061; baseline -0.001 -20"><span class='ocrx_word' id='word_1_183' title='bbox 370 2976 398 3041; x_wconf 93' lang='lat' dir='ltr'>si</span> <span class='ocrx_word' id='word_1_184' title='bbox 428 2978 541 3044; x_wconf 91' lang='lat' dir='ltr'>hostes</span> <span class='ocrx_word' id='word_1_185' title='bbox 561 2978 669 3043; x_wconf 85' lang='lat' dir='ltr'>nolint</span> <span class='ocrx_word' id='word_1_186' title='bbox 692 2979 862 3046; x_wconf 83' lang='lat' dir='ltr'>restituere</span> <span class='ocrx_word' id='word_1_187' title='bbox 884 2979 936 3059; x_wconf 89' lang='lat' dir='ltr'>id,</span> <span class='ocrx_word' id='word_1_188' title='bbox 961 2967 1052 3061; x_wconf 90' lang='lat' dir='ltr'>quod</span> <span class='ocrx_word' id='word_1_189' title='bbox 1075 2978 1195 3044; x_wconf 91' lang='lat' dir='ltr'>debent</span> <span class='ocrx_word' id='word_1_190' title='bbox 1218 2992 1251 3043; x_wconf 90' lang='lat' dir='ltr'>et</span> <span class='ocrx_word' id='word_1_191' title='bbox 1272 2997 1338 3044; x_wconf 90' lang='lat' dir='ltr'>non</span> <span class='ocrx_word' id='word_1_192' title='bbox 1358 2977 1464 3060; x_wconf 88' lang='lat' dir='ltr'>possit</span> <span class='ocrx_word' id='word_1_193' title='bbox 1483 2975 1541 3058; x_wconf 91' lang='lat' dir='ltr'>qui</span> 
     </span>
     <span class='ocr_line' id='line_1_22' title="bbox 369 3088 1542 3173; baseline 0.003 -21"><span class='ocrx_word' id='word_1_194' title='bbox 369 3089 476 3154; x_wconf 90' lang='lat' dir='ltr'>laesus</span> <span class='ocrx_word' id='word_1_195' title='bbox 507 3104 557 3155; x_wconf 88' lang='lat' dir='ltr'>est</span> <span class='ocrx_word' id='word_1_196' title='bbox 586 3090 717 3155; x_wconf 87' lang='lat' dir='ltr'>aliunde</span> <span class='ocrx_word' id='word_1_197' title='bbox 748 3091 918 3156; x_wconf 92' lang='lat' dir='ltr'>commode</span> <span class='ocrx_word' id='word_1_198' title='bbox 949 3095 1158 3173; x_wconf 82' lang='lat' dir='ltr'>recuperare,</span> <span class='ocrx_word' id='word_1_199' title='bbox 1194 3089 1414 3170; x_wconf 89' lang='lat' dir='ltr'>undecunque</span> <span class='ocrx_word' id='word_1_200' title='bbox 1448 3088 1542 3156; x_wconf 87' lang='lat' dir='ltr'>satis·</span> 
     </span>
     <span class='ocr_line' id='line_1_23' title="bbox 369 3197 1542 3284; baseline 0 -21"><span class='ocrx_word' id='word_1_201' title='bbox 369 3197 543 3266; x_wconf 83' lang='lat' dir='ltr'>factionem</span> <span class='ocrx_word' id='word_1_202' title='bbox 566 3220 663 3283; x_wconf 89' lang='lat' dir='ltr'>posse</span> <span class='ocrx_word' id='word_1_203' title='bbox 685 3201 852 3284; x_wconf 89' lang='lat' dir='ltr'>accipere,</span> <span class='ocrx_word' id='word_1_204' title='bbox 878 3201 947 3267; x_wconf 91' lang='lat' dir='ltr'>sive</span> <span class='ocrx_word' id='word_1_205' title='bbox 968 3222 985 3266; x_wconf 91' lang='lat' dir='ltr'>a</span> <span class='ocrx_word' id='word_1_206' title='bbox 1008 3199 1223 3281; x_wconf 90' lang='lat' dir='ltr'>nocentibus,</span> <span class='ocrx_word' id='word_1_207' title='bbox 1248 3199 1317 3266; x_wconf 91' lang='lat' dir='ltr'>siue</span> <span class='ocrx_word' id='word_1_208' title='bbox 1335 3200 1375 3266; x_wconf 92' lang='lat' dir='ltr'>ab</span> <span class='ocrx_word' id='word_1_209' title='bbox 1388 3199 1542 3265; x_wconf 90' lang='lat' dir='ltr'>innocen-</span> 
     </span>
     <span class='ocr_line' id='line_1_24' title="bbox 369 3310 1546 3397; baseline -0.002 -21"><span class='ocrx_word' id='word_1_210' title='bbox 369 3311 468 3377; x_wconf 91' lang='lat' dir='ltr'>tibus.</span> <span class='ocrx_word' id='word_1_211' title='bbox 510 3312 570 3383; x_wconf 81' lang='lat' dir='ltr'>,Ut</span> <span class='ocrx_word' id='word_1_212' title='bbox 602 3316 653 3394; x_wconf 89' lang='lat' dir='ltr'>si,</span> <span class='ocrx_word' id='word_1_213' title='bbox 685 3311 816 3393; x_wconf 89' lang='lat' dir='ltr'>inquit,</span> <span class='ocrx_word' id='word_1_214' title='bbox 850 3312 997 3378; x_wconf 92' lang='lat' dir='ltr'>latrones</span> <span class='ocrx_word' id='word_1_215' title='bbox 1032 3311 1129 3388; x_wconf 85' lang='lat' dir='ltr'>Galli</span> <span class='ocrx_word' id='word_1_216' title='bbox 1150 3313 1301 3396; x_wconf 86' lang='lat' dir='ltr'>fecerint</span> <span class='ocrx_word' id='word_1_217' title='bbox 1327 3310 1475 3397; x_wconf 79' lang='lat' dir='ltr'>praedas</span> <span class='ocrx_word' id='word_1_218' title='bbox 1504 3314 1546 3383; x_wconf 65' lang='lat' dir='ltr'>inx</span> 
     </span>
     <span class='ocr_line' id='line_1_25' title="bbox 371 3421 1544 3508; baseline 0.001 -22"><span class='ocrx_word' id='word_1_219' title='bbox 371 3442 492 3508; x_wconf 87' lang='lat' dir='ltr'>agrum</span> <span class='ocrx_word' id='word_1_220' title='bbox 515 3423 763 3508; x_wconf 80' lang='lat' dir='ltr'>Hispanorum,</span> <span class='ocrx_word' id='word_1_221' title='bbox 788 3437 818 3487; x_wconf 93' lang='lat' dir='ltr'>et</span> <span class='ocrx_word' id='word_1_222' title='bbox 844 3445 905 3488; x_wconf 84' lang='lat' dir='ltr'>rex</span> <span class='ocrx_word' id='word_1_223' title='bbox 930 3423 1141 3488; x_wconf 81' lang='lat' dir='ltr'>Francorum</span> <span class='ocrx_word' id='word_1_224' title='bbox 1163 3423 1247 3488; x_wconf 89' lang='lat' dir='ltr'>nolit</span> <span class='ocrx_word' id='word_1_225' title='bbox 1270 3443 1381 3508; x_wconf 85' lang='lat' dir='ltr'>cogere</span> <span class='ocrx_word' id='word_1_226' title='bbox 1400 3423 1475 3486; x_wconf 91' lang='lat' dir='ltr'>illos</span> <span class='ocrx_word' id='word_1_227' title='bbox 1496 3421 1544 3487; x_wconf 84' lang='lat' dir='ltr'>ad</span> 
     </span>
     <span class='ocr_line' id='line_1_26' title="bbox 371 3534 1541 3621; baseline -0.001 -26"><span class='ocrx_word' id='word_1_228' title='bbox 371 3536 614 3597; x_wconf 87' lang='lat' dir='ltr'>restitutionem</span> <span class='ocrx_word' id='word_1_229' title='bbox 645 3554 718 3598; x_wconf 91' lang='lat' dir='ltr'>cum</span> <span class='ocrx_word' id='word_1_230' title='bbox 732 3540 861 3620; x_wconf 89' lang='lat' dir='ltr'>possit,</span> <span class='ocrx_word' id='word_1_231' title='bbox 878 3549 1018 3621; x_wconf 88' lang='lat' dir='ltr'>possunt</span> <span class='ocrx_word' id='word_1_232' title='bbox 1041 3535 1187 3620; x_wconf 80' lang='lat' dir='ltr'>Hispani</span> <span class='ocrx_word' id='word_1_233' title='bbox 1210 3537 1417 3598; x_wconf 86' lang='lat' dir='ltr'>auctoritate</span> <span class='ocrx_word' id='word_1_234' title='bbox 1437 3534 1541 3598; x_wconf 87' lang='lat' dir='ltr'>Prin-</span> 
     </span>
     <span class='ocr_line' id='line_1_27' title="bbox 368 3644 1540 3730; baseline -0.002 -22"><span class='ocrx_word' id='word_1_235' title='bbox 368 3648 450 3730; x_wconf 87' lang='lat' dir='ltr'>cipis</span> <span class='ocrx_word' id='word_1_236' title='bbox 474 3645 618 3729; x_wconf 88' lang='lat' dir='ltr'>spoliare</span> <span class='ocrx_word' id='word_1_237' title='bbox 641 3659 839 3710; x_wconf 77' lang='lat' dir='ltr'>mercatores</span> <span class='ocrx_word' id='word_1_238' title='bbox 872 3644 989 3710; x_wconf 85' lang='lat' dir='ltr'>Gallos</span> <span class='ocrx_word' id='word_1_239' title='bbox 1021 3659 1083 3710; x_wconf 82' lang='lat' dir='ltr'>aret</span> <span class='ocrx_word' id='word_1_240' title='bbox 1105 3644 1272 3730; x_wconf 83' lang='lat' dir='ltr'>agricolas</span> <span class='ocrx_word' id='word_1_241' title='bbox 1296 3657 1540 3728; x_wconf 87' lang='lat' dir='ltr'>quantumcun-</span> 
     </span>
     <span class='ocr_line' id='line_1_28' title="bbox 365 3754 1540 3842; baseline -0.001 -24"><span class='ocrx_word' id='word_1_242' title='bbox 365 3776 431 3840; x_wconf 78' lang='lat' dir='ltr'>que</span> <span class='ocrx_word' id='word_1_243' title='bbox 461 3758 665 3822; x_wconf 89' lang='lat' dir='ltr'>innocentes:</span> <span class='ocrx_word' id='word_1_244' title='bbox 700 3761 781 3841; x_wconf 86' lang='lat' dir='ltr'>qaia</span> <span class='ocrx_word' id='word_1_245' title='bbox 813 3757 890 3821; x_wconf 90' lang='lat' dir='ltr'>licet</span> <span class='ocrx_word' id='word_1_246' title='bbox 910 3756 1007 3839; x_wconf 89' lang='lat' dir='ltr'>forte</span> <span class='ocrx_word' id='word_1_247' title='bbox 1026 3777 1047 3820; x_wconf 92' lang='lat' dir='ltr'>a</span> <span class='ocrx_word' id='word_1_248' title='bbox 1071 3758 1241 3840; x_wconf 88' lang='lat' dir='ltr'>principio</span> <span class='ocrx_word' id='word_1_249' title='bbox 1270 3754 1455 3842; x_wconf 82' lang='lat' dir='ltr'>respublica</span> <span class='ocrx_word' id='word_1_250' title='bbox 1479 3768 1540 3818; x_wconf 91' lang='lat' dir='ltr'>aut</span> 
     </span>
     <span class='ocr_line' id='line_1_29' title="bbox 368 3851 1539 3953; baseline -0.003 -22"><span class='ocrx_word' id='word_1_251' title='bbox 368 3867 529 3953; x_wconf 80' lang='lat' dir='ltr'>Princeps</span> <span class='ocrx_word' id='word_1_252' title='bbox 555 3851 733 3935; x_wconf 80' lang='lat' dir='ltr'>Gallorum</span> <span class='ocrx_word' id='word_1_253' title='bbox 755 3889 818 3932; x_wconf 88' lang='lat' dir='ltr'>nou</span> <span class='ocrx_word' id='word_1_254' title='bbox 833 3867 949 3951; x_wconf 82' lang='lat' dir='ltr'>feeerit</span> <span class='ocrx_word' id='word_1_255' title='bbox 977 3870 1013 3930; x_wconf 89' lang='lat' dir='ltr'>in</span> <span class='ocrx_word' id='word_1_256' title='bbox 1045 3865 1164 3951; x_wconf 87' lang='lat' dir='ltr'>eulpa,</span> <span class='ocrx_word' id='word_1_257' title='bbox 1189 3867 1266 3949; x_wconf 85' lang='lat' dir='ltr'>jam</span> <span class='ocrx_word' id='word_1_258' title='bbox 1293 3879 1340 3928; x_wconf 90' lang='lat' dir='ltr'>est</span> <span class='ocrx_word' id='word_1_259' title='bbox 1362 3869 1398 3928; x_wconf 90' lang='lat' dir='ltr'>in</span> <span class='ocrx_word' id='word_1_260' title='bbox 1419 3865 1539 3950; x_wconf 88' lang='lat' dir='ltr'>eulpa,</span> 
     </span>
     <span class='ocr_line' id='line_1_30' title="bbox 371 3975 1541 4073; baseline -0.003 -29"><span class='ocrx_word' id='word_1_261' title='bbox 371 3984 452 4064; x_wconf 85' lang='lat' dir='ltr'>quia</span> <span class='ocrx_word' id='word_1_262' title='bbox 486 3980 627 4066; x_wconf 81' lang='lat' dir='ltr'>negligit</span> <span class='ocrx_word' id='word_1_263' title='bbox 659 3979 857 4059; x_wconf 75' lang='lat' dir='ltr'>vindicare,</span> <span class='ocrx_word' id='word_1_264' title='bbox 894 3991 931 4041; x_wconf 89' lang='lat' dir='ltr'>ut</span> <span class='ocrx_word' id='word_1_265' title='bbox 962 3981 1013 4042; x_wconf 88' lang='lat' dir='ltr'>ait</span> <span class='ocrx_word' id='word_1_266' title='bbox 1035 3976 1266 4062; x_wconf 81' lang='lat' dir='ltr'>Augustinus,</span> <span class='ocrx_word' id='word_1_267' title='bbox 1291 3975 1379 4073; x_wconf 65' lang='lat' dir='ltr'>quod</span> <span class='ocrx_word' id='word_1_268' title='bbox 1396 3977 1541 4061; x_wconf 87' lang='lat' dir='ltr'>improbe</span> 
     </span>
     <span class='ocr_line' id='line_1_31' title="bbox 369 4086 1539 4174; baseline -0.003 -19"><span class='ocrx_word' id='word_1_269' title='bbox 369 4113 391 4155; x_wconf 90' lang='lat' dir='ltr'>a</span> <span class='ocrx_word' id='word_1_270' title='bbox 414 4094 482 4155; x_wconf 89' lang='lat' dir='ltr'>suis</span> <span class='ocrx_word' id='word_1_271' title='bbox 496 4090 632 4174; x_wconf 89' lang='lat' dir='ltr'>sactum</span> <span class='ocrx_word' id='word_1_272' title='bbox 656 4104 778 4154; x_wconf 78' lang='lat' dir='ltr'>estrat</span> <span class='ocrx_word' id='word_1_273' title='bbox 801 4090 961 4172; x_wconf 89' lang='lat' dir='ltr'>Princeps</span> <span class='ocrx_word' id='word_1_274' title='bbox 984 4088 1090 4152; x_wconf 89' lang='lat' dir='ltr'>laesus</span> <span class='ocrx_word' id='word_1_275' title='bbox 1107 4100 1216 4173; x_wconf 89' lang='lat' dir='ltr'>potest</span> <span class='ocrx_word' id='word_1_276' title='bbox 1229 4108 1269 4152; x_wconf 82' lang='lat' dir='ltr'>ea</span> <span class='ocrx_word' id='word_1_277' title='bbox 1292 4090 1379 4151; x_wconf 90' lang='lat' dir='ltr'>omni</span> <span class='ocrx_word' id='word_1_278' title='bbox 1399 4086 1539 4151; x_wconf 88' lang='lat' dir='ltr'>membro</span> 
     </span>
    </p>
   </div>
   <div class='ocr_carea' id='block_1_3' title="bbox 368 4366 1541 4525">
    <p class='ocr_par' dir='ltr' id='par_1_3' title="bbox 368 4366 1541 4525">
     <span class='ocr_line' id='line_1_32' title="bbox 402 4366 1541 4434; baseline -0.006 -11"><span class='ocrx_word' id='word_1_279' title='bbox 402 4373 507 4422; x_wconf 88' lang='lat' dir='ltr'>¹Mart.</span> <span class='ocrx_word' id='word_1_280' title='bbox 531 4375 608 4423; x_wconf 85' lang='lat' dir='ltr'>Laud.</span> <span class='ocrx_word' id='word_1_281' title='bbox 633 4374 758 4422; x_wconf 85' lang='lat' dir='ltr'>debello.</span> <span class='ocrx_word' id='word_1_282' title='bbox 781 4387 806 4420; x_wconf 91' lang='lat' dir='ltr'>n.</span> <span class='ocrx_word' id='word_1_283' title='bbox 832 4386 872 4434; x_wconf 83' lang='lat'>29.</span> <span class='ocrx_word' id='word_1_284' title='bbox 890 4373 920 4419; x_wconf 91' lang='lat' dir='ltr'>V.</span> <span class='ocrx_word' id='word_1_285' title='bbox 940 4373 1015 4419; x_wconf 89' lang='lat' dir='ltr'>Gent.</span> <span class='ocrx_word' id='word_1_286' title='bbox 1034 4369 1079 4417; x_wconf 90' lang='lat' dir='ltr'>lib.</span> <span class='ocrx_word' id='word_1_287' title='bbox 1099 4384 1122 4417; x_wconf 88' lang='lat'>2.</span> <span class='ocrx_word' id='word_1_288' title='bbox 1141 4383 1165 4416; x_wconf 91' lang='lat' dir='ltr'>c.</span> <span class='ocrx_word' id='word_1_289' title='bbox 1185 4383 1208 4417; x_wconf 86' lang='lat' dir='ltr'>a.</span> <span class='ocrx_word' id='word_1_290' title='bbox 1242 4366 1308 4416; x_wconf 79' lang='lat' dir='ltr'>²De</span> <span class='ocrx_word' id='word_1_291' title='bbox 1326 4382 1378 4429; x_wconf 92' lang='lat' dir='ltr'>quo</span> <span class='ocrx_word' id='word_1_292' title='bbox 1398 4368 1457 4418; x_wconf 88' lang='lat' dir='ltr'>vide</span> <span class='ocrx_word' id='word_1_293' title='bbox 1475 4368 1541 4416; x_wconf 88' lang='lat' dir='ltr'>infra</span> 
     </span>
     <span class='ocr_line' id='line_1_33' title="bbox 368 4458 1540 4525; baseline -0.006 -12"><span class='ocrx_word' id='word_1_294' title='bbox 368 4465 395 4513; x_wconf 88' lang='lat' dir='ltr'>in</span> <span class='ocrx_word' id='word_1_295' title='bbox 418 4477 490 4525; x_wconf 86' lang='lat' dir='ltr'>parte</span> <span class='ocrx_word' id='word_1_296' title='bbox 514 4477 570 4524; x_wconf 86' lang='lat' dir='ltr'>cap.</span> <span class='ocrx_word' id='word_1_297' title='bbox 594 4465 713 4513; x_wconf 87' lang='lat' dir='ltr'>secunda.</span> <span class='ocrx_word' id='word_1_298' title='bbox 746 4461 757 4494; x_wconf 85' lang='lat'>³</span> <span class='ocrx_word' id='word_1_299' title='bbox 782 4465 813 4510; x_wconf 83' lang='lat' dir='ltr'>V.</span> <span class='ocrx_word' id='word_1_300' title='bbox 839 4476 861 4511; x_wconf 92' lang='lat' dir='ltr'>c.</span> <span class='ocrx_word' id='word_1_301' title='bbox 888 4475 927 4510; x_wconf 87' lang='lat' dir='ltr'>ra.</span> <span class='ocrx_word' id='word_1_302' title='bbox 951 4474 1057 4509; x_wconf 86' lang='lat' dir='ltr'>examen</span> <span class='ocrx_word' id='word_1_303' title='bbox 1082 4473 1114 4508; x_wconf 83' lang='lat' dir='ltr'>ex</span> <span class='ocrx_word' id='word_1_304' title='bbox 1132 4462 1223 4508; x_wconf 90' lang='lat' dir='ltr'>eodem</span> <span class='ocrx_word' id='word_1_305' title='bbox 1241 4459 1359 4509; x_wconf 86' lang='lat' dir='ltr'>articulo.</span> <span class='ocrx_word' id='word_1_306' title='bbox 1392 4458 1488 4506; x_wconf 89' lang='lat' dir='ltr'>⁴Vict.</span> <span class='ocrx_word' id='word_1_307' title='bbox 1508 4460 1540 4506; x_wconf 87' lang='lat' dir='ltr'>de</span> 
     </span>
    </p>
   </div>
   <div class='ocr_carea' id='block_1_4' title="bbox 358 4553 614 4616">
    <p class='ocr_par' dir='ltr' id='par_1_4' title="bbox 358 4553 614 4616">
     <span class='ocr_line' id='line_1_34' title="bbox 358 4553 614 4616; baseline -0.008 -13"><span class='ocrx_word' id='word_1_308' title='bbox 358 4553 422 4613; x_wconf 62' lang='lat' dir='ltr'>,jure</span> <span class='ocrx_word' id='word_1_309' title='bbox 441 4555 511 4603; x_wconf 88' lang='lat' dir='ltr'>belli.</span> <span class='ocrx_word' id='word_1_310' title='bbox 529 4569 554 4602; x_wconf 92' lang='lat' dir='ltr'>n.</span> <span class='ocrx_word' id='word_1_311' title='bbox 572 4568 614 4616; x_wconf 86' lang='lat'>41·</span> 
     </span>
    </p>
   </div>
   <div class='ocr_carea' id='block_1_5' title="bbox 0 0 1774 5692">
    <p class='ocr_par' dir='ltr' id='par_1_5' title="bbox 0 0 1774 5692">
     <span class='ocr_line' id='line_1_35' title="bbox 0 0 1774 5692; baseline 0 0"><span class='ocrx_word' id='word_1_312' title='bbox 0 0 1774 5692; x_wconf 95' lang='lat' dir='ltr'> </span> 
     </span>
    </p>
   </div>
  </div>
 </body>
</html>
