3530 5656
329 629 373 692 60
641 646 686 692 os
710 645 802 710 June
831 643 1012 692 russone.
1037 644 1116 692 cnr.
1140 644 1189 690 vr.

328 819 432 882 pore,
457 814 495 863 ut
515 817 633 880 corpus
644 797 688 864 sit
708 798 799 880 quod
811 799 919 864 auimo
932 797 1089 864 inserviat
1109 799 1131 866 ¹.
1156 797 1230 864 Hoc
1243 797 1349 880 ipsum
1362 813 1503 865 etmem·

328 911 460 976 brorum
482 931 561 977 usus
583 909 725 984 indicat,
737 909 911 992 praecipue
923 928 1076 974 manuum
1090 905 1125 991 ²,
1151 928 1232 991 quas
1244 910 1422 976 exserendo
1443 929 1504 976 nos

327 1021 417 1103 ipsos
440 1036 591 1099 tuemur,
615 1019 793 1105 injiciendo
817 1039 883 1086 rem
905 1035 942 1085 ut
959 1035 1103 1086 nostram
1114 1019 1338 1086 vindicamus:
1359 1022 1503 1086 naturale

326 1145 376 1196 est
393 1145 610 1214 praetereant
626 1133 708 1196 alter
729 1130 820 1196 alteri
833 1128 1073 1196 benefaciamus
1090 1145 1189 1213 atque
1206 1149 1300 1213 opem
1314 1128 1456 1197 feramus
1477 1130 1501 1198 ⁸.

326 1241 410 1307 Nam
432 1242 523 1325 quod
543 1243 639 1308 nobis
657 1241 882 1306 laborantibus
905 1239 974 1306 fieri
1003 1239 1169 1321 velimus,
1193 1241 1277 1306 idem
1300 1255 1386 1307 recte
1409 1241 1502 1308 alteri

326 1353 563 1435 praestabimus
584 1357 607 1412 ⁴.
651 1352 722 1418 Nec
749 1354 831 1418 male
861 1351 980 1434 quide
1010 1350 1130 1417 officiis
1160 1352 1361 1434 scripserunt
1383 1347 1396 1383 ⁵
1420 1351 1503 1433 illud

325 1463 548 1532 demonstrant
570 1465 643 1531 Deo
664 1462 851 1546 placuisse,
874 1481 914 1528 ne
936 1461 1017 1544 quid
1037 1477 1114 1545 post
1137 1462 1243 1544 ipsum
1267 1461 1393 1527 homini
1417 1476 1503 1528 esset

327 1573 442 1639 utilius
465 1574 610 1639 homine.
657 1574 743 1638 Sunt
770 1587 878 1639 autem
909 1571 1039 1638 diversa
1064 1572 1148 1639 inter
1168 1572 1317 1639 homines
1338 1573 1502 1638 societatis

325 1684 510 1765 vocabula,
534 1683 713 1749 secundum
737 1701 820 1764 quae
833 1697 865 1748 et
877 1683 1007 1767 cognati
1027 1683 1068 1748 ad
1088 1703 1183 1766 opem
1199 1681 1362 1750 ferendam
1384 1697 1503 1749 coeunt

326 1808 361 1859 et
390 1793 491 1861 vicini
511 1792 755 1859 inclamantur⁸
779 1808 812 1858 et
841 1794 872 1858 in
908 1793 1097 1859 universum
1119 1811 1233 1859 omnes
1257 1793 1401 1878 ejusdem
1423 1793 1502 1859 civi-

322 1904 405 1970 tatis
425 1903 513 1970 cives
533 1909 564 1970 ⁷:
587 1906 675 1971 unde
698 1903 780 1969 illud
801 1903 834 1968 in
855 1903 962 1970 scenis
983 1903 1092 1968 Porro
1115 1900 1266 1986 Quirites
1287 1909 1309 1970 ³.
1340 1904 1387 1969 Et
1408 1905 1502 1970 Solo·

326 2033 401 2079 nem
423 2013 468 2080 ita
488 2014 639 2082 docuisse
660 2015 842 2097 accepimus
864 2015 989 2080 beatam
1011 2012 1081 2078 fore
1103 2013 1361 2097 rempublicam,
1384 2014 1417 2078 in
1439 2035 1502 2097 qua

327 2124 448 2191 alienas
471 2125 613 2208 quisque
641 2125 776 2210 injurias
803 2144 880 2192 suas
901 2123 1107 2190 existimaret.
1153 2125 1364 2190 Democritus
1385 2125 1417 2189 ⁹:
1440 2131 1502 2194 eilr-

326 2239 480 2319 κονμένοισι
507 2249 638 2322 τιμωρεῖν
664 2243 745 2306 κοινοὶ
764 2240 884 2319 δύνομιν
902 2239 959 2320 χρὴ
988 2238 1039 2304 eei
1068 2241 1111 2318 μὴ
1139 2239 1278 2319 erepebat.
1313 2240 1346 2304 τὸ
1368 2239 1422 2318 μὲν
1442 2240 1502 2318 γὰρ

325 2354 433 2415 τοιοῦτο
455 2351 559 2416 diaetae
581 2349 876 2427 miseresceret}
898 2349 940 2428 μὲν
962 2352 1069 2415 τοιοῦτο
1091 2348 1185 2414 ἄδικον
1205 2349 1254 2414 eei
1275 2347 1373 2413 κοινόν.
1408 2345 1501 2429 leju-

328 2459 384 2519 eie
414 2470 577 2540 oppressos
604 2455 779 2540 defendere
795 2471 858 2540 pro
880 2455 1010 2521 viribus
1033 2469 1159 2540 oportet
1182 2469 1213 2520 et
1229 2476 1293 2520 non
1312 2455 1500 2542 negligere:

326 2563 418 2630 illud
436 2569 520 2629 enim
531 2568 664 2650 justum
691 2567 958 2652 bonumeam,
977 2567 1036 2630 hoc
1054 2585 1131 2634 aero
1149 2567 1309 2651 injustum
1322 2579 1353 2630 et
1365 2566 1500 2632 malum.

326 2675 371 2739 Et
390 2675 578 2742 Aristotelis
600 2673 624 2712 ¹⁰
647 2692 696 2741 est
715 2677 883 2761 egregium
902 2677 1046 2742 dictum:
1070 2681 1114 2746 δεῖ
1130 2681 1195 2752 τοὺς
1217 2679 1412 2760 ἀδικουμένους
1433 2681 1502 2761 ὑπὲρ

325 2791 433 2855 ἐννοιῶν
461 2797 598 2871 πολεμεῖν
624 2790 642 2866 ἢ
670 2792 739 2872 ὑπὲρ
767 2797 915 2868 συγγενῶν
946 2791 963 2867 ἢ
996 2792 1065 2872 ὑπὲρ
1098 2792 1253 2871 εὐεργετῶν
1284 2789 1300 2864 ἢ
1332 2788 1501 2870 συμμάχοις

325 2901 511 2980 ἀδικουμένοις
534 2904 653 2981 βοηθεῖν.
679 2898 841 2984 -Oportet
870 2912 932 2968 aet
958 2913 1023 2984 pro
1053 2918 1084 2962 se
1111 2918 1210 2962 erma
1231 2917 1357 2962 sumere
1378 2901 1501 2981 siquis

326 3007 491 3091 injuriam
513 3012 698 3093 acceperit,
718 3022 780 3072 aut
805 3023 869 3092 pro
895 3012 1044 3094 cognatis
1073 2983 1134 3072 aet
1151 3023 1216 3094 pro
1240 3007 1501 3092 benefactoribus

328 3130 389 3180 aut
407 3132 471 3202 pro
495 3119 628 3202 injuria
651 3117 779 3204 effectis
803 3119 1016 3183 auxiliariis.

372 3225 501 3294 Quodsi
521 3228 616 3293 ctiam
640 3245 764 3294 caetera
784 3229 892 3296 desint
916 3229 1068 3309 vincula,
1094 3243 1201 3293 tamen
1235 3227 1339 3294 totius
1368 3229 1500 3294 humani

328 3337 455 3422 generis
478 3339 616 3406 societas
637 3356 840 3423 naturaeque
859 3339 1045 3406 communio
1061 3341 1124 3405 hoc
1143 3337 1254 3420 efficit,
1279 3353 1319 3403 ut
1338 3341 1421 3404 mala
1430 3338 1501 3403 aliis

328 3449 417 3514 illata
440 3469 500 3514 nos
528 3450 621 3516 etiam
648 3467 792 3536 tangant.
841 3451 1040 3517 Hominibus
1064 3449 1147 3515 enim
1171 3449 1304 3514 humani
1329 3450 1411 3515 nihil
1426 3449 1502 3515 alie·

329 3580 406 3626 uum
431 3581 500 3628 esse
524 3562 636 3628 debet:
656 3564 740 3630 'adeo
766 3563 897 3646 quidem
931 3577 968 3628 ut
995 3564 1174 3644 praeclarae
1202 3575 1313 3644 gentes
1342 3561 1503 3645 theologi-

330 3692 394 3754 que
426 3686 459 3736 et
480 3672 706 3756 jurisconsulti
735 3695 801 3740 non
832 3674 982 3739 minimae
1010 3672 1212 3738 auctoritatis
1232 3672 1344 3738 multis
1374 3671 1502 3738 casibus

330 3782 514 3848 existiment
537 3785 734 3867 puniendam
755 3807 823 3852 esse
844 3807 955 3852 eorum
977 3784 1207 3870 negligentiam
1230 3783 1310 3866 qui,
1335 3804 1408 3849 cum
1427 3803 1503 3867 pos·

330 3973 527 3987 -—-—....-.

324 4105 331 4115 ·
364 4079 420 4125 ¹V.
447 4094 499 4140 reg.
519 4093 531 4136 5
550 4080 616 4128 etin
633 4079 684 4129 fine
703 4095 725 4128 c.
746 4096 769 4129 2.
805 4079 1037 4141 ²V.supraad1.
1056 4095 1078 4128 2.
1115 4081 1284 4128 ³V.nntel.
1304 4092 1326 4135 5.
1345 4081 1403 4128 et6
1421 4092 1445 4128 et
1472 4082 1503 4127 ad

328 4181 380 4228 reg.
400 4182 422 4225 3.
454 4168 465 4200 ⁴
482 4171 514 4218 V.
532 4173 669 4220 demonstr.
688 4173 760 4220 inart.
779 4187 803 4220 a.
819 4172 890 4220 attic.
908 4186 929 4219 1.
944 4175 1027 4220 concl.
1049 4186 1069 4219 r.
1087 4175 1201 4219 l.servus
1215 4171 1287 4218 eali.
1305 4173 1336 4218 de
1354 4171 1435 4218 servis
1459 4183 1502 4218 cx·

329 4271 396 4318 port.
416 4260 459 4321 [D.
480 4263 518 4308 18.
542 4274 565 4318 7.
581 4261 618 4324 7.]
655 4261 739 4310 ⁵Cic.
759 4277 790 4310 ex
808 4264 907 4310 Panact.
925 4265 957 4310 de
975 4263 1017 4310 off.
1036 4266 1053 4309 i.
1070 4276 1094 4309 a.
1114 4261 1150 4324 [c.
1165 4275 1188 4318 3.
1205 4263 1225 4322 §.
1247 4261 1298 4324 11.]
1335 4262 1390 4308 Cic.
1409 4263 1440 4309 de
1459 4261 1502 4308 off.
1589 4281 1591 4288 ·

330 4351 347 4397 l.
368 4362 390 4406 3.
410 4351 445 4411 [c.
464 4353 487 4398 6.
506 4356 527 4410 §-
547 4353 577 4400 26
596 4365 620 4400 et
640 4352 691 4416 27.]
727 4353 804 4402 ⁶Dd.
823 4355 853 4401 ad
871 4357 888 4400 l.
906 4354 927 4402 si
950 4353 1005 4411 quis
1025 4353 1050 4400 in
1063 4353 1149 4401 servit.
1168 4353 1192 4400 in
1213 4329 1314 4400 sinesii.
1341 4354 1372 4400 de
1388 4353 1437 4399 fur.
1460 4351 1503 4414 [D.

328 4453 370 4504 47.
388 4455 411 4488 ο.
430 4441 466 4505 7.]
498 4440 510 4480 7
527 4445 557 4491 V.
574 4447 590 4492 l.
609 4457 632 4502 7.
651 4459 673 4492 c.
693 4459 715 4492 2.
748 4442 759 4477 Β
780 4443 880 4506 [Laber.
899 4458 939 4503 ap.
959 4444 1073 4491 Macrob.
1093 4447 1142 4490 Sat.
1161 4445 1259 4490 l.a.vs.
1278 4443 1313 4503 7.]
1334 4441 1344 4473 ⁹
1364 4443 1415 4504 [ap.
1434 4442 1502 4490 Stob.

330 4531 356 4578 in
375 4531 450 4579 floril.
472 4535 488 4580 l.
504 4535 545 4592 46.
563 4549 587 4582 n.
605 4536 658 4596 43.]
696 4534 716 4566 ¹⁰
733 4537 808 4582 Rhet.
828 4537 858 4582 ad
874 4537 949 4582 Alex.
969 4547 990 4584 c.
1011 4548 1032 4591 3.
1054 4534 1090 4596 [p.
1111 4547 1182 4594 142⁵·
1204 4548 1224 4581 1.
1242 4547 1280 4581 vs.
1303 4533 1353 4594 ra]
